3442 5588
644 353 918 404 Puonusouuun
1402 352 1464 415 209

100 519 144 585 de
165 519 304 585 aliamm
326 539 539 586 cavernarum
562 520 679 584 tunicis
702 525 836 606 μήνιγγος
859 541 939 586 voce
958 520 1140 585 utebantur.
1174 522 1231 586 sed
1246 541 1340 586 nemo
1357 519 1466 586 hercle

101 641 247 705 unquam
268 623 375 706 ipsum
397 621 563 689 cerebrum
593 622 646 687 vel
669 623 863 689 cerebellum
886 623 1105 689 membranam
1129 623 1267 688 vocavit.
1311 643 1416 706 neque
1438 623 1465 687 si

101 724 175 806 quis
198 724 443 809 praevaricatus
458 724 598 790 Aetiana
621 731 770 806 torqueat
793 733 828 790 ut
850 727 885 809 ἣν
908 727 951 791 ad
966 725 1147 808 proximum
1165 726 1332 808 ἐπικρανίδα
1348 726 1467 792 reseret

101 834 136 891 et
159 826 322 913 ἐγκεφπλοο
345 828 379 892 id
396 847 468 895 esse
483 827 804 909 interpretamentum
821 829 970 912 explicet,
993 829 1167 911 quidquam
1183 826 1367 891 lucrabitur.
1395 848 1466 892 con-

101 936 171 994 stat
205 928 291 995 enim
325 930 495 1014 ἐπικρανίδα
528 950 626 993 unum
659 949 775 995 sonare
808 930 1002 995 cerebellum
1036 929 1465 1013 [cl.Galen.lll⁸28,1‘2].

101 1030 224 1097 erroris
246 1050 380 1097 causam
402 1030 488 1097 hanc
510 1032 656 1115 suspicor
677 1032 803 1115 pristini
826 1030 1020 1116 exemplaris
1043 1030 1214 1096 formulam
1236 1031 1379 1097 dedisse:
1403 1034 1467 1117 περὶ

102 1136 157 1218 τήν
179 1139 232 1198 τοῦ
260 1135 424 1219 ἐγκεφαλου
452 1136 575 1218 μήνιγγα
597 1136 617 1218 ή
640 1136 872 1220 παρεγκεφαλίδα
899 1137 934 1220 ἣν
963 1137 1010 1199 καί
1039 1136 1206 1219 ἐπικρανίδα
1232 1136 1378 1198 καλοῦσιν.
1423 1136 1469 1200 sic

102 1235 203 1301 bomo
227 1235 409 1300 umbratilis
432 1235 498 1299 labi
521 1244 658 1319 poterat.
692 1238 750 1302 aed
772 1239 883 1321 lapsus
905 1244 954 1303 est
971 1237 1067 1303 etiam
1084 1238 1200 1302 Pollux
1223 1236 1291 1301 sive
1307 1236 1466 1302 librarius.

102 1358 182 1404 nam
210 1337 363 1420 vulgatur
391 1337 450 1401 εἴτε
472 1337 539 1422 παρ’
567 1340 741 1424 ἐγκεφαλίδι.
785 1360 897 1406 vocem
925 1339 1017 1404 nihili
1043 1340 1243 1425 ἐγκεφαλίδος,
1273 1359 1370 1420 quam
1397 1339 1469 1405 tulit

104 1439 290 1524 Bekkerus,
312 1439 428 1507 leniter
453 1441 632 1507 coniunctis
647 1441 814 1508 vocabulis
834 1445 1057 1527 παρεγκεφαλίδι
1073 1441 1259 1507 emendarit
1281 1441 1316 1505 L.
1333 1443 1470 1508 Dindor-

102 1541 167 1607 fius
180 1541 215 1606 in
231 1540 411 1607 Thesauro:
434 1541 505 1626 ipse
520 1544 795 1627 praepositionem
810 1545 1026 1610 necessariam
1047 1543 1167 1608 addidi.
1203 1543 1346 1609 Soranus
1360 1551 1469 1610 autern

100 1644 167 1710 suit
193 1644 248 1728 qni
270 1650 386 1727 suopte
408 1651 511 1711 marte
534 1647 671 1729 μήνιγγας
696 1668 754 1730 pro
777 1647 932 1729 singulari
955 1666 1088 1712 numero
1107 1654 1252 1729 poneret.
1298 1667 1373 1712 nam
1397 1648 1471 1711 Ter·

102 1746 261 1812 tullianus
282 1766 411 1829 quoque
433 1750 466 1810 iu
487 1748 705 1812 membranulis
727 1749 833 1814 vertit.

195 1847 360 1931 Singulari
379 1846 510 1913 fortuna
531 1849 698 1936 contingit,
722 1858 756 1916 ut
771 1851 869 1917 etiam
886 1852 971 1916 ultra
986 1851 1144 1916 Soranum
1160 1850 1383 1933 quaestionem
1400 1872 1470 1935 pro·

104 1970 241 2017 movere
263 1949 370 2016 liceat.
414 1969 492 2016 nam
513 1972 586 2017 oum
608 1955 759 2020 Tulliana
782 1952 835 2037 [cf.
858 1973 888 2035 p.
907 1955 982 2035 202]
1006 1952 1186 2019 consimilia
1208 1953 1282 2036 sint,
1304 1953 1471 2035 antiquum

103 2052 233 2118 fontem
261 2052 352 2118 velut
378 2051 561 2120 odoramur.
605 2077 700 2138 quem
726 2060 884 2122 monstrat
906 2056 1025 2121 Sextus
1053 2056 1126 2121 adv.
1151 2053 1302 2119 matham.
1326 2056 1386 2120 Vll
1410 2056 1471 2120 313

104 2155 242 2239 ἐπείπερ
256 2153 283 2217 ai
297 2154 400 2217 ἑαυτὸν
423 2159 638 2243 καταλαμβάνει
661 2162 765 2230 όινούς
788 2159 835 2223 καὶ
859 2160 907 2221 τόν
929 2158 1017 2221 τόπον
1040 2159 1070 2221 ἐν
1093 2155 1195 2243 ᾦέστι
1212 2160 1472 2242 συγκαταλήφεται.

104 2261 166 2320 πᾶν
188 2257 243 2341 γὰρ
265 2256 299 2319 τό
322 2259 547 2343 καταλαμβάνω
570 2261 620 2324 σόν
643 2287 695 2326 τινι
718 2264 800 2348 τόπῳ
824 2262 1084 2345 καταλαμβάνεται.
1117 2258 1142 2321 εἰ
1166 2259 1198 2321 δὲ
1221 2261 1268 2322 καὶ
1290 2261 1339 2322 τδν
1353 2261 1472 2324 τόπονό

106 2363 176 2428 νοῦς
189 2360 240 2421 τὸν
256 2358 286 2420 ἐν
302 2354 328 2442 ᾦ
344 2355 405 2421 ἔστι
422 2364 692 2448 σογκαταλαμβαὶνει
709 2366 805 2449 ἑαυτῷ
821 2365 912 2448 ἐχρῆν
928 2365 969 2447 μὴ
985 2361 1194 2446 διαφωνεῖσθαι
1209 2365 1309 2424 τοῦτον
1321 2363 1400 2447 παρὰ
1414 2366 1473 2432 τοῖς

106 2459 336 2545 φιλοσόφοις,
359 2466 425 2522 τῶν
449 2462 510 2543 μὲν
532 2468 686 2550 κεφαλὴν
709 2466 880 2548 λεγόντων
903 2464 991 2528 εἶναι
1014 2470 1082 2526 τῶν
1105 2464 1142 2526 δὲ
1165 2463 1308 2547 θώρακα
1335 2467 1390 2528 καὶ
1417 2464 1468 2528 ἐπ’

107 2561 228 2632 εἴδους
257 2566 324 2623 τῶν
356 2561 416 2643 μὲν
444 2563 638 2649 ἐγκέφαλον
666 2574 732 2630 τῶν
760 2569 799 2630 δὲ
828 2570 975 2651 μήνιγγα
1003 2573 1107 2629 τινῶν
1130 2568 1168 2629 δὲ
1191 2568 1336 2650 καρδίαν
1359 2567 1474 2631 ἄλλων

107 2664 147 2727 δὲ
174 2664 310 2749 ήττατος
341 2663 453 2734 πόλος
483 2665 503 2749 ή
530 2691 562 2730 τι
590 2675 729 2733 τοιοῦτο
761 2669 866 2753 μέρος
894 2674 954 2731 τοῦ
983 2671 1157 2750 σώματος.
1190 2671 1366 2754 διαφωνοῦσι
1390 2671 1421 2732 δέ
1443 2695 1476 2752 γε

108 2767 176 2851 περὶ
199 2766 303 2829 τούτου
327 2768 354 2829 οἱ
377 2768 544 2850 δογματικοὶ
567 2776 625 2833 τῶν
647 2772 825 2856 φιλοσόφων.
860 2771 913 2834 οὐκ
935 2770 992 2854 ἄρα
1014 2774 1228 2856 καταλαμβάνει
1252 2774 1353 2835 ἑαυτὸν
1370 2774 1385 2834 ό
1401 2777 1477 2840 νοῦς.

110 2867 202 2951 quod
231 2866 310 2934 dicit
342 2871 453 2953 ἥπατος
486 2872 579 2942 πύλας
611 2873 654 2937 ιιι]
686 2874 814 2939 Platon.
837 2873 917 2937 lim.
942 2892 971 2953 p.
991 2872 1028 2934 il
1063 2879 1211 2955 spectare
1238 2873 1374 2938 videtur.
1420 2873 1477 2938 sed

108 2971 205 3036 novit
227 2976 263 3035 ut
285 2970 413 3036 Placita
436 2976 558 3057 μήνιγγα
581 2975 787 3058 singularem.
823 2974 998 3058 scepticum
1022 2976 1184 3056 quendam
1208 2976 1393 3059 (opinionum
1416 2975 1478 3038 dis-

108 3072 298 3140 sensionem
318 3073 527 3141 cavillantem
543 3096 601 3159 per
617 3085 824 3143 transennam
840 3077 962 3143 videas.
995 3098 1112 3142 nornen
1129 3079 1225 3160 paulo
1242 3077 1326 3143 infra
1342 3083 1479 3160 apparet

134 3175 200 3241 Vll
210 3176 273 3240 349
292 3176 383 3259 οἱμὲν
398 3178 488 3260 μηδέν
500 3200 586 3263 φασιν
598 3178 669 3243 εἶναι
681 3179 771 3263 αὐτὴν
796 3212 799 3301 γ

110 3276 170 3365 [se.
182 3274 320 3364 διάνοιαν]
333 3281 451 3366 ταρὰτδ
463 3285 526 3350 πῶς
534 3278 772 3366 ἔχονσιῖνμακαθ-

110 3384 190 3466 α’ττερ
203 3383 219 3445 ό
234 3382 446 3468 Δικαίαρχος
462 3384 489 3446 οἱ
506 3384 540 3446 δὲ
556 3381 628 3447 εἶναι
648 3385 700 3466 μὲν
712 3382 771 3447 ἔλο-

110 3509 164 3567 γον
187 3483 242 3548 οὐκ
263 3484 293 3547 ἐν
315 3491 358 3570 τῷ
381 3485 462 3571 αὐτῷ
487 3486 519 3548 δὲ
540 3485 622 3570 τόπῳ
644 3485 773 3571 περιέχε-
868 3481 1000 3547 Tertull.
1017 3501 1043 3545 c.
1058 3482 1098 3545 lb
1121 3478 1171 3567 [cf.
1189 3501 1219 3563 p.
1234 3479 1308 3566 203]
1330 3492 1362 3543 ut
1385 3503 1482 3564 raeque

112 3588 198 3663 σθαι,
220 3585 284 3650 ἀλλ’
303 3589 330 3650 οἱ
347 3589 399 3670 μὲν
415 3589 516 3656 ἐκτὸς
530 3592 592 3650 τοῦ
608 3591 773 3670 σώματος
799 3622 802 3705 ρ
826 3589 1018 3650 extrinsecas
1045 3586 1161 3665 opilari
1190 3593 1280 3663 pratea
1307 3588 1483 3667 principale

114 3688 775 3773 ὡςΑἰνήσίδήμοςκατὰῊραὶκλειτον,
826 3691 910 3753 istud
936 3688 1104 3751 recaredum
1126 3687 1363 3752 Heraclitum.
1397 3688 1482 3753 idern

113 3794 144 3855 oi
159 3792 194 3854 δὲ
208 3792 238 3855 ἐν
261 3791 323 3876 όλιρ
345 3797 387 3876 τῷ
412 3794 525 3874 σώματι
548 3791 681 3875 καθάπερ
703 3792 775 3859 τινὲς
829 3812 855 3858 c.
873 3793 913 3856 14
935 3812 997 3854 nom
1019 3793 1109 3871 lonpe
1128 3790 1186 3851 too
1209 3792 1380 3870 exemptum
1402 3802 1446 3854 est
1463 3813 1484 3854 a

115 3894 193 3958 κατὰ
213 3892 432 3978 Δημόκριτον
461 3896 487 3957 oi
514 3895 547 3957 δὲ
569 3894 599 3956 ἐν
623 3894 703 3978 μέρει
724 3897 775 3956 τοῦ
802 3942 805 3991 l
829 3897 1002 3958 Stratone
1021 3903 1049 3957 ct
1064 3893 1303 3955 Aenesidemo
1319 3901 1347 3956 et
1362 3894 1484 3957 Hera-

117 3999 256 4079 σώματος
278 3997 324 4059 ὧν
345 3998 454 4059 πάλιν
477 3998 708 4079 πολοσχιδεῖς
731 3996 776 4058 εἰ·
802 4020 805 4091 γ
830 3999 927 4061 clito.
961 4017 1033 4060 ream
1061 4005 1087 4058 et
1109 3997 1171 4075 ipsi
1193 3997 1339 4058 vanitatem
1362 4000 1485 4060 animae

117 4121 170 4163 σιν
200 4101 235 4162 αἱ
264 4104 397 4183 γνῶμαι
425 4100 473 4162 καὶ
502 4101 528 4162 οἱ
553 4098 605 4180 μὲν
633 4097 777 4182 διαφέρειν
831 4110 952 4163 tuentur
964 4101 1087 4182 quaein
1099 4107 1193 4160 totam
1206 4118 1319 4178 eorpus·
1331 4101 1446 4181 diffusa
1458 4110 1485 4162 et

117 4203 213 4286 αὐτὴν
234 4207 293 4265 τῶν
315 4202 483 4286 αἰσθήσεων
507 4205 547 4272 ὡς
569 4202 597 4265 ot
620 4200 736 4269 πλείους
751 4201 778 4262 οἱ
832 4205 944 4285 abique
973 4207 1044 4283 ipra
1071 4202 1152 4264 aetat
1181 4202 1273 4280 tiator
1301 4205 1333 4263 iu
1365 4205 1486 4266 calamo

118 4307 153 4369 δὲ
181 4305 272 4388 αὐτὴν
295 4303 366 4368 εἶναι
389 4305 440 4374 τὰς
465 4304 616 4390 αἰσθήσεις
645 4305 779 4387 καθάπερ
831 4326 888 4386 ραν
904 4325 1055 4368 cavernas
1070 4307 1115 4366 ita
1136 4323 1193 4382 per
1214 4307 1374 4367 consecutio
1390 4309 1487 4370 uariis

118 4411 169 4472 διαί
193 4430 278 4471 τινων
300 4409 381 4471 euos
406 4412 465 4470 τῶν
492 4407 689 4492 αἰσθητηρίων
714 4431 780 4491 προ·
834 4408 934 4470 orodis
950 4411 1056 4470 criticet
1077 4426 1140 4468 riou
1162 4414 1225 4468 taur
1248 4410 1374 4470 concisa
1396 4429 1488 4489 quam

118 4512 286 4575 abitionem
316 4510 353 4593 ἧς
380 4511 510 4580 στάσεως
532 4509 601 4594 ἦρξε
620 4509 780 4594 Στράτων
835 4510 1026 4590 dispensata.

115 4638 149 4678 τε
173 4615 190 4677 ό
213 4608 334 4698 φὶισικδς
354 4613 402 4675 καὶ
426 4610 679 4695 Αἰνήσίδήμος.
807 4611 809 4689 l

117 4735 206 4801 quae
227 4714 282 4779 hic
305 4714 520 4780 Aenesidemo
549 4713 611 4797 ipsi
633 4713 817 4778 tribuuntur
846 4712 1028 4797 opinionesr,
1052 4710 1190 4776 dubitari
1214 4712 1325 4794 nequit
1348 4713 1424 4795 quin
1447 4714 1489 4779 ab

116 4820 178 4884 illo
205 4815 392 4902 explicatae
414 4824 539 4884 tantum
563 4823 595 4882 et
617 4814 814 4881 diiudicatae
836 4815 965 4881 fuerint.
999 4814 1039 4880 de
1055 4814 1219 4880 Heraclito
1241 4821 1329 4879 certe
1353 4822 1489 4900 constat,

115 4922 198 5007 quia
222 4926 391 5002 utramque
414 4919 599 5003 opinionem
623 4917 764 4984 animam
791 4926 825 4984 et
852 4917 1051 4984 extrinsecus
1080 4916 1197 4997 agitari
1226 4918 1295 4982 sire
1324 4918 1435 4998 vagari
1459 4924 1492 4983 et

173 5051 268 5098 Diels,
288 5051 431 5100 Dexompht
450 5049 532 5099 meet.
1250 5019 1290 5081 14
