3442 5588
651 321 927 373 ruouueomsrm
1407 319 1466 383 107

100 487 192 554 nitaii
207 507 323 553 comm.
339 487 383 552 ad
396 487 540 571 Metaph.
556 489 626 573 Ab,
641 489 724 567 990b
738 487 770 576 9]
793 491 894 555 multa
917 488 1090 555 obstabant
1110 509 1151 555 ne
1166 490 1304 555 amicum
1319 489 1470 555 eundem·

101 610 166 674 que
188 590 354 656 aemulum
379 589 532 656 laederet.
567 589 785 673 Theophrasti
807 598 916 658 autem
939 591 1015 675 quid
1036 590 1181 656 interfuit
1204 612 1322 657 novum
1344 591 1378 656 in
1401 591 1469 676 phi·

101 692 222 778 sophia
243 691 406 759 bominem
427 699 460 758 et
476 691 663 759 Crateteum
686 698 721 757 ut
736 692 998 760 honorificentius
1021 693 1231 777 palparetur?
1256 693 1469 776 gravissimae

105 796 251 880 denique
265 794 313 861 rei
329 801 362 862 et
375 814 434 879 per
456 814 491 860 se
513 814 580 860 non
602 793 773 877 unicuique
795 794 973 879 probabibs
995 795 1221 862 desiderantur
1242 815 1362 879 magna
1383 796 1471 862 testi·

101 897 223 964 monia
268 898 328 963 sed
351 896 447 963 silent
469 895 688 982 Theophrasti
710 896 882 980 reliquiae,
909 897 1006 963 silent
1027 897 1238 983 interpretes,
1264 898 1338 965 silet
1365 899 1470 965 omnis

102 999 297 1083 antiquitas.
341 1005 455 1065 contra
482 997 622 1065 affirmat
648 1019 732 1064 unus
754 997 900 1064 Philonis
926 999 1009 1066 liber
1030 999 1121 1065 cuius
1143 1021 1185 1067 ne
1207 1000 1318 1066 titulus
1340 1001 1469 1085 quidem

103 1101 268 1169 mendacii
291 1120 408 1184 expers
430 1107 489 1166 est.
524 1102 606 1167 tanti
629 1101 726 1184 igitur
747 1101 849 1184 ignoti
870 1101 1008 1168 bominis
1029 1101 1131 1168 iacies
1152 1104 1392 1187 auctoritatem,
1415 1103 1469 1187 qui

104 1210 264 1287 quantum
286 1223 327 1269 ex
350 1202 497 1269 oratione
519 1203 699 1270 iudicamus
722 1201 783 1269 fuit
803 1203 899 1269 homo
922 1205 1001 1270 satis
1016 1204 1145 1287 ineptus
1159 1205 1302 1288 undique
1317 1204 1471 1288 phaleras

103 1312 288 1391 aucupatus
314 1305 548 1389 Philonemque
575 1305 776 1391 potissimum
802 1305 947 1372 imitatus
965 1307 989 1390 ¹,
1017 1306 1107 1372 libris
1133 1313 1242 1373 tamen
1269 1306 1398 1390 optimis
1424 1306 1471 1371 in·

102 1418 264 1495 structus,
292 1409 352 1474 sed
379 1428 445 1473 non
473 1414 522 1473 tot
551 1416 630 1491 quot
655 1407 794 1473 simulat.
839 1408 1045 1475 Aristotelem
1074 1409 1203 1491 quidem
1230 1429 1325 1492 quem
1355 1408 1470 1493 puerili

105 1514 299 1581 adulatione
325 1509 425 1576 afficit
450 1530 517 1575 non
543 1507 662 1592 legit¹
710 1515 822 1575 contra
852 1511 991 1577 molesta
1013 1511 1175 1594 gravitate
1202 1509 1304 1576 Ooelli
1330 1511 1469 1576 futtilem

105 1617 149 1683 de
173 1623 294 1682 natura
315 1634 420 1680 rerum
444 1611 560 1677 libmm
582 1611 687 1695 ipsum
710 1610 886 1693 selegisse
908 1611 1082 1678 affirmat.l
1115 1612 1190 1678 hinc
1213 1612 1240 1678 si
1263 1612 1470 1697 suspioahere

102 1719 251 1787 Ocellam
282 1720 315 1783 in
343 1737 435 1782 usum
469 1721 620 1780 vocatum
649 1733 737 1791 esse,
770 1712 893 1778 falleris
919 1714 1059 1797 egregie.
1094 1715 1254 1781 Roethum
1277 1713 1469 1780 Panaetium

103 1822 287 1905 Diogenem
312 1817 529 1903 Chrysippum
555 1817 597 1882 ab
624 1816 694 1900 ipso
724 1815 868 1881 adscitos
897 1835 964 1880 non
986 1816 1093 1882 credo.
1125 1817 1305 1883 Stoicorum
1333 1814 1471 1881 materia

105 1944 127 1990 a
151 1921 331 1989 Posidonio
352 1920 491 1985 collecta
512 1918 600 1984 haud
623 1919 690 1985 scio
712 1938 756 1983 an
777 1916 956 2001 promptior
978 1915 1083 1985 fuerit.
1117 1920 1260 2002 itemque
1282 1915 1471 2001 Peripateti-

104 2047 217 2092 corum
239 2022 501 2090 adversariorum
525 2023 594 2087 veri
616 2021 720 2087 simile
743 2026 793 2087 est
807 2040 905 2084 unum
921 2018 1037 2084 librum
1052 2021 1160 2086 omnia
1175 2019 1469 2105 comprehendisse.

102 2128 181 2212 quid
200 2127 322 2211 igitur?
343 2123 570 2190 siAristotelis
590 2124 667 2190 inde
692 2123 785 2206 quasi
808 2122 968 2205 quaedam
991 2122 1129 2188 obscura
1150 2124 1239 2189 lama
1260 2122 1405 2205 stillavit,
1427 2141 1470 2185 an

101 2230 365 2314 Theophrastum
395 2226 437 2292 ab
466 2227 529 2292 isto
560 2225 721 2291 nebulone
753 2226 916 2291 evolutum
945 2225 1064 2308 putas?
1100 2232 1202 2291 restat
1233 2225 1328 2290 buius
1361 2228 1471 2288 aeetae

102 2331 279 2415 Critolaus,
302 2329 391 2395 cuius
414 2328 560 2411 quinque
582 2348 641 2411 pro
657 2327 767 2393 mundi
783 2327 977 2393 aeternitate
992 2334 1184 2409 argumenta
1206 2347 1232 2393 c.
1250 2330 1288 2392 11
1313 2347 1344 2410 p.
1360 2325 1468 2408 239st

100 2453 142 2499 ao
164 2433 321 2516 deinceps
343 2431 529 2496 afferuntur.

189 2533 325 2602 Critolai
346 2531 429 2598 liber
450 2552 527 2596 num
554 2530 703 2614 scriptori
726 2530 789 2614 ipsi
812 2531 855 2597 ad
878 2552 1007 2597 manum
1029 2532 1126 2597 fuerit
1148 2530 1268 2597 nescio.
1301 2531 1359 2597 sed
1381 2529 1471 2594 illurn

99 2639 135 2703 in
150 2635 353 2703 affirmandis
368 2640 401 2700 et
416 2633 623 2699 cumulandis
638 2635 838 2717 argumentis
855 2634 910 2699 vix
925 2654 961 2700 se
976 2634 1172 2700 continuisse
1187 2633 1351 2716 credibile,
1373 2632 1471 2696 immo

98 2740 299 2806 Aristoteleo
323 2737 472 2821 exemplo
496 2742 611 2800 contra
636 2736 782 2819 potiores
805 2735 987 2802 contrariae
1010 2735 1172 2820 opinionis
1192 2742 1346 2820 patronos
1365 2734 1472 2817 dispu-

100 2850 202 2907 tasse.
245 2840 322 2906 inde
350 2837 491 2924 probare
520 2837 669 2920 equidem
703 2860 848 2924 nequeo,
882 2839 940 2905 sed
968 2838 1065 2905 valde
1096 2837 1314 2904 verisimiliter
1346 2834 1471 2902 conicio

100 2942 322 3026 Theophrasti
343 2939 531 3008 memoriam
554 2959 594 3006 ex
618 2939 761 3008 Critolao
784 2942 950 3026 paululum
968 2941 1174 3007 obscuratam
1196 2940 1338 3005 fluxisse.
1369 2936 1472 3021 quid?

98 3045 128 3110 si
146 3045 326 3111 Critolaum
348 3043 457 3129 priora
479 3041 544 3107 duo
566 3041 698 3108 decreta
719 3064 759 3109 ex
781 3043 966 3128 opinionum
990 3043 1071 3109 libro
1091 3045 1285 3129 deprompta
1300 3041 1393 3106 initio
1417 3058 1470 3104 ca·

97 3147 179 3232 pitis
194 3144 411 3231 Theophrasti
427 3144 557 3210 nomine
572 3144 781 3211 confirmasse
795 3147 974 3212 sumimus?
995 3146 1071 3212 binc
1090 3153 1124 3213 et
1138 3146 1286 3212 Philonis
1301 3140 1471 3208 artificium

98 3249 321 3335 explicaretur
345 3268 408 3330 quo
432 3247 513 3312 nibil
535 3253 586 3312 est
606 3246 695 3330 apud
716 3254 926 3332 excerptores
941 3248 1116 3333 vulgarius,
1139 3255 1174 3313 ut
1188 3247 1323 3330 antiqua
1337 3242 1472 3310 auctori·

170 3422 179 3453 ¹
199 3425 288 3473 notam
301 3438 322 3472 e.
336 3437 360 3485 g.
375 3417 525 3488 εὑρεσιλορία
538 3419 665 3489 λεωφόρος
678 3420 866 3491 προευτρεπίζιο
880 3420 989 3489 φωλεόιο
1002 3420 1176 3491 πηδσλιοιιχεῖν
1189 3419 1336 3490 ίχνηλατιῖν.
1355 3423 1473 3470 iteratum

95 3522 138 3562 εει
149 3512 310 3563 Philoueum
322 3502 406 3573 ψυχῆς
419 3503 567 3574 μεμοίραται
579 3527 604 3574 p.
615 3506 677 3570 242,
691 3508 707 3559 'l
726 3527 750 3574 p.
770 3507 831 3570 267,
845 3509 860 3560 7
873 3510 953 3560 Bern.
972 3511 1151 3562 creberrimum
1163 3507 1211 3560 οόιι
1228 3507 1276 3560 ἀπὸ
1293 3508 1389 3558 σκοποῦ
1405 3507 1471 3555 idem

96 3601 268 3651 Philonenm.
305 3595 379 3658 plura
406 3593 479 3644 dabit
501 3593 683 3661 Siegirlediani
708 3595 802 3648 iudicis
826 3601 991 3662 comparatio.
1016 3600 1065 3648 loci
1090 3600 1255 3648 conferantur
1280 3592 1397 3662 πορίγονα
1420 3591 1472 3659 ζῷα

98 3705 125 3752 p.
139 3682 203 3747 235,
217 3686 233 3738 6
248 3701 305 3735 curn
319 3685 476 3736 Philomede
490 3688 588 3750 gigant.
608 3684 624 3735 2
642 3703 666 3750 p.
681 3683 732 3739 ‘263
742 3686 780 3736 M.
793 3693 819 3734 et
831 3687 863 3734 de
875 3687 982 3748 plantat.
994 3683 1019 3737 3.
1038 3687 1185 3737 Stoicorum
1202 3685 1318 3735 delinitio
1332 3677 1473 3747 συγχύσεως

96 3775 148 3837 [ci.
169 3776 231 3824 Arii
243 3774 351 3838 Didymi
364 3775 438 3838 phys.
457 3775 488 3824 ir.
502 3771 536 3826 28
554 3774 659 3824 Nemes.
678 3775 703 3824 d.
717 3782 770 3823 nat.
790 3772 859 3822 hom.
877 3789 902 3836 p.
915 3770 962 3834 70]
984 3773 1016 3822 de
1033 3776 1127 3824 incorr.
1146 3791 1171 3839 p.
1182 3768 1272 3832 250,2
1291 3786 1348 3820 cum
1361 3768 1472 3819 Philone

97 3863 131 3911 de
152 3862 255 3911 conius.
272 3862 338 3925 ling.
356 3878 381 3925 p.
396 3857 457 3911 433.
486 3861 531 3910 sed
555 3878 631 3927 spero
655 3863 791 3924 Bernaysii
814 3863 1024 3910 commentarium
1048 3872 1074 3911 et
1098 3862 1164 3911 hane
1187 3861 1365 3924 quaestionem
1383 3864 1410 3905 et
1427 3870 1473 3904 eur

98 3951 239 4000 Philonea
257 3951 328 3999 nullo
351 3948 430 3997 modo
449 3965 504 3998 esee
524 3951 628 4013 scriptio
647 3952 729 4013 possit
746 3950 890 3998 accuratius
909 3957 1073 3999 tractaturum
1092 3965 1156 3998 esse.
1191 3962 1275 4010 neque
1293 3948 1360 3995 enirn
1378 3944 1472 3994 suflicit

98 4046 128 4086 ut
147 4033 237 4104 ὥσπερ
262 4035 335 4103 φασίν
360 4031 486 4102 Αἴγυπτον
504 4035 536 4085 ab
559 4037 663 4085 bomine
692 4037 875 4086 Alexandrino
900 4038 943 4098 qui
962 4039 1016 4101 ipse
1035 4037 1147 4098 vidisset,
1164 4036 1259 4085 dictum
1282 4048 1337 4082 esse
1357 4039 1471 4095 negetur.

91 4126 152 4175 fieri
181 4127 252 4175 enim
275 4126 359 4189 potuit
380 4133 410 4173 ut
433 4123 542 4173 Critolai
566 4125 635 4172 locus
657 4125 825 4174 dormitanter
850 4125 1036 4174 mansferretur.
1073 4125 1119 4174 aed
1144 4124 1240 4172 adsunt
1262 4134 1357 4183 magna
1373 4113 1471 4172 νοθείας

91 4221 259 4274 argumenta,
279 4213 348 4262 rrnde
367 4208 521 4277 ἀντιγραφὴν
539 4213 623 4274 potius
642 4212 787 4262 Philoueae
811 4213 941 4276 opinionis
965 4215 991 4261 in
1011 4213 1121 4262 rhetoris
1147 4210 1237 4259 schola
1256 4209 1398 4257 conlectam
1418 4221 1473 4254 ease
1553 4202 1561 4215 '

91 4313 252 4363 cognoscas.
293 4316 325 4349 ne
349 4306 528 4362 argumentum
552 4313 569 4347 a
590 4299 693 4348 rhetore
716 4300 858 4350 abhorrere
888 4306 961 4362 putes
990 4299 1022 4347 el.
1046 4299 1153 4350 Theon.
1169 4311 1303 4361 progymn.
1323 4291 1436 4345 52--54
1454 4302 1471 4343 t.

92 4387 105 4435 1
127 4383 332 4450 250sqq.Walz
351 4383 417 4436 ἔσται
436 4380 460 4436 δ’
481 4381 525 4434 οὖν
543 4383 610 4452 ἡμᾶς
629 4385 711 4453 ζητεῖν
734 4386 756 4438 εί
775 4387 906 4454 προνοοῦσι
924 4381 978 4434 όιοί
995 4385 1040 4434 τοῦ
1058 4382 1154 4451 κόσμου
1172 4381 1228 4434 ιιτλ.

170 4466 182 4498 ¹
202 4489 229 4537 p.
242 4469 302 4532 222,
319 4471 350 4523 12
369 4474 446 4523 Bern.
469 4467 647 4540 Ἀριστοτέλης
666 4471 692 4524 bl
715 4472 736 4523 εί
760 4471 791 4540 δή
814 4468 873 4523 ποτ’
899 4470 949 4533 [sic
971 4473 1039 4533 lego,
1063 4470 1189 4539 μηδέποτε
1208 4473 1245 4533 M,
1264 4465 1359 4536 μήποτ’
1382 4467 1473 4532 vulgo]

90 4557 208 4626 εἰσεβιῑις
220 4559 264 4609 καὶ
276 4557 351 4616 όσίως
363 4558 519 4626 ἐνιστάμενος
538 4561 569 4609 cr.
582 4577 607 4624 p.
621 4557 680 4623 233,
698 4561 708 4612 l
724 4558 791 4628 ἔλεγέ
804 4578 831 4611 τε
844 4559 1021 4623 [Aristoteles]
1040 4555 1080 4615 ὡς
1099 4557 1183 4609 ἔστιν
1202 4552 1297 4608 alcoba
1307 4571 1333 4604 ιν
1347 4570 1472 4622 κατακερ-

90 4662 191 4711 repara.

165 4732 176 4763 ²
195 4751 221 4798 p.
235 4731 326 4794 libb
350 4730 401 4799 ἐγὼ
419 4729 446 4782 δὲ
463 4731 507 4783 καί
523 4729 639 4784 Ὀνέλλοιι
652 4735 824 4802 συγγράμματι
837 4729 967 4784 Λευκανοῦ
979 4733 1048 4801 γένος
1061 4730 1250 4800 ἐπιγραφομένῳ
1279 4726 1339 4798 Περί
1357 4732 1403 4796 τῆς
1423 4732 1470 4779 τοῦ

91 4819 187 4877 παντὸς
211 4817 310 4886 abacto<
333 4819 449 4888 ἐνέτυχον
472 4819 498 4870 ἐν
522 4807 543 4887 ᾧ
565 4819 684 4888 ἀγένητόν
706 4839 733 4872 τε
752 4820 796 4871 καί
814 4818 945 4889 ἄφθαρτον
964 4819 1011 4871 οὐκ
1030 4819 1178 4888 ἀπεφαίνετο
1197 4819 1273 4887 μόνον
1293 4813 1417 4867 ἀλλὰκαὶ
1436 4813 1468 4866 δι’

91 4906 250 4968 ἀποδείξεων
269 4907 437 4968 ιιατεσιιεόαζε
455 4905 499 4958 τὸν
518 4907 613 4977 κόσμον
632 4907 700 4960 εἶναι.
