<?xml version="1.0" encoding="UTF-8"?>
<!DOCTYPE html PUBLIC "-//W3C//DTD XHTML 1.0 Transitional//EN"
    "http://www.w3.org/TR/xhtml1/DTD/xhtml1-transitional.dtd">
<html xmlns="http://www.w3.org/1999/xhtml" xml:lang="en" lang="en">
 <head>
  <title>
</title>
<meta http-equiv="Content-Type" content="text/html;charset=utf-8" />
  <meta name='ocr-system' content='tesseract 3.04.00' />
  <meta name='ocr-capabilities' content='ocr_page ocr_carea ocr_par ocr_line ocrx_word'/>
</head>
<body>
  <div class='ocr_page' id='page_1' title='image "./doxographigraec00dielgoog_0674.png"; bbox 0 0 3442 5588; ppageno 0'>
   <div class='ocr_carea' id='block_1_1' title="bbox 568 330 1552 397">
    <p class='ocr_par' dir='ltr' id='par_1_1' title="bbox 568 330 1552 397">
     <span class='ocr_line' id='line_1_1' title="bbox 568 330 1552 397; baseline 0 -13"><span class='ocrx_word' id='word_1_1' title='bbox 568 331 706 384; x_wconf 82' lang='lat' dir='ltr'>GALENI</span> <span class='ocrx_word' id='word_1_2' title='bbox 722 331 864 383; x_wconf 70' lang='lat' dir='ltr'>HISTOR</span> <span class='ocrx_word' id='word_1_3' title='bbox 883 330 1176 385; x_wconf 69' lang='lat' dir='ltr'>Pnaos.130—132</span> <span class='ocrx_word' id='word_1_4' title='bbox 1490 332 1552 397; x_wconf 72' lang='grc'><strong>647</strong></span> 
     </span>
    </p>
   </div>
   <div class='ocr_carea' id='block_1_2' title="bbox 199 500 1549 1922">
    <p class='ocr_par' dir='ltr' id='par_1_2' title="bbox 240 500 1502 898">
     <span class='ocr_line' id='line_1_2' title="bbox 240 500 1501 589; baseline 0 -23"><span class='ocrx_word' id='word_1_5' title='bbox 240 503 464 586; x_wconf 81' lang='grc' dir='ltr'><strong>ἀναχαλᾶσθαι,</strong></span> <span class='ocrx_word' id='word_1_6' title='bbox 492 503 569 567; x_wconf 86' lang='grc' dir='ltr'><strong>ὥστε</strong></span> <span class='ocrx_word' id='word_1_7' title='bbox 596 501 644 565; x_wconf 87' lang='grc' dir='ltr'><strong>καὶ</strong></span> <span class='ocrx_word' id='word_1_8' title='bbox 667 502 813 565; x_wconf 82' lang='grc' dir='ltr'><strong>συνέλκειν</strong></span> <span class='ocrx_word' id='word_1_9' title='bbox 835 504 922 587; x_wconf 99' lang='grc' dir='ltr'><strong>βάρη.</strong></span> <span class='ocrx_word' id='word_1_10' title='bbox 962 500 1203 587; x_wconf 76' lang='grc' dir='ltr'>Ἀριστοτέλης</span> <span class='ocrx_word' id='word_1_11' title='bbox 1231 501 1351 589; x_wconf 79' lang='grc' dir='ltr'><strong>ἔμψυχα</strong></span> <span class='ocrx_word' id='word_1_12' title='bbox 1374 504 1443 585; x_wconf 87' lang='grc' dir='ltr'><strong>μέν,</strong></span> <span class='ocrx_word' id='word_1_13' title='bbox 1466 502 1501 566; x_wconf 79' lang='grc' dir='ltr'><strong>οὐ</strong></span> 
     </span>
     <span class='ocr_line' id='line_1_3' title="bbox 249 601 1501 692; baseline -0.002 -25"><span class='ocrx_word' id='word_1_14' title='bbox 249 606 305 688; x_wconf 84' lang='grc' dir='ltr'><strong>μὴν</strong></span> <span class='ocrx_word' id='word_1_15' title='bbox 329 609 393 690; x_wconf 74' lang='grc' dir='ltr'><strong>ζῷα</strong></span> <span class='ocrx_word' id='word_1_16' title='bbox 415 631 436 671; x_wconf 78' lang='grc' dir='ltr'><strong>ει</strong></span> <span class='ocrx_word' id='word_1_17' title='bbox 458 630 479 670; x_wconf 78' lang='grc' dir='ltr'><strong>ει</strong></span> <span class='ocrx_word' id='word_1_18' title='bbox 501 629 522 669; x_wconf 79' lang='grc' dir='ltr'><strong>ιε</strong></span> <span class='ocrx_word' id='word_1_19' title='bbox 550 604 692 688; x_wconf 79' lang='grc' dir='ltr'>ὁρμητικὰ</span> <span class='ocrx_word' id='word_1_20' title='bbox 718 601 791 668; x_wconf 80' lang='grc' dir='ltr'><strong>εἶναι</strong></span> <span class='ocrx_word' id='word_1_21' title='bbox 818 605 867 668; x_wconf 83' lang='grc' dir='ltr'><strong>καί</strong></span> <span class='ocrx_word' id='word_1_22' title='bbox 890 604 1063 691; x_wconf 82' lang='grc' dir='ltr'><strong>αἰσθητικά,</strong></span> <span class='ocrx_word' id='word_1_23' title='bbox 1092 605 1154 670; x_wconf 85' lang='grc' dir='ltr'><strong>ἔνια</strong></span> <span class='ocrx_word' id='word_1_24' title='bbox 1175 607 1209 670; x_wconf 82' lang='grc' dir='ltr'><strong>δὲ</strong></span> <span class='ocrx_word' id='word_1_25' title='bbox 1235 632 1255 672; x_wconf 81' lang='grc' dir='ltr'><strong>ιι</strong></span> <span class='ocrx_word' id='word_1_26' title='bbox 1278 632 1298 672; x_wconf 75' lang='grc' dir='ltr'><strong>κ.</strong></span> <span class='ocrx_word' id='word_1_27' title='bbox 1322 632 1343 672; x_wconf 76' lang='grc' dir='ltr'><strong>ιι</strong></span> <span class='ocrx_word' id='word_1_28' title='bbox 1371 604 1501 692; x_wconf 85' lang='grc' dir='ltr'><strong>ἔμψυχα.</strong></span> 
     </span>
     <span class='ocr_line' id='line_1_4' title="bbox 251 705 1502 794; baseline 0.002 -25"><span class='ocrx_word' id='word_1_29' title='bbox 251 711 346 772; x_wconf 85' lang='grc' dir='ltr'><strong>πᾶσαν</strong></span> <span class='ocrx_word' id='word_1_30' title='bbox 371 708 426 792; x_wconf 87' lang='grc' dir='ltr'><strong>γάρ</strong></span> <span class='ocrx_word' id='word_1_31' title='bbox 447 707 545 791; x_wconf 77' lang='grc' dir='ltr'><strong>ψυχὴν</strong></span> <span class='ocrx_word' id='word_1_32' title='bbox 578 706 737 790; x_wconf 78' lang='grc' dir='ltr'><strong>δρμητικήν</strong></span> <span class='ocrx_word' id='word_1_33' title='bbox 764 705 837 770; x_wconf 77' lang='grc' dir='ltr'><strong>εἶναι</strong></span> <span class='ocrx_word' id='word_1_34' title='bbox 877 731 898 772; x_wconf 76' lang='grc' dir='ltr'><strong>κ</strong></span> <span class='ocrx_word' id='word_1_35' title='bbox 920 731 941 773; x_wconf 74' lang='grc' dir='ltr'><strong>ν</strong></span> <span class='ocrx_word' id='word_1_36' title='bbox 962 733 983 773; x_wconf 77' lang='grc' dir='ltr'><strong>κ</strong></span> <span class='ocrx_word' id='word_1_37' title='bbox 1028 708 1201 791; x_wconf 77' lang='grc' dir='ltr'><strong>αὐτομάτως</strong></span> <span class='ocrx_word' id='word_1_38' title='bbox 1226 709 1398 793; x_wconf 79' lang='grc' dir='ltr'><strong>γεγενῆσθαι</strong></span> <span class='ocrx_word' id='word_1_39' title='bbox 1432 709 1502 794; x_wconf 92' lang='grc' dir='ltr'><strong>δίχα</strong></span> 
     </span>
     <span class='ocr_line' id='line_1_5' title="bbox 241 808 1501 898; baseline 0.002 -26"><span class='ocrx_word' id='word_1_40' title='bbox 241 816 349 894; x_wconf 82' lang='grc' dir='ltr'><strong>ψυχῆς.</strong></span> <span class='ocrx_word' id='word_1_41' title='bbox 385 808 633 894; x_wconf 80' lang='grc' dir='ltr'>Ἐμπεδοκλῆς</span> <span class='ocrx_word' id='word_1_42' title='bbox 655 809 691 872; x_wconf 83' lang='grc' dir='ltr'><strong>τὰ</strong></span> <span class='ocrx_word' id='word_1_43' title='bbox 713 809 816 893; x_wconf 81' lang='grc' dir='ltr'><strong>δένδρα</strong></span> <span class='ocrx_word' id='word_1_44' title='bbox 837 812 940 893; x_wconf 85' lang='grc' dir='ltr'><strong>πρῶτα</strong></span> <span class='ocrx_word' id='word_1_45' title='bbox 962 815 1020 876; x_wconf 83' lang='grc' dir='ltr'><strong>τῶν</strong></span> <span class='ocrx_word' id='word_1_46' title='bbox 1044 812 1128 898; x_wconf 72' lang='grc' dir='ltr'><strong>ζῴων</strong></span> <span class='ocrx_word' id='word_1_47' title='bbox 1151 811 1185 876; x_wconf 84' lang='grc' dir='ltr'><strong>έκ</strong></span> <span class='ocrx_word' id='word_1_48' title='bbox 1206 816 1259 897; x_wconf 79' lang='grc' dir='ltr'><strong>τῆς</strong></span> <span class='ocrx_word' id='word_1_49' title='bbox 1278 817 1332 896; x_wconf 82' lang='grc' dir='ltr'><strong>γῆς</strong></span> <span class='ocrx_word' id='word_1_50' title='bbox 1347 812 1501 897; x_wconf 83' lang='grc' dir='ltr'><strong>ἀναφῦναι,</strong></span> 
     </span>
    </p>

    <p class='ocr_par' dir='ltr' id='par_1_3' title="bbox 211 910 1549 1412">
     <span class='ocr_line' id='line_1_6' title="bbox 211 910 1500 1000; baseline 0.003 -27"><span class='ocrx_word' id='word_1_51' title='bbox 211 910 332 997; x_wconf 73' lang='grc' dir='ltr'><strong>κπρίν)</strong></span> <span class='ocrx_word' id='word_1_52' title='bbox 352 916 435 999; x_wconf 88' lang='grc' dir='ltr'><strong>ήλιον</strong></span> <span class='ocrx_word' id='word_1_53' title='bbox 458 916 632 998; x_wconf 82' lang='grc' dir='ltr'><strong>περιπολεῖν,</strong></span> <span class='ocrx_word' id='word_1_54' title='bbox 655 912 703 975; x_wconf 83' lang='grc' dir='ltr'><strong>διὰ</strong></span> <span class='ocrx_word' id='word_1_55' title='bbox 726 912 758 975; x_wconf 82' lang='grc' dir='ltr'><strong>δὲ</strong></span> <span class='ocrx_word' id='word_1_56' title='bbox 780 911 917 996; x_wconf 77' lang='grc' dir='ltr'><strong>ἀμετρίαν</strong></span> <span class='ocrx_word' id='word_1_57' title='bbox 939 918 992 997; x_wconf 80' lang='grc' dir='ltr'><strong>τῆς</strong></span> <span class='ocrx_word' id='word_1_58' title='bbox 1014 916 1146 1000; x_wconf 89' lang='grc' dir='ltr'><strong>κράσεως</strong></span> <span class='ocrx_word' id='word_1_59' title='bbox 1167 916 1217 978; x_wconf 89' lang='grc' dir='ltr'><strong>τδν</strong></span> <span class='ocrx_word' id='word_1_60' title='bbox 1238 918 1290 978; x_wconf 82' lang='grc' dir='ltr'><strong>τοῦ</strong></span> <span class='ocrx_word' id='word_1_61' title='bbox 1312 913 1429 998; x_wconf 87' lang='grc' dir='ltr'><strong>ἄρρενος</strong></span> <span class='ocrx_word' id='word_1_62' title='bbox 1451 917 1500 979; x_wconf 81' lang='grc' dir='ltr'><strong>καὶ</strong></span> 
     </span>
     <span class='ocr_line' id='line_1_7' title="bbox 240 1011 1500 1102; baseline 0.002 -25"><span class='ocrx_word' id='word_1_63' title='bbox 240 1015 348 1098; x_wconf 87' lang='grc' dir='ltr'><strong>θήλεος</strong></span> <span class='ocrx_word' id='word_1_64' title='bbox 369 1017 515 1101; x_wconf 83' lang='grc' dir='ltr'><strong>περιέχειν</strong></span> <span class='ocrx_word' id='word_1_65' title='bbox 537 1015 631 1098; x_wconf 89' lang='grc' dir='ltr'><strong>λόγον.</strong></span> <span class='ocrx_word' id='word_1_66' title='bbox 669 1011 808 1082; x_wconf 73' lang='grc' dir='ltr'><strong>αὔξεσθαι</strong></span> <span class='ocrx_word' id='word_1_67' title='bbox 830 1015 863 1078; x_wconf 75' lang='grc' dir='ltr'><strong>δὲ</strong></span> <span class='ocrx_word' id='word_1_68' title='bbox 885 1015 942 1078; x_wconf 85' lang='grc' dir='ltr'><strong>ὑπὸ</strong></span> <span class='ocrx_word' id='word_1_69' title='bbox 956 1022 1009 1081; x_wconf 81' lang='grc' dir='ltr'><strong>τού</strong></span> <span class='ocrx_word' id='word_1_70' title='bbox 1023 1018 1054 1081; x_wconf 82' lang='grc' dir='ltr'><strong>ἐν</strong></span> <span class='ocrx_word' id='word_1_71' title='bbox 1069 1023 1107 1100; x_wconf 78' lang='grc' dir='ltr'><strong>τῇ</strong></span> <span class='ocrx_word' id='word_1_72' title='bbox 1123 1023 1161 1101; x_wconf 78' lang='grc' dir='ltr'><strong>γῇ</strong></span> <span class='ocrx_word' id='word_1_73' title='bbox 1178 1018 1289 1102; x_wconf 80' lang='grc' dir='ltr'><strong>θερμοῦ</strong></span> <span class='ocrx_word' id='word_1_74' title='bbox 1305 1016 1500 1101; x_wconf 77' lang='grc' dir='ltr'><strong>διαιρούμενα,</strong></span> 
     </span>
     <span class='ocr_line' id='line_1_8' title="bbox 237 1115 1499 1206; baseline 0.006 -27"><span class='ocrx_word' id='word_1_75' title='bbox 237 1118 314 1181; x_wconf 88' lang='grc' dir='ltr'><strong>ὥστε</strong></span> <span class='ocrx_word' id='word_1_76' title='bbox 328 1124 382 1203; x_wconf 83' lang='grc' dir='ltr'><strong>γῆς</strong></span> <span class='ocrx_word' id='word_1_77' title='bbox 396 1119 469 1184; x_wconf 79' lang='grc' dir='ltr'><strong>εἶναι</strong></span> <span class='ocrx_word' id='word_1_78' title='bbox 484 1120 574 1203; x_wconf 84' lang='grc' dir='ltr'><strong>μέρη·</strong></span> <span class='ocrx_word' id='word_1_79' title='bbox 601 1117 650 1182; x_wconf 83' lang='grc' dir='ltr'><strong>καὶ</strong></span> <span class='ocrx_word' id='word_1_80' title='bbox 665 1117 719 1200; x_wconf 84' lang='grc' dir='ltr'><strong>γὰρ</strong></span> <span class='ocrx_word' id='word_1_81' title='bbox 734 1116 771 1179; x_wconf 87' lang='grc' dir='ltr'><strong>τά</strong></span> <span class='ocrx_word' id='word_1_82' title='bbox 793 1115 905 1202; x_wconf 83' lang='grc' dir='ltr'><strong>ἔμβρυα</strong></span> <span class='ocrx_word' id='word_1_83' title='bbox 926 1119 963 1182; x_wconf 88' lang='grc' dir='ltr'><strong>τά</strong></span> <span class='ocrx_word' id='word_1_84' title='bbox 984 1120 1014 1183; x_wconf 83' lang='grc' dir='ltr'><strong>ἐν</strong></span> <span class='ocrx_word' id='word_1_85' title='bbox 1036 1126 1074 1202; x_wconf 73' lang='grc' dir='ltr'><strong>τῇ</strong></span> <span class='ocrx_word' id='word_1_86' title='bbox 1098 1122 1197 1205; x_wconf 81' lang='grc' dir='ltr'><strong>γαστρὶ</strong></span> <span class='ocrx_word' id='word_1_87' title='bbox 1219 1125 1272 1205; x_wconf 80' lang='grc' dir='ltr'><strong>τῆς</strong></span> <span class='ocrx_word' id='word_1_88' title='bbox 1295 1121 1407 1206; x_wconf 80' lang='grc' dir='ltr'><strong>μήτρας</strong></span> <span class='ocrx_word' id='word_1_89' title='bbox 1426 1121 1499 1186; x_wconf 81' lang='grc' dir='ltr'><strong>εἶναι</strong></span> 
     </span>
     <span class='ocr_line' id='line_1_9' title="bbox 240 1219 1499 1309; baseline 0.002 -25"><span class='ocrx_word' id='word_1_90' title='bbox 240 1220 324 1304; x_wconf 86' lang='grc' dir='ltr'><strong>μέρη.</strong></span> <span class='ocrx_word' id='word_1_91' title='bbox 369 1224 435 1291; x_wconf 86' lang='grc' dir='ltr'><strong>τοὺς</strong></span> <span class='ocrx_word' id='word_1_92' title='bbox 457 1224 490 1286; x_wconf 80' lang='grc' dir='ltr'><strong>δὲ</strong></span> <span class='ocrx_word' id='word_1_93' title='bbox 512 1219 641 1304; x_wconf 84' lang='grc' dir='ltr'><strong>καρποὺς</strong></span> <span class='ocrx_word' id='word_1_94' title='bbox 666 1222 870 1303; x_wconf 85' lang='grc' dir='ltr'><strong>περιττώματα</strong></span> <span class='ocrx_word' id='word_1_95' title='bbox 899 1219 972 1285; x_wconf 80' lang='grc' dir='ltr'><strong>εἶναι</strong></span> <span class='ocrx_word' id='word_1_96' title='bbox 993 1226 1046 1286; x_wconf 81' lang='grc' dir='ltr'><strong>τοῦ</strong></span> <span class='ocrx_word' id='word_1_97' title='bbox 1069 1223 1181 1294; x_wconf 82' lang='grc' dir='ltr'><strong>ἐντοῖς</strong></span> <span class='ocrx_word' id='word_1_98' title='bbox 1203 1227 1303 1309; x_wconf 81' lang='grc' dir='ltr'><strong>φυτοῖς</strong></span> <span class='ocrx_word' id='word_1_99' title='bbox 1325 1224 1428 1295; x_wconf 79' lang='grc' dir='ltr'><strong>ὕδατος</strong></span> <span class='ocrx_word' id='word_1_100' title='bbox 1450 1226 1499 1289; x_wconf 82' lang='grc' dir='ltr'><strong>καί</strong></span> 
     </span>
     <span class='ocr_line' id='line_1_10' title="bbox 241 1318 1549 1412; baseline 0.002 -28"><span class='ocrx_word' id='word_1_101' title='bbox 241 1325 340 1408; x_wconf 88' lang='grc' dir='ltr'><strong>πυρός.</strong></span> <span class='ocrx_word' id='word_1_102' title='bbox 378 1326 426 1388; x_wconf 83' lang='grc' dir='ltr'><strong>καὶ</strong></span> <span class='ocrx_word' id='word_1_103' title='bbox 448 1325 484 1387; x_wconf 85' lang='grc' dir='ltr'><strong>τὰ</strong></span> <span class='ocrx_word' id='word_1_104' title='bbox 507 1324 559 1406; x_wconf 81' lang='grc' dir='ltr'><strong>μὲν</strong></span> <span class='ocrx_word' id='word_1_105' title='bbox 581 1321 696 1392; x_wconf 78' lang='grc' dir='ltr'><strong>ἐλλιπὲς</strong></span> <span class='ocrx_word' id='word_1_106' title='bbox 711 1320 818 1407; x_wconf 84' lang='grc' dir='ltr'><strong>έχοντα</strong></span> <span class='ocrx_word' id='word_1_107' title='bbox 831 1318 835 1407; x_wconf 85' lang='grc' dir='ltr'>Ι</span> <span class='ocrx_word' id='word_1_108' title='bbox 848 1323 881 1385; x_wconf 90' lang='grc' dir='ltr'><strong>τὸ</strong></span> <span class='ocrx_word' id='word_1_109' title='bbox 899 1324 984 1407; x_wconf 89' lang='grc' dir='ltr'><strong>ὑγρδν</strong></span> <span class='ocrx_word' id='word_1_110' title='bbox 1000 1323 1225 1408; x_wconf 75' lang='grc' dir='ltr'><strong>ἐξικμαζομένου</strong></span> <span class='ocrx_word' id='word_1_111' title='bbox 1240 1327 1342 1391; x_wconf 89' lang='grc' dir='ltr'><strong>τούτου</strong></span> <span class='ocrx_word' id='word_1_112' title='bbox 1358 1333 1400 1412; x_wconf 82' lang='grc' dir='ltr'><strong>τῷ</strong></span> <span class='ocrx_word' id='word_1_113' title='bbox 1416 1327 1497 1411; x_wconf 81' lang='grc' dir='ltr'><strong>δέρει</strong></span> <span class='ocrx_word' id='word_1_114' title='bbox 1513 1348 1549 1386; x_wconf 79' lang='grc' dir='ltr'><strong>σω</strong></span> 
     </span>
    </p>

    <p class='ocr_par' dir='ltr' id='par_1_4' title="bbox 199 1424 1499 1922">
     <span class='ocr_line' id='line_1_11' title="bbox 199 1424 1499 1514; baseline 0.002 -25"><span class='ocrx_word' id='word_1_115' title='bbox 199 1443 223 1482; x_wconf 82' lang='lat'><strong>1⁰</strong></span> <span class='ocrx_word' id='word_1_116' title='bbox 239 1429 410 1512; x_wconf 86' lang='grc' dir='ltr'><strong>φυλορροεῖ,</strong></span> <span class='ocrx_word' id='word_1_117' title='bbox 438 1427 474 1490; x_wconf 87' lang='grc' dir='ltr'><strong>τά</strong></span> <span class='ocrx_word' id='word_1_118' title='bbox 503 1426 536 1489; x_wconf 82' lang='grc' dir='ltr'><strong>δὲ</strong></span> <span class='ocrx_word' id='word_1_119' title='bbox 562 1424 670 1488; x_wconf 90' lang='grc' dir='ltr'><strong>τέλειον</strong></span> <span class='ocrx_word' id='word_1_120' title='bbox 696 1425 855 1509; x_wconf 90' lang='grc' dir='ltr'><strong>παραμένει</strong></span> <span class='ocrx_word' id='word_1_121' title='bbox 881 1426 926 1489; x_wconf 88' lang='grc' dir='ltr'><strong>ἀεὶ</strong></span> <span class='ocrx_word' id='word_1_122' title='bbox 949 1425 1068 1510; x_wconf 81' lang='grc' dir='ltr'><strong>φύλλοις</strong></span> <span class='ocrx_word' id='word_1_123' title='bbox 1089 1428 1234 1511; x_wconf 89' lang='grc' dir='ltr'><strong>τεθηλότα</strong></span> <span class='ocrx_word' id='word_1_124' title='bbox 1257 1430 1355 1514; x_wconf 80' lang='grc' dir='ltr'><strong>ὥσπερ</strong></span> <span class='ocrx_word' id='word_1_125' title='bbox 1377 1430 1424 1494; x_wconf 82' lang='grc' dir='ltr'><strong>ἐπὶ</strong></span> <span class='ocrx_word' id='word_1_126' title='bbox 1446 1434 1499 1513; x_wconf 84' lang='grc' dir='ltr'><strong>τῆς</strong></span> 
     </span>
     <span class='ocr_line' id='line_1_12' title="bbox 235 1527 1497 1616; baseline 0.005 -25"><span class='ocrx_word' id='word_1_127' title='bbox 235 1529 346 1614; x_wconf 90' lang='grc' dir='ltr'><strong>δάφνης</strong></span> <span class='ocrx_word' id='word_1_128' title='bbox 368 1531 416 1595; x_wconf 83' lang='grc' dir='ltr'><strong>καὶ</strong></span> <span class='ocrx_word' id='word_1_129' title='bbox 444 1535 496 1614; x_wconf 78' lang='grc' dir='ltr'><strong>τῆς</strong></span> <span class='ocrx_word' id='word_1_130' title='bbox 528 1527 635 1597; x_wconf 84' lang='grc' dir='ltr'><strong>ἐλαίας.</strong></span> <span class='ocrx_word' id='word_1_131' title='bbox 681 1527 733 1598; x_wconf 83' lang='grc' dir='ltr'><strong>τὰς</strong></span> <span class='ocrx_word' id='word_1_132' title='bbox 762 1530 902 1614; x_wconf 83' lang='grc' dir='ltr'><strong>διαφορὰς</strong></span> <span class='ocrx_word' id='word_1_133' title='bbox 928 1533 986 1592; x_wconf 86' lang='grc' dir='ltr'><strong>τῶν</strong></span> <span class='ocrx_word' id='word_1_134' title='bbox 1015 1533 1119 1614; x_wconf 83' lang='grc' dir='ltr'><strong>χυμῶν</strong></span> <span class='ocrx_word' id='word_1_135' title='bbox 1144 1532 1331 1615; x_wconf 84' lang='grc' dir='ltr'><strong>παραλλαγὰς</strong></span> <span class='ocrx_word' id='word_1_136' title='bbox 1352 1533 1497 1616; x_wconf 88' lang='grc' dir='ltr'><strong>γίγνεσθαι</strong></span> 
     </span>
     <span class='ocr_line' id='line_1_13' title="bbox 233 1630 1498 1720; baseline 0.002 -24"><span class='ocrx_word' id='word_1_137' title='bbox 233 1636 287 1714; x_wconf 83' lang='grc' dir='ltr'><strong>τῆς</strong></span> <span class='ocrx_word' id='word_1_138' title='bbox 309 1632 499 1717; x_wconf 80' lang='grc' dir='ltr'><strong>πολυμερείας</strong></span> <span class='ocrx_word' id='word_1_139' title='bbox 521 1630 569 1693; x_wconf 79' lang='grc' dir='ltr'><strong>καί</strong></span> <span class='ocrx_word' id='word_1_140' title='bbox 591 1633 649 1693; x_wconf 87' lang='grc' dir='ltr'><strong>τῶν</strong></span> <span class='ocrx_word' id='word_1_141' title='bbox 672 1635 770 1715; x_wconf 82' lang='grc' dir='ltr'><strong>φυτῶν</strong></span> <span class='ocrx_word' id='word_1_142' title='bbox 793 1632 939 1717; x_wconf 84' lang='grc' dir='ltr'><strong>διαφόρως</strong></span> <span class='ocrx_word' id='word_1_143' title='bbox 962 1630 1105 1696; x_wconf 81' lang='grc' dir='ltr'><strong>ἑλκόντων</strong></span> <span class='ocrx_word' id='word_1_144' title='bbox 1127 1633 1178 1704; x_wconf 82' lang='grc' dir='ltr'><strong>τὰς</strong></span> <span class='ocrx_word' id='word_1_145' title='bbox 1200 1634 1258 1697; x_wconf 88' lang='grc' dir='ltr'><strong>ἀπὸ</strong></span> <span class='ocrx_word' id='word_1_146' title='bbox 1279 1638 1330 1698; x_wconf 81' lang='grc' dir='ltr'><strong>τοῦ</strong></span> <span class='ocrx_word' id='word_1_147' title='bbox 1345 1635 1498 1720; x_wconf 88' lang='grc' dir='ltr'><strong>τρέφοντος</strong></span> 
     </span>
     <span class='ocr_line' id='line_1_14' title="bbox 235 1731 1496 1820; baseline 0.004 -23"><span class='ocrx_word' id='word_1_148' title='bbox 235 1734 437 1820; x_wconf 82' lang='grc' dir='ltr'><strong>ὁμοιομερείας</strong></span> <span class='ocrx_word' id='word_1_149' title='bbox 460 1734 558 1816; x_wconf 86' lang='grc' dir='ltr'><strong>ὥσπερ</strong></span> <span class='ocrx_word' id='word_1_150' title='bbox 580 1731 628 1795; x_wconf 80' lang='grc' dir='ltr'><strong>ἐπὶ</strong></span> <span class='ocrx_word' id='word_1_151' title='bbox 650 1737 709 1798; x_wconf 84' lang='grc' dir='ltr'><strong>τῶν</strong></span> <span class='ocrx_word' id='word_1_152' title='bbox 731 1734 886 1815; x_wconf 81' lang='grc' dir='ltr'><strong>ἀμπέλων·</strong></span> <span class='ocrx_word' id='word_1_153' title='bbox 908 1735 942 1798; x_wconf 83' lang='grc' dir='ltr'><strong>ού</strong></span> <span class='ocrx_word' id='word_1_154' title='bbox 964 1734 1019 1819; x_wconf 89' lang='grc' dir='ltr'><strong>γάρ</strong></span> <span class='ocrx_word' id='word_1_155' title='bbox 1041 1736 1071 1798; x_wconf 87' lang='grc' dir='ltr'><strong>αἱ</strong></span> <span class='ocrx_word' id='word_1_156' title='bbox 1094 1736 1229 1820; x_wconf 82' lang='grc' dir='ltr'><strong>διαφοραί</strong></span> <span class='ocrx_word' id='word_1_157' title='bbox 1251 1736 1360 1801; x_wconf 90' lang='grc' dir='ltr'><strong>τούτων</strong></span> <span class='ocrx_word' id='word_1_158' title='bbox 1382 1743 1496 1803; x_wconf 84' lang='grc' dir='ltr'><strong>ποιοῦσι</strong></span> 
     </span>
     <span class='ocr_line' id='line_1_15' title="bbox 233 1836 1098 1922; baseline 0.003 -24"><span class='ocrx_word' id='word_1_159' title='bbox 233 1836 284 1899; x_wconf 88' lang='grc' dir='ltr'><strong>τὸν</strong></span> <span class='ocrx_word' id='word_1_160' title='bbox 307 1837 382 1901; x_wconf 82' lang='grc' dir='ltr'><strong>οἶνον</strong></span> <span class='ocrx_word' id='word_1_161' title='bbox 406 1837 595 1914; x_wconf 89' lang='grc' dir='ltr'><strong>διαλλάττειν,</strong></span> <span class='ocrx_word' id='word_1_162' title='bbox 617 1836 693 1900; x_wconf 89' lang='grc' dir='ltr'><strong>ἀλλά</strong></span> <span class='ocrx_word' id='word_1_163' title='bbox 715 1841 766 1900; x_wconf 81' lang='grc' dir='ltr'><strong>τοῦ</strong></span> <span class='ocrx_word' id='word_1_164' title='bbox 788 1836 941 1922; x_wconf 86' lang='grc' dir='ltr'><strong>τρέφοντος</strong></span> <span class='ocrx_word' id='word_1_165' title='bbox 963 1837 1098 1922; x_wconf 80' lang='grc' dir='ltr'><strong>ἐδάφους.</strong></span> 
     </span>
    </p>
   </div>
   <div class='ocr_carea' id='block_1_3' title="bbox 191 2216 1425 2303">
    <p class='ocr_par' dir='ltr' id='par_1_5' title="bbox 191 2216 1425 2303">
     <span class='ocr_line' id='line_1_16' title="bbox 191 2216 1425 2303; baseline -0.005 -19"><span class='ocrx_word' id='word_1_166' title='bbox 191 2237 215 2275; x_wconf 72' lang='lat'><strong>1⁶</strong></span> <span class='ocrx_word' id='word_1_167' title='bbox 308 2221 366 2284; x_wconf 84' lang='lat'><strong>131</strong></span> <span class='ocrx_word' id='word_1_168' title='bbox 403 2216 482 2287; x_wconf 83' lang='grc' dir='ltr'><strong>Πῶς</strong></span> <span class='ocrx_word' id='word_1_169' title='bbox 503 2218 639 2300; x_wconf 90' lang='grc' dir='ltr'><strong>γίνεται</strong></span> <span class='ocrx_word' id='word_1_170' title='bbox 661 2221 812 2303; x_wconf 88' lang='grc' dir='ltr'><strong>πυρετὸς</strong></span> <span class='ocrx_word' id='word_1_171' title='bbox 835 2220 894 2283; x_wconf 82' lang='grc' dir='ltr'><strong>καὶ</strong></span> <span class='ocrx_word' id='word_1_172' title='bbox 918 2220 1125 2303; x_wconf 84' lang='grc' dir='ltr'><strong>ἐπιγίνεται.</strong></span> <span class='ocrx_word' id='word_1_173' title='bbox 1162 2227 1425 2294; x_wconf 65' lang='lat' dir='ltr'>[Plutvtitm]</span> 
     </span>
    </p>
   </div>
   <div class='ocr_carea' id='block_1_4' title="bbox 229 2403 1544 2802">
    <p class='ocr_par' dir='ltr' id='par_1_6' title="bbox 229 2403 1544 2802">
     <span class='ocr_line' id='line_1_17' title="bbox 319 2403 1494 2492; baseline 0 -24"><span class='ocrx_word' id='word_1_174' title='bbox 319 2403 596 2488; x_wconf 86' lang='grc' dir='ltr'><strong>Ἐρασίστρατος</strong></span> <span class='ocrx_word' id='word_1_175' title='bbox 612 2405 737 2490; x_wconf 76' lang='grc' dir='ltr'><strong>ὁρίζεται</strong></span> <span class='ocrx_word' id='word_1_176' title='bbox 752 2406 801 2470; x_wconf 90' lang='grc' dir='ltr'><strong>τδν</strong></span> <span class='ocrx_word' id='word_1_177' title='bbox 816 2408 938 2492; x_wconf 82' lang='grc' dir='ltr'><strong>πυρετὸν</strong></span> <span class='ocrx_word' id='word_1_178' title='bbox 953 2408 1062 2491; x_wconf 79' lang='grc' dir='ltr'><strong>κίνημα</strong></span> <span class='ocrx_word' id='word_1_179' title='bbox 1076 2409 1197 2489; x_wconf 86' lang='grc' dir='ltr'><strong>αίματος</strong></span> <span class='ocrx_word' id='word_1_180' title='bbox 1211 2405 1494 2490; x_wconf 86' lang='grc' dir='ltr'><strong>παρεμπεπτωκότος</strong></span> 
     </span>
     <span class='ocr_line' id='line_1_18' title="bbox 230 2508 1544 2596; baseline 0.002 -27"><span class='ocrx_word' id='word_1_181' title='bbox 230 2508 270 2576; x_wconf 86' lang='grc' dir='ltr'><strong>είς</strong></span> <span class='ocrx_word' id='word_1_182' title='bbox 292 2508 329 2570; x_wconf 84' lang='grc' dir='ltr'><strong>τὰ</strong></span> <span class='ocrx_word' id='word_1_183' title='bbox 350 2513 402 2572; x_wconf 79' lang='grc' dir='ltr'><strong>τοῦ</strong></span> <span class='ocrx_word' id='word_1_184' title='bbox 425 2508 587 2590; x_wconf 89' lang='grc' dir='ltr'><strong>πνεύματος</strong></span> <span class='ocrx_word' id='word_1_185' title='bbox 609 2508 709 2592; x_wconf 85' lang='grc' dir='ltr'><strong>ἀγγεῖα</strong></span> <span class='ocrx_word' id='word_1_186' title='bbox 731 2510 929 2595; x_wconf 90' lang='grc' dir='ltr'><strong>ἀπροαιρέτως</strong></span> <span class='ocrx_word' id='word_1_187' title='bbox 948 2509 953 2596; x_wconf 69' lang='grc' dir='ltr'><strong>ί</strong></span> <span class='ocrx_word' id='word_1_188' title='bbox 971 2510 1118 2594; x_wconf 91' lang='grc' dir='ltr'><strong>γινόμενον</strong></span> <span class='ocrx_word' id='word_1_189' title='bbox 1140 2511 1273 2593; x_wconf 91' lang='grc' dir='ltr'><strong>καθάπερ</strong></span> <span class='ocrx_word' id='word_1_190' title='bbox 1295 2509 1343 2572; x_wconf 83' lang='grc' dir='ltr'><strong>ἐπὶ</strong></span> <span class='ocrx_word' id='word_1_191' title='bbox 1365 2513 1417 2592; x_wconf 81' lang='grc' dir='ltr'><strong>τῆς</strong></span> <span class='ocrx_word' id='word_1_192' title='bbox 1440 2509 1491 2571; x_wconf 78' lang='grc' dir='ltr'><strong>θα·</strong></span> <span class='ocrx_word' id='word_1_193' title='bbox 1508 2528 1544 2566; x_wconf 73' lang='lat'><strong>³4³</strong></span> 
     </span>
     <span class='ocr_line' id='line_1_19' title="bbox 238 2610 1494 2698; baseline 0.002 -26"><span class='ocrx_word' id='word_1_194' title='bbox 238 2613 354 2694; x_wconf 91' lang='grc' dir='ltr'><strong>λάττης,</strong></span> <span class='ocrx_word' id='word_1_195' title='bbox 377 2612 445 2675; x_wconf 81' lang='grc' dir='ltr'><strong>ὅταν</strong></span> <span class='ocrx_word' id='word_1_196' title='bbox 469 2611 559 2694; x_wconf 80' lang='grc' dir='ltr'><strong>μηδὲν</strong></span> <span class='ocrx_word' id='word_1_197' title='bbox 574 2611 665 2696; x_wconf 81' lang='grc' dir='ltr'><strong>αὐτὴν</strong></span> <span class='ocrx_word' id='word_1_198' title='bbox 681 2618 747 2695; x_wconf 77' lang='grc' dir='ltr'><strong>κινῇ</strong></span> <span class='ocrx_word' id='word_1_199' title='bbox 763 2616 886 2696; x_wconf 83' lang='grc' dir='ltr'><strong>πνεῦμα,</strong></span> <span class='ocrx_word' id='word_1_200' title='bbox 909 2615 1021 2698; x_wconf 78' lang='grc' dir='ltr'><strong>ἠρεμεῖ.</strong></span> <span class='ocrx_word' id='word_1_201' title='bbox 1058 2615 1209 2697; x_wconf 79' lang='grc' dir='ltr'><strong>Διοκλῆς</strong></span> <span class='ocrx_word' id='word_1_202' title='bbox 1230 2610 1404 2694; x_wconf 85' lang='grc' dir='ltr'><strong>ἐπιγέννημα</strong></span> <span class='ocrx_word' id='word_1_203' title='bbox 1422 2610 1494 2674; x_wconf 82' lang='grc' dir='ltr'><strong>εἶναι</strong></span> 
     </span>
     <span class='ocr_line' id='line_1_20' title="bbox 229 2712 1494 2802; baseline 0.001 -26"><span class='ocrx_word' id='word_1_204' title='bbox 229 2715 278 2777; x_wconf 86' lang='grc' dir='ltr'><strong>τὸν</strong></span> <span class='ocrx_word' id='word_1_205' title='bbox 293 2713 427 2797; x_wconf 89' lang='grc' dir='ltr'><strong>πυρετόν·</strong></span> <span class='ocrx_word' id='word_1_206' title='bbox 451 2712 605 2796; x_wconf 84' lang='grc' dir='ltr'><strong>ἐπιγίνεται</strong></span> <span class='ocrx_word' id='word_1_207' title='bbox 621 2715 654 2777; x_wconf 84' lang='grc' dir='ltr'><strong>δὲ</strong></span> <span class='ocrx_word' id='word_1_208' title='bbox 668 2716 808 2799; x_wconf 82' lang='grc' dir='ltr'><strong>τραύματι</strong></span> <span class='ocrx_word' id='word_1_209' title='bbox 831 2716 879 2780; x_wconf 81' lang='grc' dir='ltr'><strong>καί</strong></span> <span class='ocrx_word' id='word_1_210' title='bbox 902 2717 1036 2802; x_wconf 85' lang='grc' dir='ltr'><strong>βουβῶνι.</strong></span> <span class='ocrx_word' id='word_1_211' title='bbox 1076 2715 1271 2800; x_wconf 82' lang='grc' dir='ltr'><strong>Ἡρόδοτός</strong></span> <span class='ocrx_word' id='word_1_212' title='bbox 1293 2735 1379 2799; x_wconf 84' lang='grc' dir='ltr'><strong>φησιν</strong></span> <span class='ocrx_word' id='word_1_213' title='bbox 1403 2714 1494 2778; x_wconf 82' lang='grc' dir='ltr'><strong>ἐνίοτε</strong></span> 
     </span>
    </p>
   </div>
   <div class='ocr_carea' id='block_1_5' title="bbox 191 2815 1033 2903">
    <p class='ocr_par' dir='ltr' id='par_1_7' title="bbox 191 2815 1033 2903">
     <span class='ocr_line' id='line_1_21' title="bbox 191 2815 1033 2903; baseline 0.007 -28"><span class='ocrx_word' id='word_1_214' title='bbox 191 2835 216 2873; x_wconf 85' lang='grc' dir='ltr'><strong>νο</strong></span> <span class='ocrx_word' id='word_1_215' title='bbox 234 2818 378 2899; x_wconf 80' lang='grc' dir='ltr'><strong>μηδεμιᾶς</strong></span> <span class='ocrx_word' id='word_1_216' title='bbox 400 2815 493 2886; x_wconf 82' lang='grc' dir='ltr'><strong>αἰτίας</strong></span> <span class='ocrx_word' id='word_1_217' title='bbox 515 2817 758 2902; x_wconf 83' lang='grc' dir='ltr'><strong>προηγησαμένης</strong></span> <span class='ocrx_word' id='word_1_218' title='bbox 779 2817 925 2903; x_wconf 84' lang='grc' dir='ltr'><strong>πυρέττειν</strong></span> <span class='ocrx_word' id='word_1_219' title='bbox 947 2820 1033 2888; x_wconf 87' lang='grc' dir='ltr'><strong>τινάς.</strong></span> 
     </span>
    </p>
   </div>
   <div class='ocr_carea' id='block_1_6' title="bbox 561 3199 1154 3282">
    <p class='ocr_par' dir='ltr' id='par_1_8' title="bbox 561 3199 1154 3282">
     <span class='ocr_line' id='line_1_22' title="bbox 561 3199 1154 3282; baseline -0.022 -17"><span class='ocrx_word' id='word_1_220' title='bbox 561 3202 621 3265; x_wconf 82' lang='grc'><strong>132</strong></span> <span class='ocrx_word' id='word_1_221' title='bbox 658 3199 741 3282; x_wconf 80' lang='grc' dir='ltr'><strong>Περὶ</strong></span> <span class='ocrx_word' id='word_1_222' title='bbox 764 3200 884 3264; x_wconf 91' lang='grc' dir='ltr'><strong>νόσων.</strong></span> <span class='ocrx_word' id='word_1_223' title='bbox 923 3204 1154 3270; x_wconf 77' lang='lat' dir='ltr'>[Plut.v302.³]</span> 
     </span>
    </p>
   </div>
   <div class='ocr_carea' id='block_1_7' title="bbox 224 3383 1541 3677">
    <p class='ocr_par' dir='ltr' id='par_1_9' title="bbox 224 3383 1541 3677">
     <span class='ocr_line' id='line_1_23' title="bbox 317 3383 1541 3468; baseline 0 -22"><span class='ocrx_word' id='word_1_224' title='bbox 317 3387 473 3468; x_wconf 80' lang='grc' dir='ltr'><strong>Διοκλῆς</strong></span> <span class='ocrx_word' id='word_1_225' title='bbox 496 3386 589 3455; x_wconf 81' lang='grc' dir='ltr'><strong>αἰτίας</strong></span> <span class='ocrx_word' id='word_1_226' title='bbox 612 3387 746 3456; x_wconf 89' lang='grc' dir='ltr'><strong>πλείστας</strong></span> <span class='ocrx_word' id='word_1_227' title='bbox 766 3392 823 3450; x_wconf 85' lang='grc' dir='ltr'><strong>τῶν</strong></span> <span class='ocrx_word' id='word_1_228' title='bbox 846 3386 939 3451; x_wconf 91' lang='grc' dir='ltr'><strong>νόσων</strong></span> <span class='ocrx_word' id='word_1_229' title='bbox 968 3384 1005 3448; x_wconf 87' lang='grc' dir='ltr'><strong>δι’</strong></span> <span class='ocrx_word' id='word_1_230' title='bbox 1033 3385 1200 3468; x_wconf 90' lang='grc' dir='ltr'><strong>ἀνωμαλίαν</strong></span> <span class='ocrx_word' id='word_1_231' title='bbox 1227 3383 1356 3467; x_wconf 91' lang='grc' dir='ltr'><strong>γίνεσθαι</strong></span> <span class='ocrx_word' id='word_1_232' title='bbox 1379 3390 1437 3449; x_wconf 85' lang='grc' dir='ltr'><strong>τῶν</strong></span> <span class='ocrx_word' id='word_1_233' title='bbox 1460 3387 1489 3449; x_wconf 86' lang='grc' dir='ltr'><strong>έν</strong></span> <span class='ocrx_word' id='word_1_234' title='bbox 1506 3409 1541 3446; x_wconf 73' lang='grc' dir='ltr'><strong>τις</strong></span> 
     </span>
     <span class='ocr_line' id='line_1_24' title="bbox 224 3486 1490 3575; baseline 0 -25"><span class='ocrx_word' id='word_1_235' title='bbox 224 3495 267 3574; x_wconf 81' lang='grc' dir='ltr'><strong>τῷ</strong></span> <span class='ocrx_word' id='word_1_236' title='bbox 291 3492 404 3572; x_wconf 87' lang='grc' dir='ltr'><strong>σώματι</strong></span> <span class='ocrx_word' id='word_1_237' title='bbox 428 3489 579 3573; x_wconf 90' lang='grc' dir='ltr'><strong>στοιχείων</strong></span> <span class='ocrx_word' id='word_1_238' title='bbox 602 3490 650 3553; x_wconf 83' lang='grc' dir='ltr'><strong>καί</strong></span> <span class='ocrx_word' id='word_1_239' title='bbox 672 3494 724 3553; x_wconf 85' lang='grc' dir='ltr'><strong>τού</strong></span> <span class='ocrx_word' id='word_1_240' title='bbox 746 3491 967 3575; x_wconf 75' lang='grc' dir='ltr'><strong>καταστήματος</strong></span> <span class='ocrx_word' id='word_1_241' title='bbox 989 3488 1085 3572; x_wconf 87' lang='grc' dir='ltr'><strong>ἀέρος.</strong></span> <span class='ocrx_word' id='word_1_242' title='bbox 1121 3486 1289 3571; x_wconf 88' lang='grc' dir='ltr'><strong>Στράτων</strong></span> <span class='ocrx_word' id='word_1_243' title='bbox 1309 3488 1356 3550; x_wconf 92' lang='grc' dir='ltr'><strong>διά</strong></span> <span class='ocrx_word' id='word_1_244' title='bbox 1376 3489 1490 3572; x_wconf 77' lang='grc' dir='ltr'><strong>πλῆθος</strong></span> 
     </span>
     <span class='ocr_line' id='line_1_25' title="bbox 226 3591 691 3677; baseline 0.002 -22"><span class='ocrx_word' id='word_1_245' title='bbox 226 3598 335 3677; x_wconf 79' lang='grc' dir='ltr'><strong>τροφῆς</strong></span> <span class='ocrx_word' id='word_1_246' title='bbox 357 3593 486 3674; x_wconf 91' lang='grc' dir='ltr'><strong>γίνεσθαι</strong></span> <span class='ocrx_word' id='word_1_247' title='bbox 508 3591 559 3661; x_wconf 82' lang='grc' dir='ltr'><strong>τὰς</strong></span> <span class='ocrx_word' id='word_1_248' title='bbox 581 3593 691 3662; x_wconf 86' lang='grc' dir='ltr'><strong>νόσους.</strong></span> 
     </span>
    </p>
   </div>
   <div class='ocr_carea' id='block_1_8' title="bbox 177 3775 1086 3786">
    <p class='ocr_par' dir='ltr' id='par_1_10' title="bbox 177 3775 1086 3786">
     <span class='ocr_line' id='line_1_26' title="bbox 177 3775 1086 3786; baseline 0 -2"><span class='ocrx_word' id='word_1_249' title='bbox 177 3777 379 3784; x_wconf 82' lang='lat'><em>--—-——</em></span> <span class='ocrx_word' id='word_1_250' title='bbox 885 3775 1086 3786; x_wconf 76' lang='lat'><strong>.--————</strong></span> 
     </span>
    </p>
   </div>
   <div class='ocr_carea' id='block_1_9' title="bbox 1337 3830 1353 3882">
    <p class='ocr_par' dir='ltr' id='par_1_11' title="bbox 1337 3830 1353 3882">
     <span class='ocr_line' id='line_1_27' title="bbox 1337 3830 1353 3882; baseline 0 0"><span class='ocrx_word' id='word_1_251' title='bbox 1337 3830 1353 3882; x_wconf 96' lang='grc' dir='ltr'><strong>λ</strong></span> 
     </span>
    </p>
   </div>
   <div class='ocr_carea' id='block_1_10' title="bbox 174 3900 1541 4935">
    <p class='ocr_par' dir='ltr' id='par_1_12' title="bbox 177 3900 1539 4147">
     <span class='ocr_line' id='line_1_28' title="bbox 178 3900 1538 3973; baseline -0.001 -16"><span class='ocrx_word' id='word_1_252' title='bbox 178 3904 192 3957; x_wconf 95' lang='lat' dir='ltr'>l</span> <span class='ocrx_word' id='word_1_253' title='bbox 214 3915 273 3970; x_wconf 82' lang='lat' dir='ltr'>post</span> <span class='ocrx_word' id='word_1_254' title='bbox 291 3900 464 3972; x_wconf 86' lang='grc' dir='ltr'><strong>ἀναχαλᾶσθαι</strong></span> <span class='ocrx_word' id='word_1_255' title='bbox 482 3906 602 3955; x_wconf 75' lang='lat' dir='ltr'>lacunam</span> <span class='ocrx_word' id='word_1_256' title='bbox 621 3920 670 3955; x_wconf 85' lang='lat' dir='ltr'><strong>xiv</strong></span> <span class='ocrx_word' id='word_1_257' title='bbox 685 3906 732 3955; x_wconf 76' lang='lat' dir='ltr'>litt„</span> <span class='ocrx_word' id='word_1_258' title='bbox 746 3907 833 3956; x_wconf 76' lang='lat' dir='ltr'>nescio</span> <span class='ocrx_word' id='word_1_259' title='bbox 885 3905 968 3958; x_wconf 84' lang='grc' dir='ltr'><strong>πλεῖον</strong></span> <span class='ocrx_word' id='word_1_260' title='bbox 992 3909 1098 3971; x_wconf 83' lang='lat' dir='ltr'>propius</span> <span class='ocrx_word' id='word_1_261' title='bbox 1122 3913 1161 3955; x_wconf 80' lang='lat' dir='ltr'><strong>est</strong></span> <span class='ocrx_word' id='word_1_262' title='bbox 1184 3906 1215 3955; x_wconf 82' lang='lat' dir='ltr'><strong>cf.</strong></span> <span class='ocrx_word' id='word_1_263' title='bbox 1235 3906 1316 3956; x_wconf 69' lang='lat' dir='ltr'>Plan:</span> <span class='ocrx_word' id='word_1_264' title='bbox 1334 3902 1362 3953; x_wconf 88' lang='grc' dir='ltr'><strong>τί</strong></span> <span class='ocrx_word' id='word_1_265' title='bbox 1380 3905 1406 3953; x_wconf 99' lang='lat' dir='ltr'>A</span> <span class='ocrx_word' id='word_1_266' title='bbox 1427 3902 1441 3971; x_wconf 86' lang='grc' dir='ltr'><strong>ΙΙ</strong></span> <span class='ocrx_word' id='word_1_267' title='bbox 1459 3921 1538 3973; x_wconf 90' lang='grc' dir='ltr'><strong>παρα-</strong></span> 
     </span>
     <span class='ocr_line' id='line_1_29' title="bbox 177 3985 1539 4061; baseline -0.001 -17"><span class='ocrx_word' id='word_1_268' title='bbox 177 4009 230 4057; x_wconf 77' lang='lat' dir='ltr'><strong>qna</strong></span> <span class='ocrx_word' id='word_1_269' title='bbox 248 3994 280 4043; x_wconf 83' lang='lat' dir='ltr'><strong>de</strong></span> <span class='ocrx_word' id='word_1_270' title='bbox 304 4009 395 4044; x_wconf 75' lang='lat' dir='ltr'><strong>caussa</strong></span> <span class='ocrx_word' id='word_1_271' title='bbox 418 3992 557 4042; x_wconf 75' lang='lat' dir='ltr'>indicntB</span> <span class='ocrx_word' id='word_1_272' title='bbox 584 3986 596 4058; x_wconf 75' lang='grc' dir='ltr'><strong>β</strong></span> <span class='ocrx_word' id='word_1_273' title='bbox 621 3989 691 4058; x_wconf 86' lang='grc' dir='ltr'><strong>βαρεῖ</strong></span> <span class='ocrx_word' id='word_1_274' title='bbox 709 3992 735 4042; x_wconf 87' lang='lat' dir='ltr'>A</span> <span class='ocrx_word' id='word_1_275' title='bbox 755 3989 769 4059; x_wconf 80' lang='grc' dir='ltr'><strong>ΙΙ</strong></span> <span class='ocrx_word' id='word_1_276' title='bbox 789 3991 834 4058; x_wconf 80' lang='grc' dir='ltr'><strong>μὲν</strong></span> <span class='ocrx_word' id='word_1_277' title='bbox 885 3994 952 4061; x_wconf 85' lang='grc' dir='ltr'><strong>μένει</strong></span> <span class='ocrx_word' id='word_1_278' title='bbox 970 3997 996 4044; x_wconf 92' lang='lat' dir='ltr'>A</span> <span class='ocrx_word' id='word_1_279' title='bbox 1017 3991 1031 4059; x_wconf 78' lang='grc' dir='ltr'><strong>ΙΙ</strong></span> <span class='ocrx_word' id='word_1_280' title='bbox 1057 3991 1088 4044; x_wconf 80' lang='lat'><strong>12</strong></span> <span class='ocrx_word' id='word_1_281' title='bbox 1107 3990 1232 4061; x_wconf 87' lang='grc' dir='ltr'><strong>διαφόρων</strong></span> <span class='ocrx_word' id='word_1_282' title='bbox 1249 3993 1275 4041; x_wconf 99' lang='lat' dir='ltr'>A</span> <span class='ocrx_word' id='word_1_283' title='bbox 1295 3985 1309 4057; x_wconf 88' lang='grc' dir='ltr'><strong>ΙΙ</strong></span> <span class='ocrx_word' id='word_1_284' title='bbox 1328 3994 1380 4040; x_wconf 85' lang='grc' dir='ltr'><strong>τῶν</strong></span> <span class='ocrx_word' id='word_1_285' title='bbox 1398 3989 1539 4060; x_wconf 85' lang='grc' dir='ltr'><strong>τρεφόντων</strong></span> 
     </span>
     <span class='ocr_line' id='line_1_30' title="bbox 177 4073 1509 4147; baseline 0 -17"><span class='ocrx_word' id='word_1_286' title='bbox 177 4078 223 4131; x_wconf 76' lang='grc' dir='ltr'><strong>οὖν</strong></span> <span class='ocrx_word' id='word_1_287' title='bbox 241 4079 296 4140; x_wconf 73' lang='grc' dir='ltr'><strong>ζῶα</strong></span> <span class='ocrx_word' id='word_1_288' title='bbox 314 4081 372 4131; x_wconf 90' lang='lat' dir='ltr'><strong>AB.</strong></span> <span class='ocrx_word' id='word_1_289' title='bbox 400 4080 432 4128; x_wconf 81' lang='lat' dir='ltr'><strong>de</strong></span> <span class='ocrx_word' id='word_1_290' title='bbox 456 4080 555 4128; x_wconf 77' lang='lat' dir='ltr'><strong>lacunis</strong></span> <span class='ocrx_word' id='word_1_291' title='bbox 578 4079 608 4126; x_wconf 82' lang='lat' dir='ltr'><strong>cf.</strong></span> <span class='ocrx_word' id='word_1_292' title='bbox 628 4079 696 4127; x_wconf 87' lang='lat' dir='ltr'>Plut.</span> <span class='ocrx_word' id='word_1_293' title='bbox 717 4073 731 4144; x_wconf 86' lang='grc' dir='ltr'><strong>ΙΙ</strong></span> <span class='ocrx_word' id='word_1_294' title='bbox 755 4076 834 4129; x_wconf 70' lang='lat' dir='ltr'><strong>omi</strong></span> <span class='ocrx_word' id='word_1_295' title='bbox 885 4084 911 4133; x_wconf 87' lang='lat' dir='ltr'>A</span> <span class='ocrx_word' id='word_1_296' title='bbox 931 4079 945 4147; x_wconf 89' lang='grc' dir='ltr'><strong>ΙΙ</strong></span> <span class='ocrx_word' id='word_1_297' title='bbox 968 4079 999 4133; x_wconf 86' lang='grc'><strong>13</strong></span> <span class='ocrx_word' id='word_1_298' title='bbox 1018 4082 1070 4130; x_wconf 83' lang='grc' dir='ltr'><strong>τῶν</strong></span> <span class='ocrx_word' id='word_1_299' title='bbox 1089 4097 1138 4129; x_wconf 87' lang='lat' dir='ltr'><strong>om.</strong></span> <span class='ocrx_word' id='word_1_300' title='bbox 1159 4081 1182 4129; x_wconf 93' lang='lat' dir='ltr'>B</span> <span class='ocrx_word' id='word_1_301' title='bbox 1202 4073 1215 4146; x_wconf 69' lang='grc' dir='ltr'><strong>Ιλ</strong></span> <span class='ocrx_word' id='word_1_302' title='bbox 1238 4078 1270 4129; x_wconf 90' lang='grc'><strong>14</strong></span> <span class='ocrx_word' id='word_1_303' title='bbox 1289 4075 1465 4129; x_wconf 85' lang='grc' dir='ltr'><strong>διαλλάττοντα</strong></span> <span class='ocrx_word' id='word_1_304' title='bbox 1483 4083 1509 4130; x_wconf 91' lang='lat' dir='ltr'>A</span> 
     </span>
    </p>

    <p class='ocr_par' dir='ltr' id='par_1_13' title="bbox 174 4161 1541 4935">
     <span class='ocr_line' id='line_1_31' title="bbox 176 4161 1539 4236; baseline -0.001 -17"><span class='ocrx_word' id='word_1_305' title='bbox 176 4170 264 4220; x_wconf 90' lang='lat' dir='ltr'>om.B</span> <span class='ocrx_word' id='word_1_306' title='bbox 284 4163 299 4236; x_wconf 91' lang='grc' dir='ltr'><strong>ΙΙ</strong></span> <span class='ocrx_word' id='word_1_307' title='bbox 320 4165 336 4219; x_wconf 88' lang='grc'>3</span> <span class='ocrx_word' id='word_1_308' title='bbox 355 4163 495 4234; x_wconf 79' lang='grc' dir='ltr'><strong>δρμητικήν</strong></span> <span class='ocrx_word' id='word_1_309' title='bbox 518 4163 642 4232; x_wconf 78' lang='grc' dir='ltr'><strong>ψυχηνΒ</strong></span> <span class='ocrx_word' id='word_1_310' title='bbox 668 4161 681 4230; x_wconf 76' lang='grc' dir='ltr'><strong>ΙΙ</strong></span> <span class='ocrx_word' id='word_1_311' title='bbox 706 4167 835 4216; x_wconf 80' lang='lat' dir='ltr'>intercidit</span> <span class='ocrx_word' id='word_1_312' title='bbox 923 4169 954 4221; x_wconf 79' lang='lat'><strong>15</strong></span> <span class='ocrx_word' id='word_1_313' title='bbox 978 4173 1032 4225; x_wconf 84' lang='grc' dir='ltr'><strong>πῶς</strong></span> <span class='ocrx_word' id='word_1_314' title='bbox 1055 4165 1158 4234; x_wconf 88' lang='grc' dir='ltr'><strong>πυρετὸς</strong></span> <span class='ocrx_word' id='word_1_315' title='bbox 1181 4165 1271 4234; x_wconf 87' lang='grc' dir='ltr'><strong>γίνεται</strong></span> <span class='ocrx_word' id='word_1_316' title='bbox 1294 4167 1411 4217; x_wconf 83' lang='lat' dir='ltr'>inscribit</span> <span class='ocrx_word' id='word_1_317' title='bbox 1428 4166 1451 4216; x_wconf 92' lang='lat' dir='ltr'><strong>B</strong></span> <span class='ocrx_word' id='word_1_318' title='bbox 1471 4163 1485 4233; x_wconf 90' lang='grc' dir='ltr'><strong>ΙΙ</strong></span> <span class='ocrx_word' id='word_1_319' title='bbox 1507 4167 1539 4221; x_wconf 88' lang='grc'><strong>18</strong></span> 
     </span>
     <span class='ocr_line' id='line_1_32' title="bbox 175 4250 1541 4323; baseline -0.002 -15"><span class='ocrx_word' id='word_1_320' title='bbox 175 4259 303 4308; x_wconf 77' lang='lat' dir='ltr'>enuntiati</span> <span class='ocrx_word' id='word_1_321' title='bbox 332 4258 492 4319; x_wconf 74' lang='lat' dir='ltr'>aliquantum</span> <span class='ocrx_word' id='word_1_322' title='bbox 524 4254 593 4304; x_wconf 83' lang='lat' dir='ltr'>hand</span> <span class='ocrx_word' id='word_1_323' title='bbox 622 4254 699 4302; x_wconf 82' lang='lat' dir='ltr'>dubio</span> <span class='ocrx_word' id='word_1_324' title='bbox 729 4262 833 4318; x_wconf 81' lang='lat' dir='ltr'>proptor</span> <span class='ocrx_word' id='word_1_325' title='bbox 885 4257 942 4323; x_wconf 81' lang='grc' dir='ltr'><strong>κινή</strong></span> <span class='ocrx_word' id='word_1_326' title='bbox 965 4252 1044 4322; x_wconf 76' lang='grc' dir='ltr'><strong>αύτίην</strong></span> <span class='ocrx_word' id='word_1_327' title='bbox 1067 4255 1163 4320; x_wconf 77' lang='grc' dir='ltr'><strong>πνεῦμα</strong></span> <span class='ocrx_word' id='word_1_328' title='bbox 1188 4256 1226 4304; x_wconf 87' lang='lat' dir='ltr'><strong>A:</strong></span> <span class='ocrx_word' id='word_1_329' title='bbox 1255 4250 1333 4321; x_wconf 75' lang='grc' dir='ltr'><strong>αὐτὴν</strong></span> <span class='ocrx_word' id='word_1_330' title='bbox 1358 4255 1455 4320; x_wconf 82' lang='grc' dir='ltr'><strong>πνεῦμα</strong></span> <span class='ocrx_word' id='word_1_331' title='bbox 1477 4258 1541 4306; x_wconf 76' lang='grc' dir='ltr'><strong>κινεῖ</strong></span> 
     </span>
     <span class='ocr_line' id='line_1_33' title="bbox 174 4336 1539 4410; baseline -0.002 -14"><span class='ocrx_word' id='word_1_332' title='bbox 174 4347 404 4396; x_wconf 78' lang='lat' dir='ltr'>homoeoteleuton</span> <span class='ocrx_word' id='word_1_333' title='bbox 446 4338 585 4410; x_wconf 89' lang='grc' dir='ltr'><strong>δρμητικήν</strong></span> <span class='ocrx_word' id='word_1_334' title='bbox 605 4337 760 4408; x_wconf 85' lang='grc' dir='ltr'><strong>-λογικήν</strong></span> <span class='ocrx_word' id='word_1_335' title='bbox 801 4343 832 4392; x_wconf 82' lang='lat' dir='ltr'><strong>of.</strong></span> <span class='ocrx_word' id='word_1_336' title='bbox 884 4342 907 4392; x_wconf 92' lang='lat' dir='ltr'><strong>B</strong></span> <span class='ocrx_word' id='word_1_337' title='bbox 931 4336 945 4406; x_wconf 83' lang='grc' dir='ltr'><strong>ΙΙ</strong></span> <span class='ocrx_word' id='word_1_338' title='bbox 973 4340 1003 4392; x_wconf 86' lang='grc'><strong>19</strong></span> <span class='ocrx_word' id='word_1_339' title='bbox 1029 4339 1159 4409; x_wconf 74' lang='grc' dir='ltr'><strong>ἐπιγίνεται</strong></span> <span class='ocrx_word' id='word_1_340' title='bbox 1180 4342 1226 4409; x_wconf 80' lang='grc' dir='ltr'><strong>γὰρ</strong></span> <span class='ocrx_word' id='word_1_341' title='bbox 1247 4341 1373 4409; x_wconf 86' lang='grc' dir='ltr'><strong>πράγματι</strong></span> <span class='ocrx_word' id='word_1_342' title='bbox 1396 4344 1418 4393; x_wconf 90' lang='grc' dir='ltr'>Β</span> <span class='ocrx_word' id='word_1_343' title='bbox 1438 4337 1451 4409; x_wconf 78' lang='grc' dir='ltr'><strong>ΙΙ</strong></span> <span class='ocrx_word' id='word_1_344' title='bbox 1469 4336 1539 4410; x_wconf 66' lang='grc' dir='ltr'><strong>Ἠρό-</strong></span> 
     </span>
     <span class='ocr_line' id='line_1_34' title="bbox 174 4423 1538 4500; baseline -0.003 -16"><span class='ocrx_word' id='word_1_345' title='bbox 174 4435 245 4484; x_wconf 85' lang='lat' dir='ltr'>Plnt.</span> <span class='ocrx_word' id='word_1_346' title='bbox 269 4428 283 4500; x_wconf 86' lang='grc' dir='ltr'><strong>ΙΙ</strong></span> <span class='ocrx_word' id='word_1_347' title='bbox 307 4433 324 4484; x_wconf 85' lang='grc'><strong>4</strong></span> <span class='ocrx_word' id='word_1_348' title='bbox 347 4434 447 4497; x_wconf 84' lang='grc' dir='ltr'><strong>πρῶτον</strong></span> <span class='ocrx_word' id='word_1_349' title='bbox 470 4430 492 4479; x_wconf 85' lang='grc' dir='ltr'>Β</span> <span class='ocrx_word' id='word_1_350' title='bbox 517 4424 532 4496; x_wconf 78' lang='grc' dir='ltr'><strong>ΙΙ</strong></span> <span class='ocrx_word' id='word_1_351' title='bbox 559 4427 588 4478; x_wconf 86' lang='grc' dir='ltr'><strong>ἐκ</strong></span> <span class='ocrx_word' id='word_1_352' title='bbox 614 4425 688 4487; x_wconf 73' lang='grc' dir='ltr'><strong>ζίνων</strong></span> <span class='ocrx_word' id='word_1_353' title='bbox 712 4425 831 4495; x_wconf 85' lang='grc' dir='ltr'><strong>ἀναφύον-</strong></span> <span class='ocrx_word' id='word_1_354' title='bbox 883 4427 954 4485; x_wconf 87' lang='grc' dir='ltr'><strong>δοτος</strong></span> <span class='ocrx_word' id='word_1_355' title='bbox 973 4431 1050 4479; x_wconf 89' lang='lat' dir='ltr'>immo</span> <span class='ocrx_word' id='word_1_356' title='bbox 1060 4423 1190 4497; x_wconf 83' lang='grc' dir='ltr'><strong>Ἡρόφιλος</strong></span> <span class='ocrx_word' id='word_1_357' title='bbox 1208 4432 1238 4480; x_wconf 81' lang='lat' dir='ltr'><strong>of.</strong></span> <span class='ocrx_word' id='word_1_358' title='bbox 1251 4431 1322 4482; x_wconf 87' lang='lat' dir='ltr'>Prol.</span> <span class='ocrx_word' id='word_1_359' title='bbox 1336 4447 1361 4495; x_wconf 84' lang='lat' dir='ltr'><strong>p.</strong></span> <span class='ocrx_word' id='word_1_360' title='bbox 1374 4427 1408 4482; x_wconf 78' lang='lat'><strong>39</strong></span> <span class='ocrx_word' id='word_1_361' title='bbox 1428 4429 1441 4495; x_wconf 81' lang='grc' dir='ltr'><strong>ΙΙ</strong></span> <span class='ocrx_word' id='word_1_362' title='bbox 1462 4427 1538 4480; x_wconf 81' lang='grc' dir='ltr'><strong>ἐνίοτε</strong></span> 
     </span>
     <span class='ocr_line' id='line_1_35' title="bbox 174 4510 1538 4587; baseline -0.003 -17"><span class='ocrx_word' id='word_1_363' title='bbox 174 4537 216 4570; x_wconf 90' lang='grc' dir='ltr'><strong>ται</strong></span> <span class='ocrx_word' id='word_1_364' title='bbox 239 4517 320 4587; x_wconf 88' lang='grc' dir='ltr'><strong>όλίγον</strong></span> <span class='ocrx_word' id='word_1_365' title='bbox 344 4515 483 4587; x_wconf 84' lang='grc' dir='ltr'><strong>περιπολεῖν</strong></span> <span class='ocrx_word' id='word_1_366' title='bbox 505 4518 539 4568; x_wconf 83' lang='grc' dir='ltr'><strong>Βι</strong></span> <span class='ocrx_word' id='word_1_367' title='bbox 563 4520 615 4564; x_wconf 84' lang='grc' dir='ltr'><strong>τῶν</strong></span> <span class='ocrx_word' id='word_1_368' title='bbox 638 4512 712 4573; x_wconf 75' lang='grc' dir='ltr'><strong>ζώων</strong></span> <span class='ocrx_word' id='word_1_369' title='bbox 735 4513 764 4566; x_wconf 84' lang='grc' dir='ltr'><strong>ἐκ</strong></span> <span class='ocrx_word' id='word_1_370' title='bbox 787 4519 833 4583; x_wconf 79' lang='grc' dir='ltr'><strong>τῆς</strong></span> <span class='ocrx_word' id='word_1_371' title='bbox 885 4533 935 4567; x_wconf 88' lang='lat' dir='ltr'><strong>om.</strong></span> <span class='ocrx_word' id='word_1_372' title='bbox 955 4517 977 4566; x_wconf 90' lang='lat' dir='ltr'>B</span> <span class='ocrx_word' id='word_1_373' title='bbox 999 4510 1013 4583; x_wconf 83' lang='grc' dir='ltr'><strong>ΙΙ</strong></span> <span class='ocrx_word' id='word_1_374' title='bbox 1033 4515 1063 4567; x_wconf 79' lang='lat'><strong>21</strong></span> <span class='ocrx_word' id='word_1_375' title='bbox 1085 4519 1185 4568; x_wconf 84' lang='lat' dir='ltr'>titulum</span> <span class='ocrx_word' id='word_1_376' title='bbox 1204 4534 1254 4567; x_wconf 86' lang='lat' dir='ltr'><strong>om.</strong></span> <span class='ocrx_word' id='word_1_377' title='bbox 1273 4518 1295 4568; x_wconf 94' lang='lat' dir='ltr'><strong>B</strong></span> <span class='ocrx_word' id='word_1_378' title='bbox 1317 4512 1331 4584; x_wconf 79' lang='grc' dir='ltr'><strong>ΙΙ</strong></span> <span class='ocrx_word' id='word_1_379' title='bbox 1351 4514 1385 4567; x_wconf 73' lang='lat'><strong>23</strong></span> <span class='ocrx_word' id='word_1_380' title='bbox 1403 4518 1448 4566; x_wconf 80' lang='grc' dir='ltr'><strong>τοῦ</strong></span> <span class='ocrx_word' id='word_1_381' title='bbox 1466 4514 1538 4584; x_wconf 86' lang='grc' dir='ltr'><strong>ἀέρος</strong></span> 
     </span>
     <span class='ocr_line' id='line_1_36' title="bbox 175 4598 1538 4676; baseline -0.002 -18"><span class='ocrx_word' id='word_1_382' title='bbox 175 4610 222 4676; x_wconf 85' lang='grc' dir='ltr'><strong>γῆς</strong></span> <span class='ocrx_word' id='word_1_383' title='bbox 250 4604 371 4675; x_wconf 85' lang='grc' dir='ltr'><strong>ἀναφύναι</strong></span> <span class='ocrx_word' id='word_1_384' title='bbox 393 4602 475 4672; x_wconf 87' lang='grc' dir='ltr'><strong>ἀλίγον</strong></span> <span class='ocrx_word' id='word_1_385' title='bbox 503 4604 558 4671; x_wconf 73' lang='grc' dir='ltr'><strong>περὶ</strong></span> <span class='ocrx_word' id='word_1_386' title='bbox 582 4600 645 4654; x_wconf 90' lang='grc' dir='ltr'><strong>πολύ</strong></span> <span class='ocrx_word' id='word_1_387' title='bbox 668 4605 693 4653; x_wconf 91' lang='lat' dir='ltr'>A</span> <span class='ocrx_word' id='word_1_388' title='bbox 711 4599 727 4668; x_wconf 76' lang='grc' dir='ltr'>Η</span> <span class='ocrx_word' id='word_1_389' title='bbox 751 4601 767 4654; x_wconf 86' lang='grc'>5</span> <span class='ocrx_word' id='word_1_390' title='bbox 790 4601 832 4652; x_wconf 87' lang='grc' dir='ltr'><strong>τὸν</strong></span> <span class='ocrx_word' id='word_1_391' title='bbox 884 4605 906 4655; x_wconf 92' lang='grc' dir='ltr'>Β</span> <span class='ocrx_word' id='word_1_392' title='bbox 928 4599 941 4672; x_wconf 80' lang='grc' dir='ltr'><strong>ΙΙ</strong></span> <span class='ocrx_word' id='word_1_393' title='bbox 961 4602 1040 4672; x_wconf 86' lang='grc' dir='ltr'><strong>ἀέρος.</strong></span> <span class='ocrx_word' id='word_1_394' title='bbox 1059 4599 1178 4671; x_wconf 82' lang='grc' dir='ltr'><strong>Στράτων</strong></span> <span class='ocrx_word' id='word_1_395' title='bbox 1191 4622 1223 4655; x_wconf 79' lang='lat' dir='ltr'><strong>ex</strong></span> <span class='ocrx_word' id='word_1_396' title='bbox 1235 4607 1340 4655; x_wconf 83' lang='lat' dir='ltr'>nomino</span> <span class='ocrx_word' id='word_1_397' title='bbox 1352 4598 1538 4672; x_wconf 83' lang='grc' dir='ltr'><strong>Ἐρασίστρατος</strong></span> 
     </span>
     <span class='ocr_line' id='line_1_37' title="bbox 175 4686 1537 4761; baseline -0.001 -17"><span class='ocrx_word' id='word_1_398' title='bbox 175 4711 227 4745; x_wconf 90' lang='lat' dir='ltr'><strong>om.</strong></span> <span class='ocrx_word' id='word_1_399' title='bbox 249 4695 272 4744; x_wconf 92' lang='lat' dir='ltr'>B</span> <span class='ocrx_word' id='word_1_400' title='bbox 301 4689 313 4759; x_wconf 91' lang='grc' dir='ltr'><strong>ΙΙ</strong></span> <span class='ocrx_word' id='word_1_401' title='bbox 345 4691 486 4761; x_wconf 78' lang='grc' dir='ltr'><strong>όίχεινΒ</strong></span> <span class='ocrx_word' id='word_1_402' title='bbox 511 4686 524 4757; x_wconf 79' lang='grc' dir='ltr'>Η</span> <span class='ocrx_word' id='word_1_403' title='bbox 549 4696 601 4741; x_wconf 85' lang='grc' dir='ltr'><strong>τῶν</strong></span> <span class='ocrx_word' id='word_1_404' title='bbox 629 4689 655 4742; x_wconf 84' lang='grc' dir='ltr'><strong>ἐν</strong></span> <span class='ocrx_word' id='word_1_405' title='bbox 673 4694 704 4758; x_wconf 79' lang='grc' dir='ltr'><strong>τη</strong></span> <span class='ocrx_word' id='word_1_406' title='bbox 724 4693 756 4758; x_wconf 81' lang='grc' dir='ltr'><strong>γή</strong></span> <span class='ocrx_word' id='word_1_407' title='bbox 775 4687 831 4758; x_wconf 86' lang='grc' dir='ltr'><strong>θερ-</strong></span> <span class='ocrx_word' id='word_1_408' title='bbox 884 4695 971 4743; x_wconf 81' lang='lat' dir='ltr'>nescio</span> <span class='ocrx_word' id='word_1_409' title='bbox 999 4708 1032 4743; x_wconf 73' lang='lat' dir='ltr'><strong>an</strong></span> <span class='ocrx_word' id='word_1_410' title='bbox 1061 4708 1077 4742; x_wconf 79' lang='lat' dir='ltr'><strong>a</strong></span> <span class='ocrx_word' id='word_1_411' title='bbox 1100 4695 1201 4744; x_wconf 80' lang='lat' dir='ltr'>Galeno</span> <span class='ocrx_word' id='word_1_412' title='bbox 1229 4692 1341 4742; x_wconf 79' lang='lat' dir='ltr'>effictum</span> <span class='ocrx_word' id='word_1_413' title='bbox 1364 4694 1404 4741; x_wconf 80' lang='lat' dir='ltr'>sit.</span> <span class='ocrx_word' id='word_1_414' title='bbox 1436 4694 1462 4743; x_wconf 93' lang='lat' dir='ltr'><strong>in</strong></span> <span class='ocrx_word' id='word_1_415' title='bbox 1485 4693 1537 4743; x_wconf 80' lang='lat' dir='ltr'><strong>fine</strong></span> 
     </span>
     <span class='ocr_line' id='line_1_38' title="bbox 176 4774 1537 4848; baseline 0 -17"><span class='ocrx_word' id='word_1_416' title='bbox 176 4784 233 4847; x_wconf 84' lang='grc' dir='ltr'><strong>μῶν</strong></span> <span class='ocrx_word' id='word_1_417' title='bbox 260 4782 285 4831; x_wconf 94' lang='lat' dir='ltr'>A</span> <span class='ocrx_word' id='word_1_418' title='bbox 314 4775 328 4847; x_wconf 90' lang='grc' dir='ltr'><strong>ΙΙ</strong></span> <span class='ocrx_word' id='word_1_419' title='bbox 359 4781 374 4833; x_wconf 86' lang='grc'>9</span> <span class='ocrx_word' id='word_1_420' title='bbox 398 4777 506 4836; x_wconf 81' lang='grc' dir='ltr'><strong>ἐλλττπὲς</strong></span> <span class='ocrx_word' id='word_1_421' title='bbox 533 4782 559 4829; x_wconf 92' lang='lat' dir='ltr'>A</span> <span class='ocrx_word' id='word_1_422' title='bbox 588 4775 601 4845; x_wconf 82' lang='grc' dir='ltr'><strong>ΙΙ</strong></span> <span class='ocrx_word' id='word_1_423' title='bbox 628 4776 832 4847; x_wconf 71' lang='grc' dir='ltr'><strong>ἐξηκμαζομένου</strong></span> <span class='ocrx_word' id='word_1_424' title='bbox 884 4783 974 4846; x_wconf 72' lang='lat' dir='ltr'>capitis</span> <span class='ocrx_word' id='word_1_425' title='bbox 992 4781 1065 4831; x_wconf 83' lang='lat' dir='ltr'>nddit</span> <span class='ocrx_word' id='word_1_426' title='bbox 1082 4780 1230 4831; x_wconf 76' lang='lat' dir='ltr'>Chartorino</span> <span class='ocrx_word' id='word_1_427' title='bbox 1249 4774 1396 4846; x_wconf 87' lang='grc' dir='ltr'><strong>Πυθαγόρας</strong></span> <span class='ocrx_word' id='word_1_428' title='bbox 1414 4779 1475 4848; x_wconf 84' lang='grc' dir='ltr'><strong>φησὶ</strong></span> <span class='ocrx_word' id='word_1_429' title='bbox 1493 4779 1537 4836; x_wconf 86' lang='grc' dir='ltr'><strong>τάς</strong></span> 
     </span>
     <span class='ocr_line' id='line_1_39' title="bbox 176 4861 1537 4935; baseline 0.001 -18"><span class='ocrx_word' id='word_1_430' title='bbox 176 4867 225 4921; x_wconf 87' lang='lat' dir='ltr'><strong>AB</strong></span> <span class='ocrx_word' id='word_1_431' title='bbox 250 4862 264 4932; x_wconf 82' lang='grc' dir='ltr'><strong>ΙΙ</strong></span> <span class='ocrx_word' id='word_1_432' title='bbox 294 4864 326 4918; x_wconf 86' lang='grc'><strong>10</strong></span> <span class='ocrx_word' id='word_1_433' title='bbox 345 4865 546 4935; x_wconf 86' lang='grc' dir='ltr'><strong>φυλλοφορεῖνΒ</strong></span> <span class='ocrx_word' id='word_1_434' title='bbox 569 4861 581 4931; x_wconf 66' lang='lat' dir='ltr'><strong>li</strong></span> <span class='ocrx_word' id='word_1_435' title='bbox 603 4865 735 4919; x_wconf 85' lang='grc' dir='ltr'><strong>τέλειονΒ</strong></span> <span class='ocrx_word' id='word_1_436' title='bbox 763 4868 831 4932; x_wconf 85' lang='lat' dir='ltr'>qnod</span> <span class='ocrx_word' id='word_1_437' title='bbox 883 4864 969 4923; x_wconf 88' lang='grc' dir='ltr'><strong>νόσους</strong></span> <span class='ocrx_word' id='word_1_438' title='bbox 988 4862 1097 4933; x_wconf 85' lang='grc' dir='ltr'><strong>γίνεσθαι</strong></span> <span class='ocrx_word' id='word_1_439' title='bbox 1116 4863 1171 4916; x_wconf 86' lang='grc' dir='ltr'><strong>κτλ.</strong></span> <span class='ocrx_word' id='word_1_440' title='bbox 1191 4869 1277 4931; x_wconf 82' lang='lat' dir='ltr'>quode</span> <span class='ocrx_word' id='word_1_441' title='bbox 1296 4869 1411 4920; x_wconf 83' lang='lat' dir='ltr'>cf.Prol.</span> <span class='ocrx_word' id='word_1_442' title='bbox 1431 4885 1455 4933; x_wconf 87' lang='lat' dir='ltr'><strong>p.</strong></span> <span class='ocrx_word' id='word_1_443' title='bbox 1469 4864 1537 4919; x_wconf 72' lang='lat'><strong>240⁹</strong></span> 
     </span>
    </p>
   </div>
   <div class='ocr_carea' id='block_1_11' title="bbox 0 0 1726 5588">
    <p class='ocr_par' dir='ltr' id='par_1_14' title="bbox 0 0 1726 5588">
     <span class='ocr_line' id='line_1_40' title="bbox 0 0 1726 5588; baseline 0 4"><span class='ocrx_word' id='word_1_444' title='bbox 0 0 1726 5588; x_wconf 95' lang='lat' dir='ltr'><strong> </strong></span> 
     </span>
    </p>
   </div>
  </div>
 </body>
</html>
