3442 5588
432 348 690 400 FRAGMENTUM
708 349 759 399 DF
778 347 951 401 SFNSIBUS
969 347 1102 412 §eh—70
1387 349 1451 413 519

135 523 307 604 περιφεροῦς
327 519 375 582 καὶ
391 517 471 588 όῖέος
485 519 533 581 καί
549 522 608 582 τῶν
624 519 743 581 λοιπῶν.
781 516 815 581 οῦ
831 515 856 580 δ’
879 515 913 580 ἂν
934 517 988 599 ἐνῇ
1010 520 1153 595 πλεῖστον,
1174 522 1260 584 τοῦτο
1275 521 1401 604 μαλιστα

134 622 277 708 ἐνισχύειν
299 622 371 706 πρός
393 644 425 684 τε
446 622 499 706 τὴν
522 620 659 704 αἴσθησιν
680 620 729 684 καί
750 619 803 704 τὴν
826 619 954 703 δύναμιν.
992 616 1090 683 ἔτιδὲ
1112 621 1153 692 εἰς
1175 622 1277 686 ὁποίαν
1292 620 1348 691 έΕιν
1365 621 1399 686 ἂν

137 723 270 808 εἰσέλθη,
292 724 437 810 διαφέρειν
461 723 541 809 [γὰρ]
563 723 617 788 οἰνκ
639 723 745 807 ὀλίγον.
789 723 838 786 καὶ
864 722 912 786 διὰ
931 726 1017 787 τοῦτο
1043 722 1077 786 τὸ
1100 723 1172 787 αὐτὸ
1194 725 1329 790 τάναντία
1350 726 1400 790 καί

134 827 269 891 τάναντία
302 828 336 890 τδ
369 827 441 890 αδτδ
468 825 563 896 πάθος
589 829 680 890 ποιεῖν
707 824 807 888 ἐνίοτε.
961 826 1009 888 καί
1036 826 1101 910 περὶ
1131 825 1183 908 μὲν
1210 830 1269 892 τῶν
1298 831 1398 913 χυλῶν
1416 838 1450 892 68

109 928 232 998 ςυὸτως
253 929 413 1015 ἀφώρικεν·
442 928 549 992 ἄτοπον
579 926 606 993 δ’
634 927 668 992 ἂν
691 927 795 1013 φανείη
817 929 932 1011 πρῶτον
955 928 1007 1009 μὲν
1029 930 1063 992 τδ
1087 929 1127 1013 μὴ
1151 930 1266 993 πάντων
1290 931 1400 1013 ὁμοίως

134 1033 293 1096 ἀποδοῦναι
314 1032 365 1101 τὰς
387 1031 491 1111 αἰτίας,
513 1031 589 1095 ἀλλὰ
613 1030 685 1117 βαρδ
709 1030 761 1111 μὲν
784 1030 833 1093 καί
855 1034 964 1115 κοῦφον
986 1030 1035 1093 καί
1058 1032 1188 1114 μαλακδν
1210 1034 1259 1096 καὶ
1274 1035 1399 1119 σκληρδν

134 1135 183 1198 καὶ
196 1133 312 1216 μεγέθει
335 1135 383 1197 καὶ
407 1134 576 1219 σμικρότητι
599 1132 647 1196 καὶ
670 1132 714 1217 :qi
737 1132 822 1216 μανῷ
844 1133 893 1197 καί
915 1133 1028 1217 πυκνῷ,
1050 1133 1160 1217 θερμδν
1176 1135 1209 1198 δέ
1223 1136 1271 1200 καί
1287 1137 1399 1222 ψυχρόν

131 1237 180 1300 καὶ
201 1236 238 1300 τὰ
259 1234 335 1300 ἄλλα
356 1241 416 1307 τοῖς
438 1239 587 1323 σχήμασιν
602 1233 643 1297 *.
661 1232 761 1298 ἔπειτα
784 1235 887 1320 βαρέος
910 1236 962 1318 μέν
985 1235 1034 1298 καί
1060 1236 1171 1321 κοῦφου
1193 1238 1242 1301 καί
1270 1242 1398 1324 σκληροῦ

133 1339 182 1402 καὶ
205 1341 338 1421 μαλακοῦ
360 1338 431 1403 καθ’
459 1339 534 1403 αὑτὰ
556 1343 648 1402 ποιεῖν
671 1338 771 1422 φῦσεις
792 1336 930 1423 (μέγεθος
952 1337 1004 1420 μὲν
1026 1336 1080 1422 γὰρ
1102 1339 1150 1402 καὶ
1173 1343 1330 1427 σμικρότης
1350 1344 1399 1408 καὶ

90 1468 116 1506 ιο
133 1443 167 1505 τδ
190 1442 297 1505 πυκνδν
319 1442 367 1505 καὶ
389 1443 423 1505 τὸ
446 1442 536 1524 μανδν
559 1441 593 1505 οδ
616 1442 688 1525 πρὸς
710 1438 808 1524 ἕτερόν
830 1437 920 1524 ἐστι),
949 1439 1058 1524 θερμδν
1081 1440 1114 1503 δέ
1139 1443 1187 1506 καὶ
1215 1445 1327 1529 ψυχρὸν
1350 1446 1398 1509 καὶ

131 1545 168 1608 τά
194 1542 269 1607 ἄλλα
295 1544 367 1628 πρδς
391 1545 444 1628 τὴν
470 1542 617 1628 αἴσθησιν,
638 1543 688 1608 καί
710 1546 801 1605 ταῦτα
822 1542 961 1611 πολλάκις
981 1541 1111 1624 λέγοντα,
1134 1544 1207 1607 διότι
1228 1550 1280 1609 τοῦ
1306 1550 1398 1632 χυλοῦ

130 1647 164 1710 τὸ
188 1652 291 1732 σχῆμα
314 1646 503 1730 σφαιροειδέ.
657 1646 733 1716 ὅλως
755 1645 788 1708 δέ
810 1642 942 1727 μέγιστον
965 1643 1127 1727 ἐναντίωμα
1150 1646 1199 1710 καί
1224 1649 1319 1712 κοινδν
1347 1649 1395 1712 ἐπὶ
1414 1659 1448 1712 69

132 1751 262 1827 πάντων,
290 1748 352 1831 άμα
381 1748 433 1831 μὲν
460 1746 544 1832 πάθη
566 1754 657 1813 ποιεῖν
679 1753 732 1833 τῆς
754 1746 937 1831 αἰσθήσεως,
965 1745 1027 1828 ἅμα
1049 1747 1082 1810 δέ
1103 1751 1163 1818 τοῖς
1185 1751 1319 1833 σχήμασι
1341 1754 1396 1815 διο-

132 1853 230 1938 ρίζειν,
252 1852 300 1915 καὶ
315 1852 349 1915 τδ
371 1851 443 1914 αἰντδ
465 1850 620 1936 φαίνεσθαι
643 1855 702 1922 τοῖς
725 1850 777 1934 μέν
793 1847 906 1932 πικρόν,
927 1852 987 1918 τοῖς
1002 1848 1036 1911 δέ
1049 1851 1149 1932 γλυκύ,
1170 1856 1230 1923 τοῖς
1245 1851 1270 1915 δ’
1291 1853 1397 1924 ἄλλως.

90 1980 113 2018 ιε
133 1952 201 2017 οὔτε
221 1954 275 2038 γὰρ
291 1954 351 2018 οἷόν
374 1952 432 2038 <τε>
452 1953 487 2016 τδ
502 1959 606 2040 σχῆμα
620 1955 717 2024 πάθος
738 1951 811 2017 εῖναι
833 1949 901 2015 οὔτε
922 1950 1027 2014 ταῦτδν
1049 1957 1110 2023 τοῖς
1133 1954 1184 2036 μὲν
1207 1958 1397 2040 σφαιροειδές,

130 2060 191 2126 τοῖς
219 2055 244 2121 δ’
276 2055 382 2127 άλλως.
429 2056 540 2140 ἀνάγκη
567 2056 592 2121 δ’
625 2055 732 2141 [εἴπερ]
760 2054 845 2132 ἴσως,
872 2050 953 2137 εἴπερ
979 2057 1039 2123 τοῖς
1069 2054 1120 2136 μὲν
1147 2056 1251 2138 γλυκό,
1278 2063 1338 2129 τοῖς
1364 2061 1397 2123 δέ

131 2159 243 2243 πικρόν,
265 2158 335 2223 οὐδὲ
356 2159 430 2223 κατὰ
452 2159 503 2230 τὰς
526 2160 668 2245 ἡμετέρας
691 2160 763 2230 έῖεις
786 2158 975 2242 μεταβαδλειν
997 2156 1048 2227 τὰς
1072 2160 1195 2242 μορφαῖς.
1240 2161 1341 2230 ἁπλῶς
1364 2162 1397 2226 δέ

131 2262 164 2322 rh
193 2261 244 2343 μὲν
271 2266 376 2347 σχῆμα
404 2260 472 2324 καθ’
500 2262 572 2328 αὑτό
602 2263 678 2342 ἐστι,
703 2263 737 2324 τδ
765 2261 799 2325 δέ
824 2260 913 2343 γλυκὺ
936 2260 985 2323 καὶ
1009 2259 1085 2329 ὅλως
1106 2261 1140 2324 τδ
1162 2261 1303 2347 αἰσθητδν
1327 2266 1398 2349 πρὸς

131 2361 202 2426 άλλο
225 2364 273 2426 καὶ
296 2364 326 2427 ἐν
349 2361 458 2442 ἄλλοις,
481 2364 522 2434 ὅς
543 2386 640 2450 φησιν.
685 2365 794 2430 ἄτοπον
815 2363 848 2426 δὲ
870 2362 919 2426 καί
941 2363 975 2426 τδ
997 2365 1083 2426 πᾶσιν
1107 2361 1203 2432 οἰέιοῦν
1225 2366 1314 2430 ταύτδ
1333 2370 1397 2452 φαί·

87 2493 113 2532 το
131 2465 232 2529 νεσθαι
253 2469 312 2529 τῶν
339 2465 437 2529 αότῦνν
465 2465 686 2549 αἰσθανομένοις
712 2467 761 2530 καί
787 2465 897 2529 τυῦτων
922 2465 975 2549 τὴν
1004 2466 1145 2551 ἀληθειαν
1173 2465 1318 2553 ἐλέγχειν,
1348 2471 1397 2535 καί

131 2571 222 2631 ταῦτα
244 2567 381 2652 εἰρηκότα
403 2568 541 2653 πρότερον
567 2571 600 2634 τδ
626 2573 687 2641 τοῖς
713 2568 859 2651 ἀνομοίως
884 2567 1073 2652 διακειμένοις
1095 2567 1220 2649 ἀνόμοια
1241 2573 1396 2654 φαίνεσθαι

130 2671 179 2735 καὶ
194 2671 280 2734 πάλιν
295 2671 328 2733 τδ
346 2671 439 2754 μηθὲν
455 2674 564 2754 μᾶλλον
580 2673 678 2758 ἕτερον
694 2673 794 2758 ἑτέρου
809 2672 959 2757 τυγχάνειν
974 2676 1027 2755 τῆς
1042 2670 1192 2754 ἀληθείας.
1315 2675 1393 2746 εἰκὸς
1412 2687 1446 2741 70

129 2774 183 2858 γὰρ
211 2774 244 2837 τδ
274 2773 384 2859 βέλτιον
410 2778 462 2838 τοῦ
488 2775 618 2860 χείρονος
648 2776 697 2840 καί
723 2776 757 2839 τδ
783 2776 909 2856 ὑγιαῖνον
935 2778 988 2838 τοῦ
1009 2775 1182 2858 κάμνοντος·
1209 2777 1284 2839 κατὰ
1309 2778 1395 2863 φῦσιν

129 2877 182 2961 γὰρ
205 2878 326 2960 μᾶλλον.
369 2873 412 2939 ἔτι
435 2877 467 2940 δὲ
489 2877 570 2963 εἰπερ
593 2880 633 2963 μὴ
658 2877 718 2942 ἔστι
740 2879 825 2964 φῦσις
845 2881 904 2941 τῶν
933 2877 1084 2962 αἰσθητῶν
1110 2877 1159 2941 διὰ
1185 2877 1218 2939 τδ
1247 2879 1287 2963 μὴ
1303 2881 1395 2946 ταῦτὰ

89 3007 115 3045 το
132 2981 203 3042 πᾶσι
218 2978 384 3062 φαίνεσθαι,
403 2981 491 3064 δῆλον
514 2984 555 3050 ὡς
578 2981 647 3045 οὐδὲ
669 2985 727 3045 τῶν
750 2980 836 3067 ζῴων
859 2980 928 3044 οόδέ
949 2983 1007 3044 τῶν
1029 2979 1125 3043 ἄλλων
1141 2981 1301 3062 σωμάτων·
1324 2983 1393 3049 οὐδὲ

130 3082 184 3164 γὰρ
207 3081 403 3164 περὶτούτων
426 3081 606 3164 όμοδυῖυῦσι.
646 3085 739 3147 καίτοι
762 3083 787 3147 εἰ
810 3085 850 3168 μὴ
875 3084 922 3147 καὶ
946 3082 994 3146 διὰ
1016 3087 1075 3146 τῶν
1090 3082 1187 3146 αἰιτιῖιν
1201 3084 1307 3166 γίνεται
1323 3091 1393 3151 πᾶσι

129 3186 162 3248 τδ
190 3184 277 3268 γλυκὺ
306 3184 355 3248 καὶ
382 3185 416 3247 τδ
442 3186 559 3270 πικρόν,
586 3185 651 3250 ἀλλ’
678 3187 697 3271 ἥ
721 3209 753 3269 γε
779 3186 937 3272 φύσιςτοῦ
959 3189 1064 3270 πικροῦ
1086 3185 1135 3248 καὶ
1157 3189 1208 3248 τοῦ
1230 3187 1350 3269 γλυκέος
1372 3191 1391 3273 ἡ

128 3287 204 3371 αὐτὴ
227 3287 357 3372 φαίνεται
379 3292 477 3351 πᾶσιν.
523 3289 594 3374 ὅπερ
616 3290 665 3354 καί
686 3288 773 3359 αὐτδς
796 3287 831 3353 ἂν
860 3287 965 3358 δόξειεν
993 3286 1205 3372 ἐπιμαρτυρεῖν.
1250 3293 1314 3359 πῶς
1338 3291 1392 3376 γὰρ

130 3391 164 3454 άν
186 3390 220 3452 τδ
243 3391 312 3474 ἡμῖν
335 3393 436 3476 πικρδν
458 3391 556 3462 ἄλλοις
578 3391 614 3477 ἧν
636 3392 725 3475 γλυκὺ
747 3392 797 3456 καί
819 3392 970 3477 στρυφνόν,
999 3390 1025 3454 εἰ
1053 3391 1095 3475 μή
1121 3413 1163 3460 τις
1186 3390 1222 3475 ἧν
1245 3393 1392 3478 ὡρισμένη

77 3645 190 3708 Ιόξέως
207 3652 281 3716 pnF
301 3648 316 3719 Η
337 3649 366 3702 οῦ
384 3649 408 3702 δ’
430 3648 733 3717 pr.F:‹hd'Peee.F:
786 3649 847 3709 ἴσως
870 3648 937 3719 εἴπερ
961 3653 1018 3703 PF:
1043 3667 1109 3702 corr.
1132 3650 1286 3716 Stephanus.
1317 3648 1384 3721 εἰπερ
1408 3650 1444 3712 ὡς

72 3752 141 3787 corr.
159 3741 285 3790 Wimmer
310 3736 324 3806 Η
349 3737 384 3790 ἔνι
410 3740 467 3791 PF:
492 3756 557 3792 corr.
575 3742 700 3791 Wimmer
721 3735 734 3806 Η
786 3737 852 3792 ιίπεν
870 3741 1008 3802 Wimmer‚
1032 3741 1077 3802 qui
1095 3746 1154 3805 poet
1171 3733 1259 3806 πικρὸν
1282 3739 1442 3792 ν.171εου·

71 3821 89 3873 2
120 3821 150 3874 ἐν
178 3835 237 3890 post
262 3823 348 3877 ὁποίαν
375 3830 532 3893 transposuit
555 3829 656 3878 Usener
680 3822 693 3891 Η
718 3825 734 3878 3
788 3844 847 3880 nem
867 3829 985 3891 signavit
1000 3828 1078 3877 immo
1097 3827 1231 3891 intellege:
1250 3826 1274 3876 si
1285 3825 1378 3892 forme
1396 3844 1442 3878 σα-

72 3907 175 3981 είσέλθη
199 3930 250 3965 eec.
274 3915 308 3964 F:
334 3909 440 3965 εἰσέλθοι
462 3918 484 3966 P
510 3916 558 3979 (pr.
581 3914 630 3976 Fi)
654 3911 668 3979 Η
687 3912 734 3981 γάρ
787 3915 905 3965 rietatem
919 3911 1003 3981 fecii,
1028 3912 1080 3963 elii
1101 3911 1181 3962 aliter
1199 3911 1297 3964 εειιίίνε
1315 3930 1365 3965 non
1379 3930 1442 3982 por·

70 4001 178 4051 seclusit
199 4000 353 4064 Schneider,
380 4003 423 4064 qui
442 4000 578 4052 καὶτοῦτο
605 3998 645 4051 διὰ
663 4001 733 4066 quod
786 4008 848 4051 ευιιι
872 4007 896 4050 εἰ
915 3999 939 4049 τι·
957 3999 1069 4050 maxime
1084 4009 1206 4064 pereuni,
1226 3998 1338 4052 eundem
1356 4011 1442 4054 :amen

71 4087 169 4138 hebent
182 4088 241 4139 libri
253 4091 410 4154 transposuit
423 4083 438 4155 Η
458 4088 473 4140 6
488 4085 549 4156 βαρὺ
562 4089 731 4154 Philippeon:
785 4085 888 4138 eosdem
897 4101 997 4151 semper
1008 4095 1092 4137 tenere
1102 4101 1206 4137 aeneum
1216 4101 1317 4138 necesee
1330 4097 1368 4139 eet
1380 4085 1393 4157 Η
1411 4089 1442 4142 18

70 4171 144 4242 δριμὺ
163 4176 207 4227 PF
228 4171 241 4242 Η
267 4176 283 4228 ’ί
307 4173 459 4245 σκληρότητι
476 4177 534 4227 PF:
558 4192 624 4227 corr.
648 4179 730 4228 Wim-
783 4170 812 4226 τὸ
825 4191 902 4241 euper
913 4171 973 4225 hiF
990 4170 1002 4240 Η
1018 4173 1051 4226 19
1065 4171 1158 4224 άτυπον
1176 4177 1213 4225 eie
1226 4176 1270 4226 PF
1286 4171 1298 4241 Η
1312 4173 1347 4226 20
1359 4172 1441 4245 τοὺτῳ

69 4279 126 4313 mer
149 4264 180 4314 ei.
199 4282 224 4314 v.
244 4262 259 4314 9
281 4256 294 4328 Η
314 4261 332 4316 8
350 4273 409 4328 poet
426 4261 551 4332 σχήμασιν
568 4265 729 4315 intercidisse
783 4264 851 4314 coni.
871 4263 957 4327 Corey
978 4257 991 4327 Η
1011 4258 1043 4312 21
1063 4258 1159 4320 τυότοις
1183 4260 1307 4329 ἀνομοίως
1329 4265 1364 4314 P:
1383 4259 1440 4314 τοῦ·

71 4350 137 4399 vidi:
171 4350 313 4402 Schneider
345 4352 417 4401 velut
444 4347 554 4418 διορίζειν
585 4351 616 4400 ci.
649 4368 673 4400 v.
697 4348 729 4402 13
781 4365 832 4406 τοις
862 4346 986 4416 ἀνομοίοις
1011 4349 1046 4399 F:
1075 4366 1141 4400 corr.
1168 4352 1294 4400 Wimmer
1324 4345 1337 4415 Η
1367 4344 1440 4416 ὅμοια

71 4456 98 4503 μ.
111 4434 285 4499 516,19.520,
302 4436 332 4487 ll
355 4432 367 4503 Η
389 4436 422 4489 10
445 4432 547 4505 θερμῶν
570 4433 597 4487 δὲ
621 4435 664 4487 καί
683 4435 729 4505 ψυ-
781 4437 840 4488 PF:
864 4451 928 4486 corr.
949 4437 1035 4502 Corey
1057 4432 1069 4502 Η
1090 4434 1200 4504 φαίνεται
1219 4437 1277 4488 PF:
1297 4453 1361 4488 corr.
1380 4437 1438 4488 Ste-

74 4527 146 4592 χρῶν
169 4523 213 4575 καὶ
235 4527 287 4575 τῶν
306 4521 390 4575 ἄλλων
408 4526 465 4575 PF:
489 4540 554 4574 corr.
574 4526 675 4575 Usener
693 4542 728 4576 se.
781 4524 882 4589 phenue
907 4519 920 4589 Η
948 4521 982 4574 23
1007 4521 1036 4574 τὸ
1060 4521 1166 4591 ὑγιαῖνον
1190 4526 1235 4574 τοῦ
1259 4524 1437 4590 κάμνοντοςΡ

68 4614 147 4661 ποιεῖν
170 4605 184 4677 Η
215 4611 243 4662 ll
273 4614 356 4680 χυμοῦ
379 4613 436 4663 PF:
459 4628 525 4662 corr.
552 4611 694 4662 Schneider
713 4608 726 4678 Η
780 4614 892 4675 itemque
909 4612 947 4674 F,
977 4611 1023 4661 sed
1046 4609 1089 4660 καὶ
1112 4608 1141 4660 τδ
1159 4607 1189 4678 θγ
1213 4628 1317 4678 prorsus
1336 4611 1438 4662 oblitte-

71 4695 102 4749 12
131 4694 198 4756 ὅλως
229 4700 329 4750 videtur
356 4716 388 4751 ex
416 4695 473 4756 ὅλος
501 4715 567 4749 corr.
599 4699 620 4748 F
651 4693 663 4764 Η
696 4698 728 4749 14
780 4707 836 4749 rate
856 4693 869 4764 Η
890 4696 987 4751 26:021
1009 4694 1049 4748 διὰ
1071 4701 1123 4747 τῶν
1142 4694 1226 4749 αὐτῶν
1244 4701 1266 4751 Ρ
1285 4698 1437 4762 itemqneF

67 4782 153 4844 ἄλλοις
180 4788 237 4838 PF:
266 4789 366 4837 correxi
398 4789 429 4837 ci.
463 4804 488 4836 ν.
507 4784 539 4840 16
570 4781 583 4851 Η
616 4783 647 4837 15
676 4782 726 4836 οἰον
778 4787 824 4835 sed
843 4786 980 4836 obliterate
999 4782 1038 4835 διὰ
1056 4788 1094 4834 τῶ
1109 4780 1122 4852 Η
1142 4782 1175 4835 27
1194 4785 1239 4836 τοῦ
1257 4793 1316 4836 ente
1332 4782 1435 4852 γλόκεος

67 4868 126 4923 οὔτε
151 4872 197 4941 γὰρ
227 4874 286 4924 PF:
318 4876 426 4923 correxi.
465 4869 514 4940 οδχ
541 4870 591 4923 οἰάν
624 4889 651 4923 τε
679 4871 724 4940 γὰρ
776 4873 863 4924 Feed
881 4874 1033 4924 evanidam:
1053 4887 1104 4922 om.
1123 4866 1172 4937 ΡΗ
1187 4869 1336 4930 δθπῶςΡι
1357 4875 1433 4927 oblit-

66 4961 210 5010 Schneider
231 4958 244 5026 Η
268 4962 297 5013 16
317 4957 400 5017 άλλως
419 4961 453 5011 P:
478 4955 561 5016 ἄλλοις
579 4960 601 5008 F
622 4954 634 5024 Η
657 4957 723 5028 εἰπερ
776 4962 924 5012 teratumF
