3464 5586
183 337 244 401 128
288 341 326 389 IX
355 340 403 388 DE
424 338 681 390 THEOPHRASTI
699 338 908 389 OPINIONUM
928 337 1027 388 APUD
1047 337 1258 389 CICERONEM
1279 336 1460 387 vasileus

182 508 235 572 vel
256 513 344 572 certe
365 506 568 572 verisimilior
591 506 641 589 sit,
663 526 730 571 non
752 525 813 588 ego
835 525 919 570 nnnc
940 504 1092 589 diiudico,
1115 505 1304 572 diiudicabit
1326 505 1380 588 qui
1402 505 1444 571 de
1466 504 1541 570 Phi-

182 610 300 675 lodemi
315 608 457 675 fontibus
472 608 670 690 fontiumque
686 628 746 672 usu
768 607 829 672 sibi
851 607 990 673 scribere
1013 608 1225 690 proposuerit
1251 628 1445 691 quamquam
1469 609 1541 675 eius

182 711 379 794 quaestionis
406 717 531 794 partem
556 730 692 777 necesse
719 716 768 775 est
790 716 940 792 tangere,
971 728 1055 791 qnae
1081 715 1131 774 est
1156 710 1198 776 de
1224 710 1426 795 philosophis
1451 709 1540 793 apud

183 821 352 895 utrumque
379 811 526 878 similiter
552 812 729 879 recensitis.
777 811 920 894 vulgaris
950 818 999 877 est
1024 811 1172 879 Krischei
1203 813 1312 897 opinio
1340 833 1381 879 ex
1407 811 1541 878 Placitis

182 915 355 980 maximam
374 921 498 999 partem
515 917 706 980 translatam
726 935 808 981 esse.
843 913 1061 998 quodfalsum
1078 922 1138 998 est,
1155 914 1182 980 si
1198 915 1364 981 Plutarchi
1380 922 1438 979 ant
1453 912 1540 979 Aetli

181 1019 306 1084 Placita
327 1017 500 1101 intellexit,
528 1039 640 1084 verum
662 1026 720 1083 aut
742 1017 912 1101 probabile
935 1024 1037 1101 certe,
1060 1017 1087 1082 si
1110 1018 1196 1100 quod
1218 1018 1380 1101 antiquius
1402 1018 1541 1084 Placito

182 1142 251 1186 rum
273 1141 399 1205 corpus.
432 1140 507 1184 nam
531 1119 644 1184 similis
666 1126 716 1185 est
736 1120 918 1185 lonicorum
941 1120 1096 1204 recensio,
1119 1120 1147 1185 si
1162 1119 1328 1187 Ciceronis
1349 1127 1385 1186 ut
1407 1139 1467 1204 par
1490 1126 1540 1186 est

181 1223 312 1289 fraudes
339 1244 455 1307 exuas,
487 1222 600 1286 similis
633 1242 760 1304 quoque
792 1222 834 1287 de
859 1223 1062 1288 Parmenidis
1087 1242 1208 1288 corona
1234 1224 1357 1308 opinio,
1394 1223 1542 1305 quamvis

182 1346 255 1392 eam
286 1326 399 1392 Cicero
430 1323 570 1390 absurde
591 1324 805 1406 expresserit.
853 1345 918 1390 non
949 1324 1122 1391 dissimiles
1153 1346 1284 1408 prorsus
1315 1325 1540 1409 Empedocles,

182 1429 395 1496 Democritus.
441 1426 499 1493 sed
525 1426 625 1491 distat
650 1426 790 1492 dilucide
819 1426 922 1491 maior
947 1427 1072 1508 reliqua
1098 1447 1183 1512 pars.
1228 1427 1326 1509 quid?
1353 1427 1440 1510 quod
1464 1429 1541 1493 Pro·

181 1539 314 1614 tagoras
345 1529 530 1613 Xenophon
561 1528 772 1595 Antisthenes
804 1549 825 1593 a
855 1528 987 1594 Placitis
1019 1529 1149 1593 omnino
1182 1537 1257 1595 sunt
1289 1531 1397 1596 alieni.
1447 1538 1540 1597 taceo

182 1634 308 1700 Stoicos
339 1631 393 1715 qui
419 1631 595 1715 praecipue
620 1651 641 1696 a
668 1630 859 1697 Philodemc
886 1636 953 1695 tam
980 1631 1111 1714 copiose
1138 1641 1171 1699 et
1197 1633 1240 1698 ad
1263 1633 1409 1699 ordinem
1431 1654 1540 1700 excer-

182 1744 316 1820 puntur,
342 1735 385 1800 ad
413 1735 502 1818 ipsos
532 1733 713 1799 Stoicorum
744 1733 843 1798 libros
873 1741 908 1797 nt
935 1732 1056 1799 adiisse
1084 1754 1157 1799 eum
1183 1755 1278 1801 nemo
1305 1735 1459 1803 infitietur
1488 1735 1539 1823 [cf.

182 1838 361 1905 Buecheler
382 1859 414 1903 n.
426 1836 536 1920 jahrb.
551 1835 572 1901 f.
589 1837 684 1901 class.
700 1835 777 1919 phil.
797 1835 889 1920 1865,
912 1834 997 1921 hill.
1020 1836 1062 1902 de
1084 1837 1216 1919 reliquis
1238 1837 1413 1923 philosoph
1435 1841 1539 1904 isnnm

181 1961 373 2024 quemquam
402 1959 500 2005 mann
526 1938 664 2022 triverit,
695 1936 814 2019 ambigi
836 1944 954 2022 potest.
997 1939 1167 2005 Platonem
1198 1948 1286 2007 certe
1312 1962 1377 2007 non
1407 1942 1540 2025 evolvit,

181 2044 301 2128 quippe
323 2043 377 2109 ubi
400 2042 512 2108 deum
535 2041 617 2107 sine
639 2059 797 2125 corpore
818 2037 938 2103 frustra
960 2040 1184 2122 quaesivisset.
1229 2043 1353 2109 invenit
1374 2051 1483 2110 autem
1506 2043 1539 2110 in

181 2147 395 2232 posteriorum
411 2143 660 2228 commentariis,
683 2141 793 2226 qualia
807 2141 851 2207 ad
867 2141 1032 2208 Ciceronis
1048 2144 1152 2209 locum
1177 2146 1342 2211 adnotavi.
1376 2146 1541 2230 Pythago-

181 2269 234 2314 ras
250 2249 419 2313 Tullianus
439 2246 585 2329 geminus
601 2251 650 2310 est
664 2245 760 2327 illius,
783 2263 878 2326 quem
894 2264 935 2309 ex
949 2244 1072 2310 falsarii
1095 2246 1261 2312 cuiusdam
1283 2247 1423 2315 fortasse
1439 2249 1538 2315 Stoici

180 2351 304 2417 fabrica
330 2348 473 2415 servavit
499 2348 593 2414 nobis
620 2346 798 2413 Alexandri
825 2346 913 2429 apud
937 2347 1042 2413 Laert.
1068 2349 1153 2413 VIll.
1178 2351 1219 2414 25
1241 2350 1418 2416 curiositas.
1442 2373 1540 2417 unum

181 2454 223 2517 ad
247 2451 501 2534 intellegendum
525 2457 575 2516 est
596 2449 706 2515 facile:
730 2450 880 2532 antiquos
894 2449 1107 2534 philosophos
1129 2451 1291 2536 Ionicos,¹
1315 2459 1381 2518 tum
1397 2455 1541 2539 Eleatae,

180 2553 319 2620 fortasse
341 2553 560 2621 Democritum
588 2573 658 2617 cum
687 2551 885 2633 Empedocle
915 2570 936 2615 a
962 2553 1051 2617 nullo
1082 2553 1174 2618 istius
1195 2555 1313 2620 aetatis
1333 2558 1435 2621 lectos
1457 2577 1541 2641 esse,

181 2658 362 2741 complures
384 2664 419 2721 nt
440 2655 717 2721 Anaximandrum
740 2660 773 2720 et
794 2653 1033 2738 Xenophanem
1058 2655 1113 2719 vix
1141 2656 1275 2739 singulis
1301 2659 1540 2741 exemplaribus

179 2760 346 2826 etiamtum
369 2759 541 2826 exstitisse.
585 2758 678 2823 istius
705 2757 803 2839 igitur
825 2757 1017 2840 cognitionis
1044 2758 1138 2823 rivuli
1165 2761 1372 2826 multifariam
1400 2761 1539 2828 fortasse

180 2861 309 2927 deducti
339 2868 372 2928 et
401 2862 591 2946 adulterati,
620 2859 767 2927 arcessiti
797 2867 906 2925 tamen
929 2867 1003 2924 sunt
1025 2881 1066 2926 ex
1088 2882 1152 2926 uno
1176 2863 1283 2946 capite
1305 2863 1538 2947 Theophrasto.

180 2984 255 3029 nam
283 2963 466 3030 Aristotelis
491 2964 627 3049 physica
656 2971 690 3030 et
711 2960 951 3045 metaphysica,
981 2981 1065 3043 qnae
1093 2963 1166 3046 ipsa
1189 2964 1354 3030 Ciceronis
1374 2972 1485 3032 aetate
1506 2966 1540 3030 ln

180 3088 272 3132 usum
295 3066 399 3149 magis
421 3067 587 3149 magisque
603 3066 714 3132 venire
736 3084 883 3149 coepere,
907 3063 960 3128 isti
976 3082 1093 3146 graeco
1113 3066 1260 3150 scriptori
1280 3067 1392 3149 ignota
1410 3068 1541 3135 fuerunt

181 3171 233 3251 qui
259 3171 290 3235 in
318 3170 466 3254 populari
493 3170 668 3253 scriptione
695 3168 736 3233 de
758 3165 965 3251 philosophia
991 3168 1163 3250 acquievit
1207 3169 1282 3234 inde
1305 3177 1414 3254 erunt,
1443 3172 1539 3254 qnia

181 3271 397 3356 Theophrasti
425 3272 630 3355 opinionibus
659 3272 686 3335 si
718 3271 772 3352 qui
807 3275 856 3334 est
889 3289 1065 3335 consensus
1094 3271 1320 3355 explicandum
1357 3273 1540 3357 opinentur.

180 3375 238 3441 sed
265 3374 347 3439 citra
376 3374 636 3458 Theophrastum
663 3371 794 3457 propior
823 3372 903 3436 latet
930 3370 1011 3436 fons.
1056 3372 1121 3437 iam
1143 3373 1336 3440 Krischeum
1359 3377 1541 3443 offenderat

180 3478 271 3560 quasi
298 3476 460 3542 novicium
486 3478 565 3543 talc:
593 3477 694 3560 Θαλῆς
720 3481 785 3539 νοῦν
812 3480 863 3537 τοῦ
890 3475 1002 3556 κόσμου
1028 3478 1078 3539 τόν
1105 3478 1173 3541 θεόν
1198 3519 1205 3535 ·
1229 3521 1237 3536 ·
1261 3521 1269 3536 ·
1292 3481 1400 3562 διήκειν
1429 3481 1462 3542 δὲ
1491 3480 1538 3542 διὰ

179 3587 230 3645 τοῦ
258 3581 461 3664 στοιχειώδους
492 3582 579 3665 ὑγροῦ
609 3581 727 3662 δύναμιν
749 3578 831 3641 θείαν
863 3579 1011 3661 κινητικὴν
1039 3578 1128 3641 αὐτοῦ
1151 3580 1252 3660 [Plac.
1276 3580 1291 3643 I
1315 3581 1410 3661 7111.
1456 3579 1540 3645 hano

180 3681 410 3748 sententiam
426 3681 453 3746 si
466 3681 537 3764 quis
549 3703 570 3746 a
581 3680 805 3764 Theophrasto
821 3678 1018 3764 repetiverit,
1034 3701 1099 3745 non
1116 3681 1225 3748 hercle
1241 3681 1440 3765 repugnabo.
1464 3702 1538 3747 nam

179 3793 215 3850 ut
239 3786 295 3850 ille
326 3785 410 3850 solet
443 3785 587 3868 magistri
614 3782 715 3849 verba
739 3788 887 3866 repetere
915 3783 968 3846 vel
995 3783 1206 3868 amplificare,
1239 3784 1468 3851 Aristoteleam
1497 3785 1539 3852 de

180 3889 317 3952 Thnlete
343 3887 585 3953 coniecturam²
611 3886 751 3951 fortasse
778 3884 947 3968 amplexus
970 3891 1028 3950 est.
1057 3887 1143 3951 unde
1166 3887 1286 3969 posteri
1309 3887 1434 3953 fortiter
1456 3888 1540 3953 alhr-

180 3996 308 4055 marunt
336 3988 425 4054 velut
451 3989 600 4055 Laertius
622 3989 637 4052 I
661 3990 700 4054 ‘27
727 3991 776 4052 τὸν
808 3988 916 4070 κόσμον
945 3986 1077 4074 ἔμψυχον
1103 3990 1152 4051 καὶ
1176 3991 1320 4072 δαιμόνων
1343 3993 1451 4075 πλήρη.
1476 4012 1541 4057 ‘ne-

180 4111 242 4172 que
267 4091 430 4156 sententia
445 4091 540 4156 Aeco
564 4091 630 4156 alia
651 4090 771 4156 subest.
816 4096 850 4155 at
874 4090 998 4155 oratio
1021 4098 1071 4156 cst
1093 4091 1202 4158 Stoico
1226 4094 1333 4159 colore
1354 4093 1465 4158 fucata
1487 4090 1538 4180 [cl.

180 4192 316 4258 Krische
338 4214 370 4275 p.
386 4194 452 4276 401,
495 4213 571 4258 nam
598 4200 664 4264 νοῦς
686 4198 738 4257 τοῦ
761 4194 872 4275 κόσμου
894 4200 926 4258 et
950 4195 1059 4277 διήκειν
1087 4196 1253 4261 sollemnis
1276 4204 1325 4262 est
1347 4195 1475 4261 illorum
1498 4197 1539 4263 de

181 4295 243 4360 deo
267 4294 475 4378 praedicat-ic.
508 4316 585 4378 ergo
616 4295 831 4378 Theophrasti
863 4314 981 4362 nomen
1011 4296 1100 4361 haud
1130 4297 1210 4362 satis
1238 4297 1316 4363 lacit
1343 4319 1537 4364 consensum

181 4398 389 4480 explicatum.
412 4397 509 4462 immo
532 4398 745 4465 recentiorem
764 4396 924 4479 quendam
942 4397 1236 4483 circumspiciamus
1251 4400 1367 4465 librum
1384 4409 1451 4466 tum
1467 4421 1540 4466 con-

252 4655 258 4685 ¹
279 4665 386 4721 excepto
406 4658 567 4717 Anaxagora
585 4658 629 4720 qui
647 4657 801 4706 Philodemo
821 4665 890 4706 carte
908 4658 962 4721 ipsc
981 4659 1122 4707 innotuisse
1143 4659 1251 4708 videtur.

250 4740 260 4771 ²
279 4745 309 4791 ‹lo
328 4746 405 4793 anim.
419 4742 461 4795 lb
479 4761 504 4807 p.
521 4743 620 4795 4111?
640 4742 683 4792 καὶ
701 4741 726 4792 ἐν
745 4747 781 4809 τῷ
800 4738 852 4810 ὅλῳ
871 4739 897 4792 δέ
915 4759 977 4799 τινες
996 4741 1074 4812 αὐτὴν
1093 4743 1229 4808 [animam]
1248 4742 1370 4812 μεμῖχθαι
1388 4761 1462 4814 φησιν
1480 4742 1538 4797 tte

180 4828 253 4884 ἴσως
272 4830 314 4879 καὶ
334 4826 418 4897 Θαλῆς
437 4827 511 4898 ᾠήθη
530 4831 611 4882 πάντα
629 4827 712 4898 πλήμη
731 4824 799 4878 teuc
817 4826 876 4879 εἶναι
895 4832 926 4879 cf.
946 4831 1030 4880 Zeller
1047 4829 1075 4881 1⁴
1097 4831 1170 4884 [78⁴².
