3464 5586
660 335 935 386 ruouucouuns
1415 332 1475 396 201

112 506 261 585 [oramen
290 504 376 567 orbis
402 525 443 567 ee
470 523 544 567 aere
570 504 731 584 compacti.
775 519 852 568 nam
881 501 965 567 bane
987 521 1086 586 supra
1111 501 1273 586 explicavi
1299 500 1479 568 doctrinam

111 628 147 691 p.
164 606 216 672 33.
245 604 281 671 iu
302 602 457 690 proximis
478 611 528 671 est
549 603 686 688 insignis
709 624 808 671 error.

200 706 314 775 Isidos.
336 708 358 773 L
374 727 402 773 c.
425 708 463 772 21
489 706 592 789 [Suet.
608 728 640 791 p.
653 708 762 789 213R]
784 728 857 771 nam
879 708 985 771 dicunt
1001 708 1099 771 Stoici
1114 725 1231 770 omnem
1246 718 1362 771 terram
1376 726 1479 770 mon-

114 811 218 874 tibus
246 810 354 874 claudi
380 829 511 892 quanm
538 810 648 872 umbro
673 811 773 890 [atur
801 812 876 874 luno
896 811 998 874 subito
1020 830 1082 874 non
1104 829 1269 891 apparere.
1314 809 1479 876 levitatem

114 911 297 980 breriautis
318 930 384 976 non
406 910 579 994 castigavit
600 909 715 977 editor.
751 910 827 993 quid
850 911 936 978 enim
952 912 1079 979 Stoicos
1101 918 1168 976 tam
1190 911 1328 995 puerilia
1349 910 1480 977 finxisse

114 1021 283 1100 putamus,
310 1034 391 1098 quos
418 1019 547 1080 constat
568 1012 721 1080 statuisse
743 1014 845 1096 [Plao.
868 1014 900 1079 11
923 1016 965 1079 29
984 1016 1013 1096 c]
1036 1016 1087 1085 τὰς
1109 1015 1250 1098 ἐκλείψεις
1273 1011 1413 1099 [efficere
1435 1012 1480 1076 lu-

114 1114 204 1204 nam]
225 1117 267 1187 ιίς
289 1118 322 1180 τὸ
344 1118 474 1201 σκίασμα
495 1122 547 1201 τῆς
569 1123 622 1201 γῆς
643 1117 840 1198 ἐμπίπτουσαν
867 1116 907 1182 cf.
930 1117 1039 1183 Lacrt.
1063 1117 1123 1182 VH
1148 1117 1231 1181 145?
1264 1116 1322 1181 scd
1349 1116 1410 1181 istc
1437 1114 1480 1179 ad

117 1220 298 1306 priscorum
312 1218 552 1303 simplicitatem
567 1217 718 1286 redierat
752 1237 829 1283 nam
847 1225 973 1285 montes
989 1217 1162 1285 luminibus
1177 1223 1337 1283 astrorum
1352 1215 1481 1282 officere

114 1323 273 1390 docuerat
305 1320 526 1388 Anaximenes
564 1320 730 1405 Hippolyt.
756 1321 774 1384 7
798 1332 822 1384 6.
870 1328 1021 1388 accurate
1059 1321 1199 1387 concinit
1236 1340 1308 1386 cum
1347 1316 1481 1385 Placitis

115 1425 285 1492 stellarum
307 1424 491 1491 cadentium
514 1423 702 1508 explicatio,
725 1443 821 1506 quam
844 1428 953 1489 tamen
974 1443 1041 1488 non
1064 1423 1239 1508 explicavit
1261 1420 1379 1488 editor:

204 1526 321 1595 Isidor.
344 1527 366 1592 l.
381 1546 407 1591 o.
431 1527 473 1591 25
496 1522 640 1612 [Sueten.
663 1546 695 1609 p.
711 1523 830 1612 mele]
862 1527 948 1606 falsa
1053 1528 1160 1608 opinio
1188 1537 1232 1590 est
1262 1534 1350 1588 nocte
1375 1524 1482 1586 stellas

116 1630 232 1694 eadere
254 1651 323 1694 eum
343 1631 480 1692 saumas
501 1649 541 1692 es
557 1629 677 1691 cerbere
693 1629 799 1708 lapsos
821 1629 1011 1710 igniculos
1033 1630 1081 1691 ire
1093 1650 1151 1710 per
1167 1630 1286 1691 coctum
1300 1628 1483 1708 portarique

115 1736 217 1796 centis
308 1727 452 1816 [Servius
473 1749 582 1812 georg.
598 1730 614 1794 Ι
630 1731 693 1795 366
715 1750 810 1812 quem
831 1731 869 1795 R.
886 1730 964 1795 citat
986 1750 1027 1797 cx
1049 1749 1166 1813 gracco
1190 1730 1255 1796 alio
1275 1727 1366 1793 fonto
1379 1724 1481 1812 duxit]

116 1833 157 1901 cf.
182 1832 297 1899 Placit.
318 1832 368 1897 ΙΠ
390 1834 445 1897 29
475 1832 662 1917 Ἀναξαγόρας
690 1833 756 1903 τοὺς
783 1833 978 1915 καλουμένους
1005 1827 1171 1917 διᾴττοντας
1198 1834 1257 1897 ἀπὸ
1285 1836 1336 1895 τοῦ
1364 1830 1482 1914 αἰθέρος

116 1937 323 2021 σπινθήρων
346 1934 427 2019 δίκην
450 1935 677 2020 καταφέρεσθαι.

202 2038 343 2103 Tantum
365 2036 563 2104 Placitorum
585 2034 684 2112 refert
706 2035 957 2103 similitudinem.
992 2044 1102 2104 cetera
1124 2043 1181 2102 aut
1202 2034 1411 2102 abhorrentia
1426 2040 1483 2099 aut

120 2139 317 2226 pervulgata
339 2138 573 2224 praetermitto.
614 2138 769 2204 Varronis
791 2138 888 2222 igitur
910 2160 974 2204 uno
997 2141 1068 2206 loeo
1091 2139 1267 2204 auotoritas
1289 2137 1407 2204 certius
1427 2135 1485 2201 ali·

120 2248 244 2326 quanto
267 2260 326 2325 pcr
348 2240 594 2325 compilatorum
616 2239 753 2306 nebulas
767 2242 930 2325 pollucere
945 2242 1082 2309 videtur.
1117 2261 1194 2324 ergo
1209 2238 1271 2305 nisi
1287 2238 1483 2304 Placitorum

120 2341 299 2412 similitudo
322 2342 356 2407 in
375 2340 544 2408 Censorini
567 2342 728 2428 excerptis
750 2341 921 2409 manifesto
944 2351 1114 2429 perspecta
1136 2348 1233 2426 essct,
1255 2342 1313 2408 illa
1335 2340 1483 2426 equidem

120 2447 156 2513 in
178 2444 335 2512 auxilium
356 2463 474 2511 vocare
496 2464 561 2510 non
583 2444 698 2511 ausim.
730 2464 816 2511 nuno
837 2465 914 2512 vcro
930 2445 1088 2529 probatae
1103 2463 1222 2512 causae
1237 2450 1337 2510 testes
1352 2443 1484 2509 minoris

121 2550 198 2618 fidei
220 2548 377 2615 aoocdere
400 2546 488 2612 baud
509 2546 708 2629 gravaberis.
1462 2624 1466 2633 Ι

208 2653 312 2719 Varro
335 2648 561 2730 logbistorieos
584 2669 660 2714 suos
682 2649 768 2717 circa
790 2652 894 2718 iniens
917 2659 1067 2718 octavum
1089 2670 1119 2714 a.
1144 2669 1174 2714 u.
1197 2670 1225 2714 c.
1247 2652 1389 2715 saeelum
1412 2670 1485 2716 con·

120 2755 290 2840 scripsisse
304 2751 442 2818 ridetur.
477 2770 595 2833 sequor
609 2751 696 2817 enim
710 2753 878 2820 Ritsebelii
893 2754 1052 2819 rationem
1068 2748 1190 2837 [opusc.
1203 2752 1328 2817 111414
1347 2750 1484 2816 Krische

119 2858 228 2924 (ioett.
244 2856 307 2938 gel.
323 2853 415 2921 Stud.
431 2854 464 2918 ΙΙ
480 2853 564 2919 1845
586 2875 616 2937 p.
635 2855 706 2919 172.
738 2856 820 2920 nibil
836 2864 948 2923 contra
962 2853 1039 2920 iacit
1055 2854 1189 2938 Gruppc
1211 2855 1319 2919 Herm.
1336 2849 1483 2938 x12391.

118 2958 167 3024 ‘de
191 2960 358 3035 Tuberone,
380 2956 494 3040 inquit,
517 2961 731 3021 controuersia
753 2980 819 3022 esse
841 2964 944 3043 nequit
967 2962 1040 3041 quin
1062 2960 1090 3019 is
1112 2960 1153 3019 sit
1175 2959 1209 3020 L.
1234 2958 1342 3020 Aelius
1366 2956 1483 3019 Tubero

118 3083 207 3146 quem
229 3065 370 3125 norimus
393 3061 431 3123 M.
451 3060 610 3124 Ciceronis
631 3071 660 3124 et
682 3063 927 3144 condiscipulum
949 3073 976 3125 et
992 3061 1241 3125 contubernalem
1263 3070 1290 3121 et
1314 3061 1439 3140 affinem
1458 3070 1485 3121 et

119 3166 320 3247 (maiman,
343 3163 380 3239 O.
404 3163 562 3226 Cieaonis
584 3165 617 3225 in
632 3163 712 3226 Asia
733 3183 763 3226 o.
782 3165 845 3227 693
867 3167 999 3246 legatum
1020 3165 1170 3227 bominem
1193 3182 1261 3223 cuns
1282 3164 1404 3243 ingenio
1423 3170 1485 3224 tum

121 3270 267 3332 doetrim
289 3267 496 3341 excellentem,
518 3275 551 3328 ut
573 3275 617 3328 est
638 3286 698 3346 pro
720 3265 851 3346 Ligario
874 3270 936 3330 ad
959 3270 1009 3330 eui
1030 3269 1123 3330 etiam
1143 3265 1361 3327 Aenesidemus
1384 3264 1485 3346 λόγους

122 3370 323 3456 Πυρρωνείους
343 3388 419 3432 suos
440 3370 600 3449 imcrs'pss't
616 3377 691 3432 teste
705 3369 815 3433 Pbots'o
837 3371 907 3432 bibl.
933 3391 958 3433 c.
975 3371 1043 3431 212.
1076 3386 1153 3449 ergo
1170 3373 1206 3431 ut
1221 3367 1353 3433 tandem
1368 3367 1486 3447 longae

123 3474 182 3541 scd
206 3469 412 3539 neocesariae
433 3468 662 3552 disputationis
684 3470 827 3535 calculos
848 3471 1079 3552 subducamus,
1106 3476 1182 3534 ante
1205 3476 1355 3534 octavum
1377 3487 1486 3534 saecu·

124 3579 190 3642 lum
222 3572 402 3641 uberrimus
425 3571 621 3638 Plocitorum
648 3570 731 3637 liber
759 3572 881 3639 exstitit
903 3572 1030 3639 Stoicos
1051 3570 1291 3655 Epicureosque
1322 3573 1486 3654 multoque

122 3679 254 3746 uberius
284 3676 409 3761 priores
443 3681 476 3741 et
501 3673 656 3760 physicos
683 3680 716 3740 ct
744 3675 886 3743 medicos
919 3674 1107 3759 complexus
1133 3679 1166 3738 ct
1192 3673 1356 3757 proiectus
1384 3679 1440 3738 aut
1465 3692 1487 3737 a

123 3781 234 3849 Stoico
260 3785 318 3844 aut
345 3776 498 3844 eclectioo
525 3777 653 3842 illorum
682 3776 790 3844 verbis
817 3799 885 3844 uso.
929 3798 1004 3843 nam
1034 3775 1178 3843 recentia
1200 3777 1310 3843 insunt
1331 3779 1433 3843 multa
1454 3784 1488 3842 et

122 3885 258 3968 antiqua
284 3886 432 3947 recenter
458 3885 607 3947 nocam
652 3900 691 3946 co
718 3882 762 3946 ad
788 3880 990 3947 Tuberonem
1017 3886 1103 3944 corte
1132 3900 1209 3945 usus
1237 3885 1287 3946 est
1309 3880 1411 3944 Varro
1434 3898 1487 3942 eo·

124 3988 264 4069 demque
278 3981 401 4049 Aetius.
437 3999 514 4064 crgo
537 4002 608 4047 eum
624 3982 791 4049 Posidonii
814 3990 847 4049 ct
868 3981 1071 4065 Asclepiadis
1094 3982 1292 4065 temporibus
1307 3981 1391 4045 Astii
1413 3980 1486 4044 fons

123 4085 382 4170 circumscriptus
408 4084 464 4169 sit,
497 4083 552 4167 qui
579 4084 663 4150 idcm
694 4085 755 4150 luit
780 4084 950 4167 Varronis,
982 4089 1223 4148 vetustorum
1249 4081 1486 4149 Placitorum

124 4190 298 4276 origines
326 4187 373 4253 ab
401 4192 571 4253 exeunte
598 4207 628 4252 a.
651 4207 682 4251 u.
707 4207 733 4252 c.
757 4188 913 4252 sacculo
942 4183 1105 4269 septimo
1136 4184 1370 4268 repetendas
1399 4203 1487 4249 esso

124 4290 342 4377 consequitur.
376 4287 588 4372 Asclepiades
610 4288 644 4354 in
667 4288 836 4354 Censorini
860 4286 1021 4371 excerptis
1043 4286 1084 4352 de
1106 4293 1223 4352 natura
1244 4285 1383 4351 bominis
1403 4285 1488 4353 forte

123 4421 191 4466 uon
213 4396 340 4475 citatum,
362 4390 421 4456 scd
437 4389 480 4457 de
493 4390 632 4457 musicos
653 4392 687 4458 ri
710 4411 736 4457 o.
750 4393 791 4457 12
813 4410 854 4457 ex
869 4391 984 4458 codem
1000 4389 1115 4474 opinor
1129 4387 1310 4473 Tuberone,
1334 4389 1377 4454 ad
1392 4410 1487 4472 quem

124 4522 201 4567 mox
215 4496 344 4564 dabitur
363 4492 495 4559 reditus.
529 4500 671 4560 ceterum
685 4514 728 4562 nc
743 4514 824 4578 opus
839 4493 968 4577 quidem
984 4498 1033 4558 est
1048 4489 1216 4556 subtiliore
1231 4510 1389 4556 annorum
1406 4512 1488 4557 com-

124 4600 304 4688 putatione.
343 4601 471 4662 constat
499 4596 644 4666 Varrone
674 4603 708 4664 ct
734 4596 960 4681 Asclepiadem
989 4602 1022 4662 et
1050 4589 1259 4658 Posidonium
1286 4613 1352 4658 uua
1377 4599 1488 4660 aetate

125 4703 309 4791 superiores
332 4717 405 4765 csse
427 4694 480 4784 [of.
502 4720 535 4783 p.
552 4697 644 4787 185⁸]
667 4719 773 4782 neque
794 4699 900 4764 minus
921 4705 1050 4765 constat
1071 4695 1247 4762 novissimo
1270 4695 1384 4779 cuique
1406 4696 1487 4764 libro

125 4808 269 4875 inhiasse
300 4799 511 4887 polyhistoris
536 4801 771 4886 curiositatem,
803 4809 838 4866 ut
869 4801 944 4866 bine
970 4800 1099 4885 quidem
1134 4797 1215 4862 nibil
1247 4796 1364 4863 oboriri
1391 4806 1488 4883 queat

125 4903 336 4978 difficultatis.
372 4902 432 4969 scd
454 4922 516 4987 age
538 4911 647 4971 cetera
669 4904 841 4970 rideamus
862 4923 939 4969 num
962 4901 1082 4968 nostris
1105 4899 1238 4965 calculis
1261 4900 1466 4968 conveniant.
