<?xml version="1.0" encoding="UTF-8"?>
<!DOCTYPE html PUBLIC "-//W3C//DTD XHTML 1.0 Transitional//EN"
    "http://www.w3.org/TR/xhtml1/DTD/xhtml1-transitional.dtd">
<html xmlns="http://www.w3.org/1999/xhtml" xml:lang="en" lang="en">
 <head>
  <title>
</title>
<meta http-equiv="Content-Type" content="text/html;charset=utf-8" />
  <meta name='ocr-system' content='tesseract 3.04.00' />
  <meta name='ocr-capabilities' content='ocr_page ocr_carea ocr_par ocr_line ocrx_word'/>
</head>
<body>
  <div class='ocr_page' id='page_1' title='image "./doxographigraec00dielgoog/doxographigraec00dielgoog_0248.png"; bbox 0 0 3442 5588; ppageno 0'>
   <div class='ocr_carea' id='block_1_1' title="bbox 718 350 1535 414">
    <p class='ocr_par' dir='ltr' id='par_1_1' title="bbox 718 350 1535 414">
     <span class='ocr_line' id='line_1_1' title="bbox 718 350 1535 414; baseline -0.002 -13"><span class='ocrx_word' id='word_1_1' title='bbox 718 350 993 401; x_wconf 75' lang='lat' dir='ltr'>rsouueouunn</span> <span class='ocrx_word' id='word_1_2' title='bbox 1475 350 1535 414; x_wconf 67' lang='lat'>⁶227</span> 
     </span>
    </p>
   </div>
   <div class='ocr_carea' id='block_1_2' title="bbox 173 514 1539 1519">
    <p class='ocr_par' dir='ltr' id='par_1_2' title="bbox 173 514 1539 1519">
     <span class='ocr_line' id='line_1_2' title="bbox 177 514 1538 600; baseline 0.003 -22"><span class='ocrx_word' id='word_1_3' title='bbox 177 514 236 579; x_wconf 92' lang='lat' dir='ltr'>alii</span> <span class='ocrx_word' id='word_1_4' title='bbox 263 514 480 600; x_wconf 75' lang='lat' dir='ltr'>Peripatetico</span> <span class='ocrx_word' id='word_1_5' title='bbox 506 514 622 580; x_wconf 92' lang='lat' dir='ltr'>librum</span> <span class='ocrx_word' id='word_1_6' title='bbox 649 515 849 583; x_wconf 75' lang='lat' dir='ltr'><strong>vindicemus</strong></span> <span class='ocrx_word' id='word_1_7' title='bbox 877 538 947 583; x_wconf 88' lang='lat' dir='ltr'>curn</span> <span class='ocrx_word' id='word_1_8' title='bbox 974 518 1057 582; x_wconf 88' lang='lat' dir='ltr'>alia¹</span> <span class='ocrx_word' id='word_1_9' title='bbox 1082 517 1220 583; x_wconf 83' lang='lat' dir='ltr'>suadent</span> <span class='ocrx_word' id='word_1_10' title='bbox 1247 525 1312 583; x_wconf 89' lang='lat' dir='ltr'>tum</span> <span class='ocrx_word' id='word_1_11' title='bbox 1336 518 1440 584; x_wconf 87' lang='lat' dir='ltr'>forma</span> <span class='ocrx_word' id='word_1_12' title='bbox 1461 520 1538 584; x_wconf 91' lang='lat' dir='ltr'>lem-</span> 
     </span>
     <span class='ocr_line' id='line_1_3' title="bbox 174 616 1538 711; baseline 0.002 -30"><span class='ocrx_word' id='word_1_13' title='bbox 174 624 300 683; x_wconf 83' lang='lat' dir='ltr'>matum</span> <span class='ocrx_word' id='word_1_14' title='bbox 317 623 432 711; x_wconf 55' lang='lat' dir='ltr'>‚pattes</span> <span class='ocrx_word' id='word_1_15' title='bbox 446 616 634 700; x_wconf 87' lang='lat' dir='ltr'>patriasque</span> <span class='ocrx_word' id='word_1_16' title='bbox 648 619 906 703; x_wconf 86' lang='lat' dir='ltr'>memorantium,</span> <span class='ocrx_word' id='word_1_17' title='bbox 931 639 995 702; x_wconf 89' lang='lat' dir='ltr'>qua</span> <span class='ocrx_word' id='word_1_18' title='bbox 1010 620 1254 703; x_wconf 78' lang='lat' dir='ltr'>Theophrastus</span> <span class='ocrx_word' id='word_1_19' title='bbox 1277 620 1309 685; x_wconf 91' lang='lat' dir='ltr'>in</span> <span class='ocrx_word' id='word_1_20' title='bbox 1325 619 1538 704; x_wconf 88' lang='lat' dir='ltr'>Opiniouibus</span> 
     </span>
     <span class='ocr_line' id='line_1_4' title="bbox 173 718 1538 806; baseline 0.002 -22"><span class='ocrx_word' id='word_1_21' title='bbox 173 739 255 785; x_wconf 86' lang='lat' dir='ltr'>usus</span> <span class='ocrx_word' id='word_1_22' title='bbox 288 726 368 786; x_wconf 81' lang='lat' dir='ltr'>erat.</span> <span class='ocrx_word' id='word_1_23' title='bbox 422 718 541 785; x_wconf 88' lang='lat' dir='ltr'>ibidem</span> <span class='ocrx_word' id='word_1_24' title='bbox 573 720 792 803; x_wconf 82' lang='lat' dir='ltr'>Anaxagorae</span> <span class='ocrx_word' id='word_1_25' title='bbox 826 728 913 787; x_wconf 83' lang='lat' dir='ltr'>certe</span> <span class='ocrx_word' id='word_1_26' title='bbox 947 722 988 787; x_wconf 91' lang='lat' dir='ltr'>de</span> <span class='ocrx_word' id='word_1_27' title='bbox 1022 722 1097 786; x_wconf 91' lang='lat' dir='ltr'>Nilo</span> <span class='ocrx_word' id='word_1_28' title='bbox 1136 721 1289 805; x_wconf 90' lang='lat' dir='ltr'>placitum</span> <span class='ocrx_word' id='word_1_29' title='bbox 1326 729 1538 806; x_wconf 90' lang='lat' dir='ltr'>proposuerat</span> 
     </span>
     <span class='ocr_line' id='line_1_5' title="bbox 174 819 1538 907; baseline 0 -19"><span class='ocrx_word' id='word_1_30' title='bbox 174 822 323 907; x_wconf 78' lang='lat' dir='ltr'>[Hippot</span> <span class='ocrx_word' id='word_1_31' title='bbox 346 819 451 904; x_wconf 74' lang='lat'>851.²</span> <span class='ocrx_word' id='word_1_32' title='bbox 484 825 614 905; x_wconf 88' lang='lat' dir='ltr'>praeter</span> <span class='ocrx_word' id='word_1_33' title='bbox 635 823 883 889; x_wconf 85' lang='lat' dir='ltr'>Eratosthenem</span> <span class='ocrx_word' id='word_1_34' title='bbox 905 829 938 889; x_wconf 93' lang='lat' dir='ltr'>et</span> <span class='ocrx_word' id='word_1_35' title='bbox 961 824 1172 890; x_wconf 85' lang='lat' dir='ltr'>Posidonium</span> <span class='ocrx_word' id='word_1_36' title='bbox 1188 824 1447 906; x_wconf 74' lang='lat' dir='ltr'>Agatharchides</span> <span class='ocrx_word' id='word_1_37' title='bbox 1463 846 1538 906; x_wconf 90' lang='lat' dir='ltr'>quo·</span> 
     </span>
     <span class='ocr_line' id='line_1_6' title="bbox 173 922 1539 1010; baseline -0.001 -20"><span class='ocrx_word' id='word_1_38' title='bbox 173 944 240 1008; x_wconf 84' lang='lat' dir='ltr'>que</span> <span class='ocrx_word' id='word_1_39' title='bbox 263 945 336 991; x_wconf 91' lang='lat' dir='ltr'>eum</span> <span class='ocrx_word' id='word_1_40' title='bbox 359 922 475 989; x_wconf 89' lang='lat' dir='ltr'>librum</span> <span class='ocrx_word' id='word_1_41' title='bbox 498 923 674 1008; x_wconf 75' lang='lat' dir='ltr'>excerpsit,</span> <span class='ocrx_word' id='word_1_42' title='bbox 703 924 788 990; x_wconf 90' lang='lat' dir='ltr'>unde</span> <span class='ocrx_word' id='word_1_43' title='bbox 810 932 897 991; x_wconf 92' lang='lat' dir='ltr'>recte</span> <span class='ocrx_word' id='word_1_44' title='bbox 920 925 1098 990; x_wconf 81' lang='lat' dir='ltr'>Diodorum</span> <span class='ocrx_word' id='word_1_45' title='bbox 1114 927 1129 990; x_wconf 95' lang='lat' dir='ltr'>I</span> <span class='ocrx_word' id='word_1_46' title='bbox 1145 927 1186 991; x_wconf 81' lang='lat'>38</span> <span class='ocrx_word' id='word_1_47' title='bbox 1208 925 1351 1010; x_wconf 89' lang='lat' dir='ltr'>pendere</span> <span class='ocrx_word' id='word_1_48' title='bbox 1373 926 1539 1009; x_wconf 78' lang='lat' dir='ltr'>perspexit</span> 
     </span>
     <span class='ocr_line' id='line_1_7' title="bbox 174 1024 1539 1110; baseline 0.002 -22"><span class='ocrx_word' id='word_1_49' title='bbox 174 1024 311 1092; x_wconf 87' lang='lat' dir='ltr'>Roseus.</span> <span class='ocrx_word' id='word_1_50' title='bbox 355 1032 471 1110; x_wconf 87' lang='lat' dir='ltr'>postea</span> <span class='ocrx_word' id='word_1_51' title='bbox 497 1026 600 1108; x_wconf 89' lang='lat' dir='ltr'>magis</span> <span class='ocrx_word' id='word_1_52' title='bbox 627 1026 828 1092; x_wconf 87' lang='lat' dir='ltr'>ferventibus</span> <span class='ocrx_word' id='word_1_53' title='bbox 856 1027 893 1091; x_wconf 90' lang='lat' dir='ltr'>in</span> <span class='ocrx_word' id='word_1_54' title='bbox 918 1026 988 1092; x_wconf 91' lang='lat' dir='ltr'>dies</span> <span class='ocrx_word' id='word_1_55' title='bbox 1009 1028 1205 1093; x_wconf 88' lang='lat' dir='ltr'>naturalium</span> <span class='ocrx_word' id='word_1_56' title='bbox 1228 1027 1453 1110; x_wconf 88' lang='lat' dir='ltr'>quaestionum</span> <span class='ocrx_word' id='word_1_57' title='bbox 1476 1034 1539 1092; x_wconf 92' lang='lat' dir='ltr'>stu·</span> 
     </span>
     <span class='ocr_line' id='line_1_8' title="bbox 175 1127 1538 1213; baseline 0.001 -22"><span class='ocrx_word' id='word_1_58' title='bbox 175 1127 240 1193; x_wconf 90' lang='lat' dir='ltr'>diis</span> <span class='ocrx_word' id='word_1_59' title='bbox 266 1129 308 1194; x_wconf 91' lang='lat' dir='ltr'>de</span> <span class='ocrx_word' id='word_1_60' title='bbox 335 1127 410 1194; x_wconf 87' lang='lat' dir='ltr'>Nilo</span> <span class='ocrx_word' id='word_1_61' title='bbox 443 1128 589 1194; x_wconf 88' lang='lat' dir='ltr'>certatim</span> <span class='ocrx_word' id='word_1_62' title='bbox 616 1128 708 1193; x_wconf 92' lang='lat' dir='ltr'>multi</span> <span class='ocrx_word' id='word_1_63' title='bbox 736 1128 911 1212; x_wconf 90' lang='lat' dir='ltr'>scripsere,</span> <span class='ocrx_word' id='word_1_64' title='bbox 943 1129 1028 1194; x_wconf 91' lang='lat' dir='ltr'>unde</span> <span class='ocrx_word' id='word_1_65' title='bbox 1051 1129 1186 1195; x_wconf 91' lang='lat' dir='ltr'>Diodori</span> <span class='ocrx_word' id='word_1_66' title='bbox 1209 1129 1353 1195; x_wconf 87' lang='lat' dir='ltr'>Senecae</span> <span class='ocrx_word' id='word_1_67' title='bbox 1376 1129 1538 1213; x_wconf 81' lang='lat' dir='ltr'>Anonymi</span> 
     </span>
     <span class='ocr_line' id='line_1_9' title="bbox 179 1228 1539 1316; baseline 0.001 -23"><span class='ocrx_word' id='word_1_68' title='bbox 179 1228 374 1314; x_wconf 76' lang='lat' dir='ltr'>Florentini,</span> <span class='ocrx_word' id='word_1_69' title='bbox 397 1229 606 1314; x_wconf 90' lang='lat' dir='ltr'>Apolloniaui</span> <span class='ocrx_word' id='word_1_70' title='bbox 628 1230 838 1314; x_wconf 84' lang='lat' dir='ltr'>scholiastae,</span> <span class='ocrx_word' id='word_1_71' title='bbox 859 1230 944 1296; x_wconf 79' lang='lat' dir='ltr'>Astii</span> <span class='ocrx_word' id='word_1_72' title='bbox 967 1232 1102 1314; x_wconf 89' lang='lat' dir='ltr'>eclogae</span> <span class='ocrx_word' id='word_1_73' title='bbox 1124 1238 1265 1298; x_wconf 89' lang='lat' dir='ltr'>aetatem</span> <span class='ocrx_word' id='word_1_74' title='bbox 1288 1233 1440 1316; x_wconf 89' lang='lat' dir='ltr'>tulerunt,</span> <span class='ocrx_word' id='word_1_75' title='bbox 1463 1250 1539 1313; x_wconf 86' lang='lat' dir='ltr'>qua-</span> 
     </span>
     <span class='ocr_line' id='line_1_10' title="bbox 176 1331 1538 1417; baseline -0.001 -21"><span class='ocrx_word' id='word_1_76' title='bbox 176 1350 248 1396; x_wconf 91' lang='lat' dir='ltr'>rum</span> <span class='ocrx_word' id='word_1_77' title='bbox 275 1331 529 1416; x_wconf 85' lang='lat' dir='ltr'>discrepantiam</span> <span class='ocrx_word' id='word_1_78' title='bbox 556 1353 628 1398; x_wconf 89' lang='lat' dir='ltr'>oum</span> <span class='ocrx_word' id='word_1_79' title='bbox 655 1332 850 1399; x_wconf 89' lang='lat' dir='ltr'>Aristoteleo</span> <span class='ocrx_word' id='word_1_80' title='bbox 881 1340 1033 1417; x_wconf 88' lang='lat' dir='ltr'>excerpto</span> <span class='ocrx_word' id='word_1_81' title='bbox 1060 1333 1243 1398; x_wconf 90' lang='lat' dir='ltr'>nominibus</span> <span class='ocrx_word' id='word_1_82' title='bbox 1271 1332 1538 1417; x_wconf 89' lang='lat' dir='ltr'>philosophorum</span> 
     </span>
     <span class='ocr_line' id='line_1_11' title="bbox 175 1432 1117 1519; baseline 0.003 -22"><span class='ocrx_word' id='word_1_83' title='bbox 175 1432 363 1516; x_wconf 87' lang='lat' dir='ltr'>compositis</span> <span class='ocrx_word' id='word_1_84' title='bbox 385 1432 444 1499; x_wconf 90' lang='lat' dir='ltr'>suh</span> <span class='ocrx_word' id='word_1_85' title='bbox 466 1453 565 1499; x_wconf 92' lang='lat' dir='ltr'>uuum</span> <span class='ocrx_word' id='word_1_86' title='bbox 587 1443 795 1519; x_wconf 88' lang='lat' dir='ltr'>conspectum</span> <span class='ocrx_word' id='word_1_87' title='bbox 825 1435 910 1501; x_wconf 89' lang='lat' dir='ltr'>ferre</span> <span class='ocrx_word' id='word_1_88' title='bbox 932 1435 1035 1500; x_wconf 84' lang='lat' dir='ltr'>visum</span> <span class='ocrx_word' id='word_1_89' title='bbox 1059 1443 1117 1501; x_wconf 90' lang='lat' dir='ltr'>est.</span> 
     </span>
    </p>
   </div>
   <div class='ocr_carea' id='block_1_3' title="bbox 178 1563 303 1572">
    <p class='ocr_par' dir='ltr' id='par_1_3' title="bbox 178 1563 303 1572">
     <span class='ocr_line' id='line_1_12' title="bbox 178 1563 303 1572; baseline 0.016 -2"><span class='ocrx_word' id='word_1_90' title='bbox 178 1563 303 1572; x_wconf 51' lang='grc' dir='ltr'>-μ--υ</span> 
     </span>
    </p>
   </div>
   <div class='ocr_carea' id='block_1_4' title="bbox 174 1623 1540 2127">
    <p class='ocr_par' dir='ltr' id='par_1_4' title="bbox 174 1623 1540 2127">
     <span class='ocr_line' id='line_1_13' title="bbox 254 1623 1539 1689; baseline -0.001 -16"><span class='ocrx_word' id='word_1_91' title='bbox 254 1623 261 1653; x_wconf 91' lang='lat'><strong>¹</strong></span> <span class='ocrx_word' id='word_1_92' title='bbox 281 1625 454 1674; x_wconf 85' lang='lat' dir='ltr'>memorabilis</span> <span class='ocrx_word' id='word_1_93' title='bbox 473 1632 512 1674; x_wconf 85' lang='lat' dir='ltr'>est</span> <span class='ocrx_word' id='word_1_94' title='bbox 530 1627 677 1675; x_wconf 80' lang='lat' dir='ltr'>Aristotelis</span> <span class='ocrx_word' id='word_1_95' title='bbox 695 1628 777 1688; x_wconf 86' lang='lat' dir='ltr'>latini,</span> <span class='ocrx_word' id='word_1_96' title='bbox 796 1640 852 1673; x_wconf 91' lang='lat' dir='ltr'>cum</span> <span class='ocrx_word' id='word_1_97' title='bbox 869 1624 977 1674; x_wconf 87' lang='lat' dir='ltr'>Thalem</span> <span class='ocrx_word' id='word_1_98' title='bbox 995 1627 1140 1689; x_wconf 85' lang='lat' dir='ltr'>impugnat,</span> <span class='ocrx_word' id='word_1_99' title='bbox 1160 1640 1216 1674; x_wconf 92' lang='lat' dir='ltr'>cum</span> <span class='ocrx_word' id='word_1_100' title='bbox 1235 1623 1370 1673; x_wconf 88' lang='lat' dir='ltr'>Herodoto</span> <span class='ocrx_word' id='word_1_101' title='bbox 1390 1639 1539 1675; x_wconf 87' lang='lat' dir='ltr'>consensus.</span> 
     </span>
     <span class='ocr_line' id='line_1_14' title="bbox 176 1707 1539 1777; baseline -0.001 -17"><span class='ocrx_word' id='word_1_102' title='bbox 176 1711 223 1760; x_wconf 79' lang='lat' dir='ltr'>Ar.</span> <span class='ocrx_word' id='word_1_103' title='bbox 242 1727 268 1775; x_wconf 92' lang='lat' dir='ltr'>p.</span> <span class='ocrx_word' id='word_1_104' title='bbox 286 1709 347 1772; x_wconf 79' lang='lat'>634,</span> <span class='ocrx_word' id='word_1_105' title='bbox 361 1707 395 1761; x_wconf 79' lang='lat'>22</span> <span class='ocrx_word' id='word_1_106' title='bbox 419 1709 508 1761; x_wconf 74' lang='lat' dir='ltr'>adaco</span> <span class='ocrx_word' id='word_1_107' title='bbox 536 1710 610 1762; x_wconf 80' lang='lat' dir='ltr'>idem</span> <span class='ocrx_word' id='word_1_108' title='bbox 633 1710 703 1762; x_wconf 82' lang='lat' dir='ltr'>alios</span> <span class='ocrx_word' id='word_1_109' title='bbox 727 1710 856 1774; x_wconf 83' lang='lat' dir='ltr'>oportebat</span> <span class='ocrx_word' id='word_1_110' title='bbox 881 1716 939 1774; x_wconf 86' lang='lat' dir='ltr'>potl</span> <span class='ocrx_word' id='word_1_111' title='bbox 964 1710 1049 1777; x_wconf 76' lang='lat' dir='ltr'>scupis</span> <span class='ocrx_word' id='word_1_112' title='bbox 1071 1710 1170 1777; x_wconf 78' lang='lat' dir='ltr'>flavios</span> <span class='ocrx_word' id='word_1_113' title='bbox 1194 1710 1240 1775; x_wconf 81' lang='lat' dir='ltr'>pai</span> <span class='ocrx_word' id='word_1_114' title='bbox 1262 1725 1293 1760; x_wconf 80' lang='lat' dir='ltr'>ea</span> <span class='ocrx_word' id='word_1_115' title='bbox 1316 1709 1432 1776; x_wconf 79' lang='lat' dir='ltr'>opposito</span> <span class='ocrx_word' id='word_1_116' title='bbox 1448 1712 1539 1775; x_wconf 81' lang='lat' dir='ltr'>fluant</span> 
     </span>
     <span class='ocr_line' id='line_1_15' title="bbox 175 1795 1539 1864; baseline 0.001 -18"><span class='ocrx_word' id='word_1_117' title='bbox 175 1796 242 1860; x_wconf 76' lang='lat' dir='ltr'>ipsiu</span> <span class='ocrx_word' id='word_1_118' title='bbox 259 1796 344 1863; x_wconf 75' lang='lat' dir='ltr'>acopis</span> <span class='ocrx_word' id='word_1_119' title='bbox 361 1805 387 1847; x_wconf 80' lang='lat' dir='ltr'>ct</span> <span class='ocrx_word' id='word_1_120' title='bbox 398 1797 514 1847; x_wconf 76' lang='lat' dir='ltr'>minores</span> <span class='ocrx_word' id='word_1_121' title='bbox 533 1799 674 1850; x_wconf 70' lang='lat' dir='ltr'>existentes</span> <span class='ocrx_word' id='word_1_122' title='bbox 685 1797 786 1863; x_wconf 82' lang='lat' dir='ltr'>soctles</span> <span class='ocrx_word' id='word_1_123' title='bbox 803 1805 865 1848; x_wconf 78' lang='lat' dir='ltr'>aaut</span> <span class='ocrx_word' id='word_1_124' title='bbox 883 1797 941 1864; x_wconf 77' lang='lat' dir='ltr'>copi</span> <span class='ocrx_word' id='word_1_125' title='bbox 959 1815 976 1846; x_wconf 88' lang='grc' dir='ltr'>ο</span> <span class='ocrx_word' id='word_1_126' title='bbox 993 1797 1088 1848; x_wconf 82' lang='lat' dir='ltr'>ventis.</span> <span class='ocrx_word' id='word_1_127' title='bbox 1105 1797 1266 1862; x_wconf 77' lang='lat' dir='ltr'>frequenter</span> <span class='ocrx_word' id='word_1_128' title='bbox 1284 1805 1366 1847; x_wconf 80' lang='lat' dir='ltr'>uatem</span> <span class='ocrx_word' id='word_1_129' title='bbox 1384 1805 1409 1847; x_wconf 83' lang='lat' dir='ltr'>et</span> <span class='ocrx_word' id='word_1_130' title='bbox 1427 1795 1539 1847; x_wconf 81' lang='lat' dir='ltr'>annales</span> 
     </span>
     <span class='ocr_line' id='line_1_16' title="bbox 175 1881 1539 1952; baseline -0.001 -18"><span class='ocrx_word' id='word_1_131' title='bbox 175 1900 231 1934; x_wconf 82' lang='grc' dir='ltr'>ιιυιι</span> <span class='ocrx_word' id='word_1_132' title='bbox 249 1883 307 1947; x_wconf 85' lang='lat' dir='ltr'>[sic.</span> <span class='ocrx_word' id='word_1_133' title='bbox 327 1883 415 1947; x_wconf 82' lang='lat' dir='ltr'>codd]</span> <span class='ocrx_word' id='word_1_134' title='bbox 427 1884 512 1949; x_wconf 84' lang='lat' dir='ltr'>stant,</span> <span class='ocrx_word' id='word_1_135' title='bbox 525 1884 626 1952; x_wconf 65' lang='lat' dir='ltr'>flamm</span> <span class='ocrx_word' id='word_1_136' title='bbox 645 1894 732 1936; x_wconf 85' lang='lat' dir='ltr'>autem</span> <span class='ocrx_word' id='word_1_137' title='bbox 750 1884 827 1948; x_wconf 76' lang='lat' dir='ltr'>[noa]</span> <span class='ocrx_word' id='word_1_138' title='bbox 846 1883 951 1935; x_wconf 81' lang='lat' dir='ltr'>videtur</span> <span class='ocrx_word' id='word_1_139' title='bbox 969 1884 1039 1935; x_wconf 78' lang='lat' dir='ltr'>idem</span> <span class='ocrx_word' id='word_1_140' title='bbox 1051 1884 1168 1948; x_wconf 77' lang='lat' dir='ltr'>jaciens.</span> <span class='ocrx_word' id='word_1_141' title='bbox 1199 1884 1296 1934; x_wconf 87' lang='lat' dir='ltr'>Herod.</span> <span class='ocrx_word' id='word_1_142' title='bbox 1309 1885 1336 1932; x_wconf 90' lang='lat' dir='ltr'>ll</span> <span class='ocrx_word' id='word_1_143' title='bbox 1353 1881 1386 1934; x_wconf 68' lang='lat'>‘20</span> <span class='ocrx_word' id='word_1_144' title='bbox 1405 1882 1425 1934; x_wconf 82' lang='grc' dir='ltr'>εί</span> <span class='ocrx_word' id='word_1_145' title='bbox 1444 1882 1539 1952; x_wconf 70' lang='grc' dir='ltr'>ἐτησίαι</span> 
     </span>
     <span class='ocr_line' id='line_1_17' title="bbox 174 1966 1539 2039; baseline -0.001 -18"><span class='ocrx_word' id='word_1_146' title='bbox 174 1968 249 2021; x_wconf 81' lang='grc' dir='ltr'>αίτιοι</span> <span class='ocrx_word' id='word_1_147' title='bbox 266 1967 340 2038; x_wconf 74' lang='grc' dir='ltr'>ἦσαν,</span> <span class='ocrx_word' id='word_1_148' title='bbox 357 1972 422 2039; x_wconf 78' lang='grc' dir='ltr'>χρῆν</span> <span class='ocrx_word' id='word_1_149' title='bbox 439 1971 483 2021; x_wconf 76' lang='grc' dir='ltr'>καί</span> <span class='ocrx_word' id='word_1_150' title='bbox 501 1970 559 2028; x_wconf 77' lang='grc' dir='ltr'>τοὺς</span> <span class='ocrx_word' id='word_1_151' title='bbox 577 1969 667 2029; x_wconf 81' lang='grc' dir='ltr'>ἄλλους</span> <span class='ocrx_word' id='word_1_152' title='bbox 685 1969 821 2039; x_wconf 81' lang='grc' dir='ltr'>ποταμοίις,</span> <span class='ocrx_word' id='word_1_153' title='bbox 843 1969 896 2023; x_wconf 76' lang='grc' dir='ltr'>ὅσοι</span> <span class='ocrx_word' id='word_1_154' title='bbox 920 1976 982 2022; x_wconf 83' lang='grc' dir='ltr'>τοῖσι</span> <span class='ocrx_word' id='word_1_155' title='bbox 1001 1969 1113 2038; x_wconf 76' lang='grc' dir='ltr'>ἐτησίῃσι</span> <span class='ocrx_word' id='word_1_156' title='bbox 1131 1967 1207 2020; x_wconf 78' lang='grc' dir='ltr'>ἀντίοι</span> <span class='ocrx_word' id='word_1_157' title='bbox 1227 1967 1307 2038; x_wconf 77' lang='grc' dir='ltr'>ῥέουσι</span> <span class='ocrx_word' id='word_1_158' title='bbox 1326 1966 1418 2035; x_wconf 78' lang='grc' dir='ltr'>ὁμοίως</span> <span class='ocrx_word' id='word_1_159' title='bbox 1436 1972 1539 2038; x_wconf 76' lang='grc' dir='ltr'>πάσχειν</span> 
     </span>
     <span class='ocr_line' id='line_1_18' title="bbox 175 2051 1540 2127; baseline 0 -20"><span class='ocrx_word' id='word_1_160' title='bbox 175 2055 306 2108; x_wconf 70' lang='grc' dir='ltr'>καὶκατὰ</span> <span class='ocrx_word' id='word_1_161' title='bbox 329 2057 361 2108; x_wconf 78' lang='grc' dir='ltr'>τὰ</span> <span class='ocrx_word' id='word_1_162' title='bbox 382 2054 447 2108; x_wconf 74' lang='lat' dir='ltr'>cort</span> <span class='ocrx_word' id='word_1_163' title='bbox 472 2055 510 2125; x_wconf 76' lang='grc' dir='ltr'>τῷ</span> <span class='ocrx_word' id='word_1_164' title='bbox 534 2051 618 2127; x_wconf 87' lang='grc' dir='ltr'>Νιίλῳ</span> <span class='ocrx_word' id='word_1_165' title='bbox 640 2059 684 2110; x_wconf 76' lang='grc' dir='ltr'>καί</span> <span class='ocrx_word' id='word_1_166' title='bbox 707 2055 802 2125; x_wconf 81' lang='grc' dir='ltr'>μᾶλλον</span> <span class='ocrx_word' id='word_1_167' title='bbox 824 2056 860 2108; x_wconf 84' lang='grc' dir='ltr'>ίτι</span> <span class='ocrx_word' id='word_1_168' title='bbox 882 2055 993 2127; x_wconf 74' lang='grc' dir='ltr'>τοσουτῳ</span> <span class='ocrx_word' id='word_1_169' title='bbox 1012 2054 1063 2125; x_wconf 79' lang='grc' dir='ltr'>ὅσῳ</span> <span class='ocrx_word' id='word_1_170' title='bbox 1082 2055 1210 2114; x_wconf 72' lang='grc' dir='ltr'>ἐλάσσονες</span> <span class='ocrx_word' id='word_1_171' title='bbox 1229 2055 1310 2112; x_wconf 79' lang='grc' dir='ltr'>ἐόντες</span> <span class='ocrx_word' id='word_1_172' title='bbox 1329 2053 1490 2127; x_wconf 75' lang='grc' dir='ltr'>ἀσθενέστεροι</span> <span class='ocrx_word' id='word_1_173' title='bbox 1508 2057 1540 2107; x_wconf 80' lang='grc' dir='ltr'>τὰ</span> 
     </span>
    </p>
   </div>
   <div class='ocr_carea' id='block_1_5' title="bbox 176 2137 1603 3408">
    <p class='ocr_par' dir='ltr' id='par_1_5' title="bbox 176 2137 1541 2730">
     <span class='ocr_line' id='line_1_19' title="bbox 176 2137 1539 2213; baseline 0.001 -20"><span class='ocrx_word' id='word_1_174' title='bbox 176 2140 289 2211; x_wconf 60' lang='lat' dir='ltr'>§cipeto</span> <span class='ocrx_word' id='word_1_175' title='bbox 307 2142 466 2213; x_wconf 77' lang='grc' dir='ltr'>παρίχονιαι.</span> <span class='ocrx_word' id='word_1_176' title='bbox 484 2155 561 2196; x_wconf 82' lang='lat' dir='ltr'>autea</span> <span class='ocrx_word' id='word_1_177' title='bbox 579 2143 698 2202; x_wconf 81' lang='grc' dir='ltr'>πολλάκις</span> <span class='ocrx_word' id='word_1_178' title='bbox 716 2143 742 2195; x_wconf 78' lang='lat' dir='ltr'>tt</span> <span class='ocrx_word' id='word_1_179' title='bbox 761 2142 856 2213; x_wconf 76' lang='grc' dir='ltr'>ίτησίαι</span> <span class='ocrx_word' id='word_1_180' title='bbox 873 2143 919 2212; x_wconf 78' lang='grc' dir='ltr'>μίν</span> <span class='ocrx_word' id='word_1_181' title='bbox 937 2141 1022 2195; x_wconf 71' lang='grc' dir='ltr'>οὔκων</span> <span class='ocrx_word' id='word_1_182' title='bbox 1041 2142 1169 2207; x_wconf 83' lang='grc' dir='ltr'>ίπνευσοιν,</span> <span class='ocrx_word' id='word_1_183' title='bbox 1187 2141 1200 2194; x_wconf 83' lang='lat' dir='ltr'>h</span> <span class='ocrx_word' id='word_1_184' title='bbox 1215 2142 1241 2194; x_wconf 78' lang='lat' dir='ltr'>tt</span> <span class='ocrx_word' id='word_1_185' title='bbox 1259 2137 1350 2200; x_wconf 79' lang='grc' dir='ltr'>Νεῖλος</span> <span class='ocrx_word' id='word_1_186' title='bbox 1368 2141 1451 2194; x_wconf 80' lang='grc' dir='ltr'>τώυτὸ</span> <span class='ocrx_word' id='word_1_187' title='bbox 1470 2143 1539 2213; x_wconf 65' lang='grc' dir='ltr'>ἐργά-</span> 
     </span>
     <span class='ocr_line' id='line_1_20' title="bbox 176 2229 1538 2297; baseline -0.002 -16"><span class='ocrx_word' id='word_1_188' title='bbox 176 2229 253 2289; x_wconf 69' lang='grc' dir='ltr'>ζεται.</span> <span class='ocrx_word' id='word_1_189' title='bbox 278 2234 335 2295; x_wconf 84' lang='lat' dir='ltr'>quis</span> <span class='ocrx_word' id='word_1_190' title='bbox 354 2232 442 2282; x_wconf 85' lang='lat' dir='ltr'>credet</span> <span class='ocrx_word' id='word_1_191' title='bbox 460 2234 672 2282; x_wconf 85' lang='lat' dir='ltr'>Aristotelem</span> <span class='ocrx_word' id='word_1_192' title='bbox 689 2234 725 2282; x_wconf 84' lang='lat' dir='ltr'>ita</span> <span class='ocrx_word' id='word_1_193' title='bbox 737 2232 872 2283; x_wconf 84' lang='lat' dir='ltr'>Herodoto</span> <span class='ocrx_word' id='word_1_194' title='bbox 886 2248 913 2282; x_wconf 87' lang='lat' dir='ltr'>se</span> <span class='ocrx_word' id='word_1_195' title='bbox 927 2234 1096 2297; x_wconf 85' lang='lat' dir='ltr'>mancipasse,</span> <span class='ocrx_word' id='word_1_196' title='bbox 1115 2240 1143 2282; x_wconf 90' lang='lat' dir='ltr'>nt</span> <span class='ocrx_word' id='word_1_197' title='bbox 1161 2232 1241 2282; x_wconf 84' lang='lat' dir='ltr'>verba</span> <span class='ocrx_word' id='word_1_198' title='bbox 1259 2245 1361 2294; x_wconf 91' lang='lat' dir='ltr'>quoque</span> <span class='ocrx_word' id='word_1_199' title='bbox 1379 2232 1538 2281; x_wconf 76' lang='lat' dir='ltr'>manstemet!</span> 
     </span>
     <span class='ocr_line' id='line_1_21' title="bbox 177 2316 1539 2383; baseline -0.002 -15"><span class='ocrx_word' id='word_1_200' title='bbox 177 2318 379 2382; x_wconf 74' lang='lat' dir='ltr'>Agatharchidis</span> <span class='ocrx_word' id='word_1_201' title='bbox 402 2319 522 2368; x_wconf 81' lang='lat' dir='ltr'>refutatio</span> <span class='ocrx_word' id='word_1_202' title='bbox 548 2320 739 2383; x_wconf 83' lang='lat' dir='ltr'>Anaxagoreac</span> <span class='ocrx_word' id='word_1_203' title='bbox 764 2321 894 2383; x_wconf 86' lang='lat' dir='ltr'>opinionis</span> <span class='ocrx_word' id='word_1_204' title='bbox 920 2316 1154 2383; x_wconf 74' lang='lat' dir='ltr'>[Diodor.13ttt]</span> <span class='ocrx_word' id='word_1_205' title='bbox 1179 2320 1307 2368; x_wconf 85' lang='lat' dir='ltr'>consentit</span> <span class='ocrx_word' id='word_1_206' title='bbox 1331 2333 1387 2366; x_wconf 90' lang='lat' dir='ltr'>cum</span> <span class='ocrx_word' id='word_1_207' title='bbox 1413 2317 1539 2366; x_wconf 87' lang='lat' dir='ltr'>Herodot.</span> 
     </span>
     <span class='ocr_line' id='line_1_22' title="bbox 177 2400 1539 2472; baseline -0.003 -16"><span class='ocrx_word' id='word_1_208' title='bbox 177 2400 261 2456; x_wconf 73' lang='lat'>1122.</span> <span class='ocrx_word' id='word_1_209' title='bbox 280 2406 308 2455; x_wconf 87' lang='lat' dir='ltr'>ia</span> <span class='ocrx_word' id='word_1_210' title='bbox 324 2402 466 2455; x_wconf 82' lang='lat' dir='ltr'>Aristotele</span> <span class='ocrx_word' id='word_1_211' title='bbox 484 2406 565 2454; x_wconf 81' lang='lat' dir='ltr'>latino</span> <span class='ocrx_word' id='word_1_212' title='bbox 584 2407 670 2455; x_wconf 88' lang='lat' dir='ltr'>alieno</span> <span class='ocrx_word' id='word_1_213' title='bbox 691 2406 841 2455; x_wconf 85' lang='lat' dir='ltr'>emblemate</span> <span class='ocrx_word' id='word_1_214' title='bbox 860 2408 994 2458; x_wconf 89' lang='lat' dir='ltr'>interiecto</span> <span class='ocrx_word' id='word_1_215' title='bbox 1009 2410 1066 2472; x_wconf 87' lang='lat' dir='ltr'>ipsa</span> <span class='ocrx_word' id='word_1_216' title='bbox 1084 2408 1225 2456; x_wconf 80' lang='lat' dir='ltr'>confutatio</span> <span class='ocrx_word' id='word_1_217' title='bbox 1245 2411 1361 2460; x_wconf 82' lang='lat' dir='ltr'>truncata</span> <span class='ocrx_word' id='word_1_218' title='bbox 1380 2404 1488 2453; x_wconf 81' lang='lat' dir='ltr'>videtur.</span> <span class='ocrx_word' id='word_1_219' title='bbox 1508 2404 1539 2452; x_wconf 86' lang='lat' dir='ltr'>os.</span> 
     </span>
     <span class='ocr_line' id='line_1_23' title="bbox 178 2489 1541 2558; baseline -0.002 -18"><span class='ocrx_word' id='word_1_220' title='bbox 178 2489 328 2540; x_wconf 84' lang='lat' dir='ltr'>Senec.1V</span> <span class='ocrx_word' id='word_1_221' title='bbox 347 2489 359 2540; x_wconf 93' lang='lat' dir='ltr'>l</span> <span class='ocrx_word' id='word_1_222' title='bbox 378 2499 476 2540; x_wconf 77' lang='lat'>18-21.</span> <span class='ocrx_word' id='word_1_223' title='bbox 508 2492 716 2558; x_wconf 83' lang='lat' dir='ltr'>Theophrastum</span> <span class='ocrx_word' id='word_1_224' title='bbox 740 2493 798 2541; x_wconf 87' lang='lat' dir='ltr'>libri</span> <span class='ocrx_word' id='word_1_225' title='bbox 821 2493 853 2541; x_wconf 89' lang='lat' dir='ltr'>de</span> <span class='ocrx_word' id='word_1_226' title='bbox 876 2494 938 2542; x_wconf 90' lang='lat' dir='ltr'>Nilo</span> <span class='ocrx_word' id='word_1_227' title='bbox 961 2501 1091 2544; x_wconf 90' lang='lat' dir='ltr'>auctorem</span> <span class='ocrx_word' id='word_1_228' title='bbox 1115 2508 1170 2542; x_wconf 89' lang='lat' dir='ltr'>csse</span> <span class='ocrx_word' id='word_1_229' title='bbox 1193 2491 1253 2541; x_wconf 90' lang='lat' dir='ltr'>inde</span> <span class='ocrx_word' id='word_1_230' title='bbox 1278 2491 1416 2540; x_wconf 82' lang='lat' dir='ltr'>verisimile</span> <span class='ocrx_word' id='word_1_231' title='bbox 1440 2490 1541 2538; x_wconf 88' lang='lat' dir='ltr'>videtur</span> 
     </span>
     <span class='ocr_line' id='line_1_24' title="bbox 179 2573 1539 2642; baseline -0.002 -15"><span class='ocrx_word' id='word_1_232' title='bbox 179 2575 265 2627; x_wconf 69' lang='lat' dir='ltr'>acceo</span> <span class='ocrx_word' id='word_1_233' title='bbox 284 2577 332 2626; x_wconf 83' lang='lat' dir='ltr'>Ar.</span> <span class='ocrx_word' id='word_1_234' title='bbox 350 2577 440 2641; x_wconf 90' lang='lat' dir='ltr'>pseud.</span> <span class='ocrx_word' id='word_1_235' title='bbox 459 2594 484 2642; x_wconf 91' lang='lat' dir='ltr'>p.</span> <span class='ocrx_word' id='word_1_236' title='bbox 497 2573 557 2641; x_wconf 73' lang='lat'>239,</span> <span class='ocrx_word' id='word_1_237' title='bbox 578 2582 639 2642; x_wconf 87' lang='lat' dir='ltr'>quia</span> <span class='ocrx_word' id='word_1_238' title='bbox 657 2581 765 2630; x_wconf 87' lang='lat' dir='ltr'>eandem</span> <span class='ocrx_word' id='word_1_239' title='bbox 784 2581 821 2629; x_wconf 89' lang='lat' dir='ltr'>rei</span> <span class='ocrx_word' id='word_1_240' title='bbox 840 2583 865 2629; x_wconf 92' lang='lat' dir='ltr'>in</span> <span class='ocrx_word' id='word_1_241' title='bbox 885 2582 938 2629; x_wconf 87' lang='lat' dir='ltr'>suis</span> <span class='ocrx_word' id='word_1_242' title='bbox 956 2576 1164 2641; x_wconf 88' lang='lat' dir='ltr'>meteorologicis</span> <span class='ocrx_word' id='word_1_243' title='bbox 1183 2592 1286 2628; x_wconf 88' lang='lat' dir='ltr'>causam</span> <span class='ocrx_word' id='word_1_244' title='bbox 1304 2578 1479 2642; x_wconf 85' lang='lat' dir='ltr'>explicaverit.</span> <span class='ocrx_word' id='word_1_245' title='bbox 1508 2577 1539 2625; x_wconf 83' lang='lat' dir='ltr'>cf.</span> 
     </span>
     <span class='ocr_line' id='line_1_25' title="bbox 180 2660 1441 2730; baseline -0.001 -17"><span class='ocrx_word' id='word_1_246' title='bbox 180 2663 209 2713; x_wconf 90' lang='lat' dir='ltr'>de</span> <span class='ocrx_word' id='word_1_247' title='bbox 227 2665 312 2713; x_wconf 85' lang='lat' dir='ltr'>ventis</span> <span class='ocrx_word' id='word_1_248' title='bbox 330 2662 344 2725; x_wconf 70' lang='grc' dir='ltr'><strong>ξ</strong></span> <span class='ocrx_word' id='word_1_249' title='bbox 357 2660 382 2715; x_wconf 86' lang='grc'>5.</span> <span class='ocrx_word' id='word_1_250' title='bbox 401 2666 510 2715; x_wconf 87' lang='lat' dir='ltr'>Aristot.</span> <span class='ocrx_word' id='word_1_251' title='bbox 522 2667 653 2716; x_wconf 90' lang='lat' dir='ltr'>Problem.</span> <span class='ocrx_word' id='word_1_252' title='bbox 667 2664 701 2719; x_wconf 73' lang='lat'>26</span> <span class='ocrx_word' id='word_1_253' title='bbox 714 2675 733 2717; x_wconf 75' lang='grc' dir='ltr'>ι.</span> <span class='ocrx_word' id='word_1_254' title='bbox 748 2676 778 2715; x_wconf 83' lang='lat' dir='ltr'>to.</span> <span class='ocrx_word' id='word_1_255' title='bbox 798 2667 888 2718; x_wconf 87' lang='lat' dir='ltr'>Seuec.</span> <span class='ocrx_word' id='word_1_256' title='bbox 901 2669 961 2718; x_wconf 87' lang='lat' dir='ltr'>Nat.</span> <span class='ocrx_word' id='word_1_257' title='bbox 976 2683 1018 2730; x_wconf 90' lang='lat' dir='ltr'>qn.</span> <span class='ocrx_word' id='word_1_258' title='bbox 1032 2667 1073 2716; x_wconf 93' lang='lat' dir='ltr'>III</span> <span class='ocrx_word' id='word_1_259' title='bbox 1086 2663 1120 2716; x_wconf 72' lang='lat'>26</span> <span class='ocrx_word' id='word_1_260' title='bbox 1133 2674 1152 2714; x_wconf 88' lang='lat'>1.</span> <span class='ocrx_word' id='word_1_261' title='bbox 1172 2666 1240 2715; x_wconf 86' lang='lat' dir='ltr'>Plio.</span> <span class='ocrx_word' id='word_1_262' title='bbox 1254 2665 1287 2714; x_wconf 93' lang='lat' dir='ltr'>N.</span> <span class='ocrx_word' id='word_1_263' title='bbox 1296 2666 1328 2714; x_wconf 90' lang='lat' dir='ltr'>H.</span> <span class='ocrx_word' id='word_1_264' title='bbox 1341 2664 1369 2712; x_wconf 92' lang='lat'>11</span> <span class='ocrx_word' id='word_1_265' title='bbox 1384 2662 1441 2715; x_wconf 87' lang='lat'>106.</span> 
     </span>
    </p>

    <p class='ocr_par' dir='ltr' id='par_1_6' title="bbox 177 2745 1603 3408">
     <span class='ocr_line' id='line_1_26' title="bbox 246 2745 1539 2820; baseline -0.002 -19"><span class='ocrx_word' id='word_1_266' title='bbox 246 2746 258 2779; x_wconf 75' lang='lat'>²</span> <span class='ocrx_word' id='word_1_267' title='bbox 277 2751 348 2814; x_wconf 88' lang='lat' dir='ltr'>quod</span> <span class='ocrx_word' id='word_1_268' title='bbox 366 2751 565 2816; x_wconf 86' lang='lat' dir='ltr'>eTheophrasti</span> <span class='ocrx_word' id='word_1_269' title='bbox 584 2756 666 2818; x_wconf 87' lang='lat' dir='ltr'>capite</span> <span class='ocrx_word' id='word_1_270' title='bbox 687 2756 756 2804; x_wconf 83' lang='lat' dir='ltr'>velut</span> <span class='ocrx_word' id='word_1_271' title='bbox 774 2755 943 2817; x_wconf 81' lang='lat' dir='ltr'>fragmentum</span> <span class='ocrx_word' id='word_1_272' title='bbox 962 2752 1017 2820; x_wconf 84' lang='grc' dir='ltr'>περί</span> <span class='ocrx_word' id='word_1_273' title='bbox 1034 2755 1080 2820; x_wconf 80' lang='grc' dir='ltr'>τῆς</span> <span class='ocrx_word' id='word_1_274' title='bbox 1097 2754 1142 2802; x_wconf 81' lang='grc' dir='ltr'>τοῦ</span> <span class='ocrx_word' id='word_1_275' title='bbox 1162 2746 1253 2802; x_wconf 79' lang='grc' dir='ltr'>Νείλου</span> <span class='ocrx_word' id='word_1_276' title='bbox 1271 2745 1471 2816; x_wconf 73' lang='grc' dir='ltr'>ἀναπληρώσεως</span> <span class='ocrx_word' id='word_1_277' title='bbox 1489 2746 1539 2798; x_wconf 81' lang='grc' dir='ltr'>διά-</span> 
     </span>
     <span class='ocr_line' id='line_1_27' title="bbox 180 2832 1603 2905; baseline -0.001 -19"><span class='ocrx_word' id='word_1_278' title='bbox 180 2850 248 2904; x_wconf 78' lang='grc' dir='ltr'>φοροι</span> <span class='ocrx_word' id='word_1_279' title='bbox 260 2832 331 2896; x_wconf 75' lang='grc' dir='ltr'>δόξαι</span> <span class='ocrx_word' id='word_1_280' title='bbox 342 2835 477 2902; x_wconf 82' lang='lat' dir='ltr'>[anonym.</span> <span class='ocrx_word' id='word_1_281' title='bbox 490 2839 616 2903; x_wconf 82' lang='lat' dir='ltr'>Florent]</span> <span class='ocrx_word' id='word_1_282' title='bbox 629 2849 777 2905; x_wconf 84' lang='lat' dir='ltr'>excerptum</span> <span class='ocrx_word' id='word_1_283' title='bbox 790 2841 855 2891; x_wconf 88' lang='lat' dir='ltr'>dixit</span> <span class='ocrx_word' id='word_1_284' title='bbox 868 2843 997 2892; x_wconf 87' lang='lat' dir='ltr'>Usenerua</span> <span class='ocrx_word' id='word_1_285' title='bbox 1010 2841 1087 2889; x_wconf 90' lang='lat' dir='ltr'>Anal.</span> <span class='ocrx_word' id='word_1_286' title='bbox 1102 2840 1233 2903; x_wconf 89' lang='lat' dir='ltr'>Theophr.</span> <span class='ocrx_word' id='word_1_287' title='bbox 1252 2856 1276 2903; x_wconf 91' lang='lat' dir='ltr'>p.</span> <span class='ocrx_word' id='word_1_288' title='bbox 1291 2834 1333 2898; x_wconf 79' lang='lat'>29,</span> <span class='ocrx_word' id='word_1_289' title='bbox 1353 2837 1443 2898; x_wconf 82' lang='lat' dir='ltr'>quibus</span> <span class='ocrx_word' id='word_1_290' title='bbox 1457 2840 1539 2886; x_wconf 86' lang='lat' dir='ltr'>causis</span> <span class='ocrx_word' id='word_1_291' title='bbox 1600 2852 1603 2861; x_wconf 95' lang='lat'>·</span> 
     </span>
     <span class='ocr_line' id='line_1_28' title="bbox 180 2925 1539 2991; baseline -0.001 -17"><span class='ocrx_word' id='word_1_292' title='bbox 180 2927 275 2974; x_wconf 78' lang='lat' dir='ltr'>nitatur</span> <span class='ocrx_word' id='word_1_293' title='bbox 300 2926 397 2975; x_wconf 75' lang='lat' dir='ltr'>nacto.</span> <span class='ocrx_word' id='word_1_294' title='bbox 437 2940 497 2975; x_wconf 87' lang='lat' dir='ltr'>nam</span> <span class='ocrx_word' id='word_1_295' title='bbox 520 2943 577 2976; x_wconf 85' lang='lat' dir='ltr'>curn</span> <span class='ocrx_word' id='word_1_296' title='bbox 602 2928 738 2978; x_wconf 85' lang='lat' dir='ltr'>obscurum</span> <span class='ocrx_word' id='word_1_297' title='bbox 763 2930 826 2981; x_wconf 83' lang='lat' dir='ltr'>mihi</span> <span class='ocrx_word' id='word_1_298' title='bbox 852 2930 954 2991; x_wconf 87' lang='lat' dir='ltr'>quidem</span> <span class='ocrx_word' id='word_1_299' title='bbox 979 2931 1023 2990; x_wconf 87' lang='lat' dir='ltr'>eit,</span> <span class='ocrx_word' id='word_1_300' title='bbox 1053 2944 1119 2991; x_wconf 87' lang='lat' dir='ltr'>quae</span> <span class='ocrx_word' id='word_1_301' title='bbox 1144 2929 1210 2976; x_wconf 86' lang='lat' dir='ltr'>ratio</span> <span class='ocrx_word' id='word_1_302' title='bbox 1235 2928 1301 2975; x_wconf 89' lang='lat' dir='ltr'>iuter</span> <span class='ocrx_word' id='word_1_303' title='bbox 1326 2925 1473 2973; x_wconf 87' lang='lat' dir='ltr'>Aristotelis</span> <span class='ocrx_word' id='word_1_304' title='bbox 1496 2926 1539 2987; x_wconf 91' lang='lat' dir='ltr'>qui</span> 
     </span>
     <span class='ocr_line' id='line_1_29' title="bbox 180 3012 1538 3080; baseline 0.001 -21"><span class='ocrx_word' id='word_1_305' title='bbox 180 3012 418 3063; x_wconf 79' lang='lat' dir='ltr'>Alexandrinorum</span> <span class='ocrx_word' id='word_1_306' title='bbox 440 3020 524 3063; x_wconf 87' lang='lat' dir='ltr'>aetate</span> <span class='ocrx_word' id='word_1_307' title='bbox 547 3014 676 3064; x_wconf 81' lang='lat' dir='ltr'>serebatur</span> <span class='ocrx_word' id='word_1_308' title='bbox 699 3015 791 3065; x_wconf 89' lang='lat' dir='ltr'>librum</span> <span class='ocrx_word' id='word_1_309' title='bbox 815 3025 840 3065; x_wconf 91' lang='lat' dir='ltr'>et</span> <span class='ocrx_word' id='word_1_310' title='bbox 862 3016 1034 3080; x_wconf 85' lang='lat' dir='ltr'>Theophrasti</span> <span class='ocrx_word' id='word_1_311' title='bbox 1055 3015 1212 3079; x_wconf 87' lang='lat' dir='ltr'>Opinionum</span> <span class='ocrx_word' id='word_1_312' title='bbox 1237 3012 1268 3060; x_wconf 88' lang='lat' dir='ltr'>de</span> <span class='ocrx_word' id='word_1_313' title='bbox 1288 3012 1349 3061; x_wconf 89' lang='lat' dir='ltr'>Nilo</span> <span class='ocrx_word' id='word_1_314' title='bbox 1368 3020 1444 3074; x_wconf 89' lang='lat' dir='ltr'>caput</span> <span class='ocrx_word' id='word_1_315' title='bbox 1462 3014 1538 3061; x_wconf 87' lang='lat' dir='ltr'>inter-</span> 
     </span>
     <span class='ocr_line' id='line_1_30' title="bbox 180 3096 1540 3166; baseline -0.001 -17"><span class='ocrx_word' id='word_1_316' title='bbox 180 3101 282 3149; x_wconf 80' lang='lat' dir='ltr'>cesserit</span> <span class='ocrx_word' id='word_1_317' title='bbox 309 3100 374 3160; x_wconf 87' lang='lat' dir='ltr'>(nisi</span> <span class='ocrx_word' id='word_1_318' title='bbox 397 3099 463 3149; x_wconf 78' lang='lat' dir='ltr'>torte</span> <span class='ocrx_word' id='word_1_319' title='bbox 488 3100 549 3149; x_wconf 91' lang='lat' dir='ltr'>hinc</span> <span class='ocrx_word' id='word_1_320' title='bbox 572 3116 688 3151; x_wconf 87' lang='lat' dir='ltr'>seorsum</span> <span class='ocrx_word' id='word_1_321' title='bbox 711 3103 851 3165; x_wconf 86' lang='lat' dir='ltr'>antiquitus</span> <span class='ocrx_word' id='word_1_322' title='bbox 875 3118 932 3151; x_wconf 89' lang='lat' dir='ltr'>enm</span> <span class='ocrx_word' id='word_1_323' title='bbox 956 3116 1103 3166; x_wconf 83' lang='lat' dir='ltr'>expressum</span> <span class='ocrx_word' id='word_1_324' title='bbox 1127 3109 1155 3149; x_wconf 86' lang='lat' dir='ltr'>ut</span> <span class='ocrx_word' id='word_1_325' title='bbox 1177 3101 1207 3148; x_wconf 85' lang='lat' dir='ltr'>ir.</span> <span class='ocrx_word' id='word_1_326' title='bbox 1227 3101 1258 3148; x_wconf 90' lang='lat' dir='ltr'>de</span> <span class='ocrx_word' id='word_1_327' title='bbox 1281 3113 1356 3148; x_wconf 85' lang='lat' dir='ltr'>sensu</span> <span class='ocrx_word' id='word_1_328' title='bbox 1380 3096 1540 3162; x_wconf 87' lang='lat' dir='ltr'>suspicaris),</span> 
     </span>
     <span class='ocr_line' id='line_1_31' title="bbox 179 3186 1539 3253; baseline 0 -19"><span class='ocrx_word' id='word_1_329' title='bbox 179 3186 300 3249; x_wconf 74' lang='lat' dir='ltr'>anonymi</span> <span class='ocrx_word' id='word_1_330' title='bbox 320 3193 407 3235; x_wconf 85' lang='lat' dir='ltr'>antem</span> <span class='ocrx_word' id='word_1_331' title='bbox 425 3187 517 3248; x_wconf 83' lang='lat' dir='ltr'>ecloga</span> <span class='ocrx_word' id='word_1_332' title='bbox 536 3187 584 3235; x_wconf 89' lang='lat' dir='ltr'>uisi</span> <span class='ocrx_word' id='word_1_333' title='bbox 602 3190 762 3251; x_wconf 85' lang='lat' dir='ltr'>singulorum</span> <span class='ocrx_word' id='word_1_334' title='bbox 781 3190 950 3253; x_wconf 89' lang='lat' dir='ltr'>capitulorum</span> <span class='ocrx_word' id='word_1_335' title='bbox 970 3189 1061 3239; x_wconf 90' lang='lat' dir='ltr'>ordine</span> <span class='ocrx_word' id='word_1_336' title='bbox 1080 3187 1177 3236; x_wconf 87' lang='lat' dir='ltr'>ambitu</span> <span class='ocrx_word' id='word_1_337' title='bbox 1197 3186 1247 3236; x_wconf 89' lang='lat' dir='ltr'>tide</span> <span class='ocrx_word' id='word_1_338' title='bbox 1266 3200 1282 3233; x_wconf 90' lang='lat' dir='ltr'>a</span> <span class='ocrx_word' id='word_1_339' title='bbox 1300 3186 1389 3233; x_wconf 83' lang='lat' dir='ltr'>ceteris</span> <span class='ocrx_word' id='word_1_340' title='bbox 1409 3186 1471 3234; x_wconf 88' lang='lat' dir='ltr'>nihil</span> <span class='ocrx_word' id='word_1_341' title='bbox 1491 3187 1539 3234; x_wconf 84' lang='lat' dir='ltr'>dif-</span> 
     </span>
     <span class='ocr_line' id='line_1_32' title="bbox 178 3270 1540 3340; baseline -0.001 -19"><span class='ocrx_word' id='word_1_342' title='bbox 178 3270 249 3331; x_wconf 73' lang='lat' dir='ltr'>ieret,</span> <span class='ocrx_word' id='word_1_343' title='bbox 268 3270 312 3321; x_wconf 84' lang='lat' dir='ltr'>vel</span> <span class='ocrx_word' id='word_1_344' title='bbox 329 3272 407 3322; x_wconf 90' lang='lat' dir='ltr'>huius</span> <span class='ocrx_word' id='word_1_345' title='bbox 426 3273 467 3320; x_wconf 87' lang='lat' dir='ltr'>vel</span> <span class='ocrx_word' id='word_1_346' title='bbox 485 3273 606 3322; x_wconf 86' lang='lat' dir='ltr'>similium</span> <span class='ocrx_word' id='word_1_347' title='bbox 625 3284 806 3340; x_wconf 83' lang='lat' dir='ltr'>excerptorum</span> <span class='ocrx_word' id='word_1_348' title='bbox 825 3276 950 3337; x_wconf 87' lang='lat' dir='ltr'>originem</span> <span class='ocrx_word' id='word_1_349' title='bbox 963 3274 996 3324; x_wconf 90' lang='lat' dir='ltr'>ab</span> <span class='ocrx_word' id='word_1_350' title='bbox 1011 3273 1183 3338; x_wconf 80' lang='lat' dir='ltr'>opinionibus</span> <span class='ocrx_word' id='word_1_351' title='bbox 1197 3271 1353 3336; x_wconf 82' lang='lat' dir='ltr'>arrapendere</span> <span class='ocrx_word' id='word_1_352' title='bbox 1372 3271 1440 3320; x_wconf 87' lang='lat' dir='ltr'>haud</span> <span class='ocrx_word' id='word_1_353' title='bbox 1459 3281 1540 3320; x_wconf 92' lang='lat' dir='ltr'>tntum</span> 
     </span>
     <span class='ocr_line' id='line_1_33' title="bbox 177 3357 285 3408; baseline 0.009 -1"><span class='ocrx_word' id='word_1_354' title='bbox 177 3357 285 3408; x_wconf 81' lang='lat' dir='ltr'>ridetur.</span> 
     </span>
    </p>
   </div>
   <div class='ocr_carea' id='block_1_6' title="bbox 0 0 1737 5588">
    <p class='ocr_par' dir='ltr' id='par_1_7' title="bbox 0 0 1737 5588">
     <span class='ocr_line' id='line_1_34' title="bbox 0 0 1737 5588; baseline 0 0"><span class='ocrx_word' id='word_1_355' title='bbox 0 0 1737 5588; x_wconf 95' lang='lat' dir='ltr'> </span> 
     </span>
    </p>
   </div>
  </div>
 </body>
</html>
