3442 5588
168 330 232 394 512
553 319 812 374 THEOPHRAS'FI
831 316 970 368 PHYSlC.
989 312 1150 365 OPINION.

219 498 267 560 καὶ
297 497 349 578 τὴν
379 498 521 576 γλῶτταν·
553 491 587 555 οῦ
617 490 671 574 γάρ
701 487 841 552 δύνασθαι
872 491 996 550 συνεῖναι
1026 482 1171 566 ἀλλήλων.
1215 474 1253 536 τά
1281 474 1314 536 δὲ
1336 472 1414 557 φυτά
1437 469 1488 533 διὰ

218 599 252 660 τὸ
277 598 317 680 μὴ
341 595 413 659 εἶναι
436 596 520 658 κοῖλα
555 592 630 675 μηδὲ
661 587 857 674 ἀναδέχεσθαι
886 590 936 650 τὸν
966 587 1039 670 ἀέρα
1068 585 1217 648 παντελῶς
1246 575 1424 662 ἀφῃρῆσθαι
1454 572 1488 634 τὸ

169 709 203 761 45
220 703 345 782 φρονεῖν.
498 696 602 758 ταύτὸν
633 690 657 755 δ’
686 689 776 754 αἴτιον
806 690 878 753 εἶναι
909 690 957 752 καὶ
989 689 1033 751 ὅτι
1061 685 1098 747 τά
1120 683 1220 746 παιδία
1241 680 1365 764 ἄφρονα.
1409 677 1487 740 πολύ

218 803 272 886 γάρ
294 799 373 884 ἔχειν
394 801 427 861 τὸ
451 798 551 881 ύγρύν,
580 798 657 860 ὥστε
685 798 726 878 μὴ
757 793 897 858 δύνασθαι
926 792 975 855 διὰ
1003 787 1109 857 παντὸς
1138 784 1240 850 διιέναι
1261 788 1314 846 τοῦ
1336 786 1487 864 σώματος,

223 903 298 968 ἀλλά
320 902 502 987 ἐκκρίνεσθαι
524 899 589 983 περὶ
612 898 648 960 τά
670 900 785 982 στήθη,
814 898 859 960 διὸ
881 895 964 977 νωθῆ
992 916 1024 956 τε
1045 890 1117 956 εἶναι
1140 890 1188 952 καὶ
1211 887 1333 971 ἀφρονα.
1377 883 1482 970 ὀργίλα
1518 910 1531 946 ι

220 1008 252 1070 δὲ
282 1007 330 1069 καὶ
361 1007 437 1073 ὅλως
468 1002 613 1087 ὀίύρροπα
642 1001 689 1064 καὶ
713 1000 920 1082 εύμετάπτιυτα
950 996 998 1059 διά
1020 995 1053 1058 τὸ
1076 994 1109 1057 ἐκ
1132 996 1243 1076 μικρῶν
1266 989 1416 1073 κρίνεσθαι
1438 987 1491 1049 τὸν

224 1109 296 1193 ἀέρα
326 1109 432 1171 πολύν·
465 1108 536 1190 ὅπερ
566 1106 614 1168 καὶ
644 1109 697 1188 τῆς
727 1104 823 1186 λήθης
844 1101 935 1165 αἴτιον
957 1099 1045 1163 εἶναι·
1078 1097 1125 1160 ui
1147 1097 1200 1180 γάρ
1222 1097 1256 1158 τὸ
1280 1095 1320 1177 μὴ
1344 1092 1417 1155 ἰέναι
1440 1091 1492 1154 ῦιά

222 1212 327 1281 παντὸς
349 1216 400 1275 τοῦ
423 1211 558 1290 σώματος
580 1209 614 1272 ού
637 1207 777 1271 δύνασθαι
802 1209 939 1269 συνεῖναι·
970 1206 1089 1286 σημεῖον
1112 1199 1161 1262 δέ·
1192 1199 1240 1261 καὶ
1262 1196 1317 1279 γὰρ
1338 1199 1399 1263 τοῖς
1421 1194 1492 1257 ἀνα-

223 1316 465 1398 μιμνῃσκομένοις
486 1315 538 1397 τὴν
562 1312 684 1395 ἀπορίαν
706 1310 778 1373 εἶναι
801 1310 865 1394 περὶ
884 1309 917 1371 τὸ
939 1306 1066 1389 στῆθος,
1097 1306 1165 1369 ὅταν
1188 1303 1221 1366 δὲ
1241 1301 1375 1384 εύριυσιν,
1392 1298 1491 1359 “δια-

221 1415 441 1481 σκίδνασθαι’
469 1416 517 1479 καὶ
539 1413 783 1499 ἀνακουφίζεσθαι
806 1418 858 1497 τῆς
879 1412 981 1493 λύπης.
1519 1428 1543 1466 ιι

170 1530 205 1583 46
330 1518 501 1602 Διογένης
525 1517 576 1599 μὲν
598 1516 649 1580 οὖν
671 1517 763 1579 πάντα
786 1515 959 1601 βουλόμενος
982 1514 1117 1576 ἀνάπτειν
1138 1514 1181 1595 τῷ
1204 1509 1268 1593 ἀέρι
1283 1510 1400 1570 πολλῶν
1416 1506 1491 1568 ἀπο·

222 1622 349 1685 λείπεται
374 1621 445 1705 πρὸς
467 1619 570 1682 πίστιν.
615 1618 682 1682 ούτε
703 1619 757 1703 γάρ
779 1620 831 1703 τὴν
854 1617 992 1701 αἴσθησιν
1015 1614 1082 1678 υύτε
1102 1614 1154 1696 τὴν
1170 1610 1307 1696 φρόνησιν
1323 1607 1395 1672 ἴδιον
1410 1611 1493 1671 ποιεῖ

223 1729 281 1787 τῶν
311 1723 463 1808 ἐμψύχων.
507 1720 578 1791 iae:
609 1723 663 1805 γὰρ
695 1723 744 1785 καὶ
773 1721 846 1805 ἀέρα
873 1725 1003 1785 τοιοῦτον
1033 1718 1081 1781 καὶ
1111 1719 1212 1800 κρᾶσιν
1239 1714 1287 1776 καὶ
1310 1710 1489 1795 συμμετρίαν

225 1826 373 1911 ἐνδέχεται
395 1830 545 1909 πανταχοῦ
568 1825 615 1887 καὶ
637 1829 724 1887 πᾶσιν
748 1824 903 1909 ὑπάρχειν,
932 1823 958 1885 εἰ
987 1823 1020 1885 δὲ
1051 1822 1110 1905 μή,
1140 1822 1225 1881 τοῦτο
1255 1816 1326 1881 αὐτὸ
1357 1813 1485 1877 λεκτέον.

223 1928 264 1992 ἔτι
288 1929 321 1991 δὲ
343 1927 390 1990 καί
412 1928 442 1990 ἐν
473 1927 573 1996 αύταῖς
602 1932 665 1996 ταῖς
687 1926 835 2011 διαφόροις
854 1925 1043 2009 αἰσθήσεσιν,
1074 1924 1149 1985 ὥστε
1179 1918 1352 2004 ἐνδέχεσθαι
1375 1917 1412 1980 τά
1434 1920 1489 1998 τῆς
1508 1942 1531 1981 u

226 2030 321 2116 ὄφεως
343 2031 395 2113 τὴν
419 2031 510 2113 ἀκοὴν
533 2031 637 2114 κρίνειν
660 2030 708 2092 καὶ
732 2031 805 2114 ἅπερ
828 2032 912 2113 ἡμεῖς
933 2029 972 2110 :f
994 2028 1146 2112 ὀσφρήσει,
1167 2028 1258 2086 ταῦτα
1280 2021 1352 2085 ἀλλο
1366 2044 1392 2083 τι
1410 2021 1489 2104 [qius

224 2134 309 2218 ἑτέρα
340 2132 388 2196 διά
416 2134 450 2195 τὸ
480 2133 532 2214 τὴν
562 2133 652 2216 αὐτὴν
682 2130 761 2217 ἔχειν
792 2135 908 2215 κρᾶσιν·
941 2131 1018 2193 ὥστε
1047 2131 1095 2193 καὶ
1125 2127 1163 2208 τῇ
1193 2126 1257 2210 περὶ
1285 2125 1334 2187 τὸν
1363 2122 1489 2207 θώρακα

225 2236 358 2317 ἀναπνυῇ
388 2236 490 2320 κρίνειν
520 2235 585 2298 τότε
615 2235 666 2303 τὰς
696 2237 806 2316 ὀσμάς·
837 2233 985 2319 ἐνδέχεται
1015 2235 1069 2318 γάρ
1100 2232 1190 2295 ἐνίοτε
1218 2228 1381 2311 σύμμετρον
1412 2224 1486 2288 εἶναι

174 2352 208 2403 47
227 2341 352 2408 ταύταις.
505 2337 602 2422 εὐήθη
632 2338 665 2400 δὲ
694 2338 742 2400 καὶ
772 2337 808 2400 τά
837 2337 902 2422 περὶ
932 2338 984 2420 τὴν
1008 2334 1083 2421 ὄψιν,
1113 2339 1154 2404 ὡς
1183 2334 1227 2418 τιγῖ
1258 2332 1323 2416 ἀέρι
1343 2330 1387 2415 τῷ
1410 2328 1491 2398 έντθς

230 2448 360 2529 ὁρῶμεν·
395 2440 470 2503 ἀλλὰ
508 2439 622 2523 ἐλέγχει
658 2438 710 2521 μέν
738 2464 801 2509 πιυς
827 2440 893 2509 τοὺς
921 2441 974 2523 τὴν
1007 2436 1132 2524 ἔμφασιν
1164 2441 1332 2511 ποιοῦντας,
1365 2434 1400 2497 οῦ
1434 2432 1493 2515 μὴν
1511 2465 1534 2503 :o

222 2547 308 2614 αὐτὸς
343 2543 419 2626 λέγει
450 2543 504 2626 τὴν
536 2542 639 2606 αἰτίαν.
685 2538 785 2605 ἔπειτα
820 2543 854 2604 τὸ
895 2543 947 2624 μὲν
978 2540 1170 2604 αἰσθάνεσθαι
1199 2542 1247 2604 καὶ
1278 2540 1402 2625 ἥδεσθαι
1440 2540 1489 2604 καὶ

224 2651 337 2734 φρονεῖν
362 2647 400 2729 τῇ
423 2669 454 2708 τε
485 2645 618 2727 ἀναπνοῇ
647 2645 695 2708 καὶ
724 2667 762 2727 τγγ
793 2644 865 2728 μίξει
895 2649 947 2708 τοῦ
975 2646 1096 2728 αἵματος
1125 2645 1294 2708 ἀποδιθυισι.
1339 2643 1489 2707 πολλὰδὲ

226 2757 284 2816 τῶν
308 2748 393 2834 ζῴων
415 2747 451 2810 τά
474 2747 526 2830 μὲν
548 2746 667 2830 ἄναιμα,
689 2748 725 2811 τά
747 2748 780 2810 δὲ
804 2748 879 2816 ὅλως
901 2747 955 2812 ούκ
977 2749 1110 2811 ἀναπνεῖ·
1134 2749 1182 2811 καὶ
1205 2748 1231 2811 εἰ
1253 2749 1297 2810 δεῖ
1319 2746 1366 2809 ῦιά
1381 2745 1489 2814 παντὸς

224 2859 274 2917 τοῦ
302 2854 436 2933 σώματος
463 2850 564 2913 διιέναι
591 2852 643 2934 τὴν
670 2851 827 2935 ἀναπνοήν,
850 2850 925 2914 ἀλλά
946 2849 1015 2934 (μὴ)
1046 2852 1154 2936 μορίων
1176 2857 1261 2914 τινῶν
1292 2848 1410 2935 (μικροῦ
1432 2849 1487 2933 γὰρ

227 2958 311 3020 ἕνεκα
333 2951 412 3017 τοῦτ’
447 2951 552 3036 ἔστιν),
580 2952 668 3016 ούθὲν
696 2951 730 3016 ἀν
753 2954 861 3017 κωλύοι
883 2955 932 3017 διά
953 2977 986 3036 γε
1008 2959 1093 3018 τοῦτο
1123 2956 1171 3017 καὶ
1193 2954 1229 3016 τὰ
1252 2955 1345 3017 πάντα
1367 2953 1416 3015 καὶ
1440 2975 1487 3034 με·
1504 2979 1528 3018 τι

227 3058 355 3144 μνῆσθαι
378 3059 425 3121 καὶ
449 3060 572 3141 φρονεῖν.
590 3061 652 3095 m
685 3054 727 3119 ἔτι
750 3056 782 3118 δὲ
804 3056 830 3118 εἰ
852 3057 900 3120 καὶ
921 3060 1006 3119 τοῦτο
1029 3057 1208 3144 συνέβαινεν,
1238 3057 1292 3120 ούκ
1321 3056 1355 3121 ἀν
1379 3054 1415 3140 ἦν
1437 3055 1485 3139 ἐμ

226 3165 334 3226 ποῦών.
372 3159 405 3222 ού
427 3159 481 3242 γάρ
504 3157 534 3220 ἐν
556 3157 646 3223 ἅπασι
668 3164 727 3228 τοῖς
751 3158 865 3242 μέρεσιν
888 3162 904 3224 ύ
927 3165 1002 3237 νοῦς,
1026 3160 1086 3223 οἷον
1109 3162 1138 3223 ἐν
1153 3165 1213 3229 τοῖς
1229 3159 1344 3224 σκέλεσι
1359 3159 1408 3222 καὶ
1428 3161 1488 3228 τοῖς

225 3265 326 3339 ποσίν,
356 3262 430 3325 ἀλλά
459 3262 489 3324 ἐν
520 3262 705 3345 ὡρισμένοις,
738 3260 774 3325 δι’
803 3262 844 3324 ὧν
874 3262 922 3324 καὶ
953 3264 980 3325 οἱ
1011 3262 1040 3325 έν
1063 3262 1163 3347 ἡλικία
1185 3263 1234 3326 καὶ
1258 3262 1415 3346 μέμνηνται
1439 3262 1487 3324 καὶ

180 3457 313 3506 Ισυνεῖναι
325 3454 382 3505 PF:
400 3451 506 3503 συνιέναι
516 3453 658 3505 Schneider
670 3463 696 3502 ct
709 3455 740 3502 ci.
758 3450 831 3519 :Sil
884 3451 917 3504 18
939 3452 996 3505 τότε
1019 3456 1067 3505 fuit
1085 3457 1129 3519 qni
1146 3469 1206 3504 ποτε
1224 3457 1353 3518 corrigere
1371 3458 1457 3507 vellet.
1493 3459 1536 3509 scd

177 3543 193 3596 2
206 3537 356 3611 ἀναιρεῖσθαι
369 3543 426 3593 PF:
446 3558 512 3592 corr.
523 3541 665 3592 Schneider
684 3536 699 3606 ΙΙ
718 3542 735 3592 4
748 3539 832 3604 διίναι,
882 3543 1015 3605 intellege:
1035 3543 1059 3592 si
1076 3557 1166 3591 nerum
1179 3550 1244 3591 :sect
1257 3540 1346 3592 cedem
1359 3542 1429 3593 aeris
1440 3559 1536 3610 penore

177 3635 222 3684 sed
242 3635 268 3682 in
287 3646 350 3694 ποτε.
365 3647 430 3680 corr.
443 3646 483 3693 pr.
501 3630 530 3678 F.
549 3639 611 3695 putu
623 3646 710 3681 cerem
727 3634 757 3681 ci.
771 3650 795 3681 v.
806 3631 831 3682 7.
883 3629 973 3679 omnin
986 3608 1079 3680 ιεάιῖνί
1091 3632 1122 3680 cf.
1135 3648 1160 3694 ρ.
1174 3626 1234 3691 505,
1247 3628 1277 3679 11
1294 3625 1307 3695 Η
1324 3630 1354 3682 19
1370 3625 1459 3699 εὔηθες
1479 3633 1535 3685 Ste-

177 3720 210 3772 24
225 3737 248 3785 p.
263 3717 322 3780 511,
332 3715 366 3769 29
387 3714 400 3783 Η
420 3718 464 3766 τού
477 3713 656 3783 disparet—5
671 3716 767 3785 ἄφρονα
780 3734 830 3768 orn.
883 3720 982 3783 phunus
995 3727 1020 3769 et
1030 3716 1059 3769 τὸ
1072 3718 1126 3785 περὶ
1139 3719 1281 3769 Schneider
1299 3721 1329 3769 cs.
1343 3718 1357 3782 ξ
1371 3718 1406 3771 48
1424 3715 1437 3786 Η
1456 3720 1537 3789 ἀστέρι

177 3827 215 3874 ρτ.
229 3808 262 3868 F;
275 3806 333 3856 edd.
348 3814 373 3854 et
385 3806 452 3854 inter
465 3820 552 3855 versun
567 3808 630 3856 etin
643 3821 706 3870 mrg.
720 3822 771 3856 sec.
784 3806 804 3855 F
816 3800 831 3872 ΙΙ
884 3807 905 3855 F
923 3807 968 3857 red
987 3804 1053 3875 στέρι
1076 3808 1225 3871 rescriptum
1246 3802 1259 3874 ΙΙ
1278 3805 1313 3859 20
1330 3805 1467 3875 έλίγχσμέν
1484 3827 1538 3870 πως

177 3896 192 3949 6
212 3888 332 3945 κινεῖσθαι
350 3895 384 3944 P:
408 3892 555 3942 oblitterata
577 3901 636 3958 post
657 3890 686 3943 τὸ
704 3894 782 3943 λεύει
798 3892 832 3944 F':
883 3894 940 3945 PF:
960 3910 1025 3944 corr.
1047 3895 1193 3962 Stephanus
1213 3891 1227 3961 ΙΙ
1252 3894 1286 3947 22
1304 3895 1336 3966 τῇ
1354 3914 1381 3948 τι
1400 3904 1536 3954 wimer:

178 3985 277 4033 correxi
302 3981 332 4030 ci
352 3978 406 4031 ν.5
425 3990 451 4030 et
473 3978 605 4045 ρ.511,2.
640 3979 666 4031 έν
688 3986 771 4051 μικρῷ
794 3998 832 4032 κι-
884 3977 965 4032 iuti
983 3984 1027 4035 PF
1047 3978 1061 4050 ΙΙ
1081 3981 1115 4034 23
1133 3983 1177 4033 καὶ
1196 3981 1216 4033 εί
1234 3981 1368 4053 δεῖΡρτ.
1387 3990 1422 4039 F:
1441 3987 1539 4041 καὶθιί

175 4065 269 4120 νεῖσθαι
296 4071 362 4119 coni.
382 4068 525 4120 Schneider
544 4063 557 4135 ΙΙ
578 4067 594 4120 8
613 4073 717 4119 συνεῖναι
734 4072 769 4121 P:
789 4070 833 4122 καὶ
884 4085 960 4121 rescr.
978 4072 999 4121 F
1020 4068 1034 4138 il
1054 4068 1087 4122 24
1106 4073 1194 4122 addidi
1213 4070 1258 4140 μή.
1277 4083 1360 4124 verte:
1378 4083 1403 4126 si
1419 4075 1537 4141 simpi-

178 4161 282 4208 συντῖναι
293 4157 328 4207 F:
348 4155 453 4207 συνιέναι
465 4156 608 4207 Schneider
627 4152 641 4224 ΙΙ
662 4157 677 4209 9
696 4153 833 4208 διασκίδνα-
882 4157 1010 4210 rationem
1022 4173 1122 4211 neccsse
1138 4169 1177 4210 cet
1190 4173 1241 4225 per
1254 4168 1334 4210 totum
1349 4176 1461 4229 corpus,
1484 4180 1537 4216 ιιαιι

177 4241 232 4295 σθαι
255 4261 289 4295 sc.
320 4244 784 4294 seru.servevit10nicamiormnm
802 4247 833 4296 ci.
880 4257 1037 4313 perparce:
1057 4255 1158 4298 tunium
1174 4265 1313 4314 permeare
1332 4254 1404 4303 velut
1425 4269 1473 4318 per
1493 4268 1537 4305 ns·

175 4331 245 4396 §bh
259 4331 292 4385 56
313 4326 326 4397 Η
350 4328 381 4380 13
400 4333 453 4379 τιῦν
470 4326 554 4396 ὄφεων
566 4332 623 4381 PF:
643 4336 695 4382 τῶν
710 4328 833 4400 ἐμψύχων
882 4351 922 4386 res
941 4338 1014 4398 (num
1030 4352 1129 4402 parum
1147 4337 1195 4388 Ιισσ
1208 4339 1323 4405 efficitur
1336 4342 1407 4392 velut
1419 4342 1538 4403 olisctuu)

176 4423 277 4485 scripsit
289 4421 413 4469 Wimmer
426 4417 485 4481 σι’-ξ
503 4415 534 4467 12
549 4414 618 4478 Ητάν
631 4416 705 4469 αὺτὸν
719 4423 749 4471 cf.
765 4440 788 4471 ν.
802 4420 832 4472 17
884 4432 971 4474 tumen
1001 4441 1052 4488 per
1082 4425 1130 4476 hoc
1156 4425 1199 4478 vel
1225 4429 1315 4478 omnia
1348 4432 1473 4480 animulis
1498 4445 1538 4480 τν-

177 4525 230 4559 ιιοιι
244 4509 415 4557 necessarium
427 4516 467 4556 est
485 4500 500 4571 11
523 4503 553 4555 15
573 4503 693 4556 trutino.
709 4504 834 4575 ἐνδέχεται
881 4511 968 4576 ριἰανε
991 4512 1057 4563 nihil
1078 4523 1116 4563 ενι
1134 4512 1204 4580 quod
1220 4515 1362 4580 prohibeat.
1399 4519 1453 4567 ium
1477 4532 1537 4567 vcro

175 4594 218 4646 τὸν
234 4596 346 4646 τοιοῦτον
365 4592 425 4661 ἀέρα
443 4590 562 4660 ύπάργιιν
582 4588 595 4659 ΙΙ
620 4595 652 4648 16
674 4592 757 4663 ὥσπερ
775 4597 831 4647 PF:
884 4616 961 4651 censs
982 4603 1111 4652 intercidit
1134 4606 1204 4653 velut
1227 4597 1302 4652 υύθέν
1320 4602 1366 4669 γὰρ
1391 4600 1421 4653 ἀν
1444 4599 1538 4653 κωλύοι

176 4684 286 4733 correxi.
315 4696 375 4731 num
392 4691 418 4731 et
437 4677 476 4730 ῦιά
493 4678 522 4731 τὸ
540 4679 586 4748 τὴν
604 4679 683 4750 uic-‘pv
701 4687 789 4750 κρᾶσιν
806 4692 834 4734 et
883 4684 923 4737 td
935 4685 1026 4745 παντὸς
1038 4688 1152 4739 ἀναπνεῖν
1166 4686 1179 4756 ΙΙ
1195 4687 1229 4741 25
1241 4687 1334 4740 κωλύει
1348 4691 1382 4740 F:
1401 4687 1492 4758 κωλύῃ
1503 4693 1536 4743 P:

176 4771 323 4836 proximum
345 4770 491 4834 exemplum
514 4786 634 4820 sensnum
657 4774 832 4835 promiscuum
884 4789 950 4823 corr.
973 4775 1119 4839 Stephanus
1143 4771 1157 4842 ΙΙ
1183 4774 1217 4828 28
1235 4775 1383 4844 ὡρισμέναις
1394 4780 1452 4831 PF:
1471 4794 1534 4829 corr.

175 4873 249 4907 usum
268 4857 372 4921 probari
390 4857 465 4907 docet
484 4853 497 4923 ΙΙ
520 4857 551 4909 17
570 4855 641 4925 ἕτερα
660 4859 715 4908 PF:
740 4862 831 4924 scripsi
884 4860 1017 4913 Cumotins
1030 4861 1197 4930 (ὡρισμαίνοις
1210 4866 1365 4927 Vossianus)
1376 4864 1390 4934 lj
1406 4865 1429 4916 οἱ
1440 4869 1476 4919 P:
1488 4864 1535 4934 ἠέ

176 4944 249 5014 {ripe
267 4961 302 4995 sc.
322 4939 434 5011 αἰσθήσει
453 4946 484 4994 cf.
504 4963 528 4995 ν.
545 4944 576 4997 15
596 4941 609 5012 ΙΙ
629 4949 660 5014 τῆ
680 4949 714 4998 P:
734 4944 762 4997 τὸ
779 4949 800 4997 F
817 4941 830 5013 ΙΙ
