3464 5586
177 321 240 386 282

328 394 676 478 PLUTARckffEPm
694 423 711 476 3

220 587 262 633 τις
284 562 351 647 θεέη
367 564 399 628 ἓν
414 565 463 628 καὶ
479 564 532 628 δόο
547 562 690 649 προσθείη
706 564 754 627 καὶ
768 564 834 649 τρέα

221 667 269 731 καὶ
295 666 407 737 τούτοις
431 666 574 752 τέσσαρα,
602 668 652 731 τδν
677 670 736 730 τῶν
762 665 834 731 δέκα

220 771 369 852 πληρώσει
395 768 537 855 ἀριθμόν·
571 768 650 834 ὥστε
670 770 687 834 ὁ
708 768 834 854 ἀριθμὸς

222 871 297 934 κατὰ
320 871 372 953 μέν
396 871 508 953 μονάδα
529 870 560 936 ἐν
580 874 641 942 τοῖς
655 870 738 950 δέκα,
759 870 834 935 κατὰ

197 973 255 1036 υδέ
276 973 395 1056 δύναμιν
416 971 448 1036 ἐν
469 976 530 1045 τοῖς
542 974 689 1059 τέσσαρσι
719 973 831 1037 διὸκαὶ

221 1074 397 1160 ἐφθέγγοντο
423 1077 451 1141 οἱ
473 1076 667 1164 Πυθαγόρειοι
693 1079 735 1147 όις
756 1075 832 1161 μετέ-

221 1198 290 1242 στου
312 1179 400 1264 όριιου
422 1177 504 1250 ὄντος
524 1183 578 1264 τῆς
598 1181 746 1266 τετράδος·

262 1280 297 1345 οό
313 1281 355 1364 μό
370 1283 420 1346 τδν
434 1281 563 1367 άμετέφφ
573 1288 655 1369 ψυχᾷ
667 1281 833 1368 παραδόντα

668 1384 833 1470 τετραιιτῦν,

186 1504 211 1543 ιυ
264 1485 358 1568 παγάν
384 1486 489 1550 ἀενάου
515 1486 632 1571 φόσειυς
660 1486 776 1573 όέζιομά
801 1485 827 1550 τ’

695 1588 833 1675 ἔχουσαν.

220 1689 269 1753 καὶ
291 1691 311 1773 ἡ
333 1689 463 1774 ἡμετέρα
484 1693 583 1777 ψυχή,
605 1691 708 1777 φησέν,
736 1689 771 1754 ἐκ
791 1713 834 1753 τε·

220 1793 324 1877 τράδος
341 1792 501 1875 σύγκειται·
523 1793 665 1879 εἶναιγὰρ
687 1797 753 1857 νοῦν
775 1792 834 1855 ἐπι-

221 1895 335 1978 στήμην
363 1893 448 1965 δόξαν
473 1892 611 1981 αἴσθησιν
636 1895 667 1967 ἐξ
689 1897 732 1961 ὧν
754 1899 835 1960 πᾶσα

186 2017 210 2055 ιο
221 1997 312 2082 τέχνη
333 1998 382 2061 καὶ
398 1997 546 2083 ἐπιστήμη
564 2000 612 2062 ιιαὶ
627 1999 710 2064 αὐτοὶ
724 1998 836 2082 λογικοί

221 2099 319 2183 ἐσμεν.
351 2103 418 2170 νοῦς
440 2101 492 2184 μέν
515 2098 565 2165 οῦν
588 2103 608 2186 ἡ
631 2103 721 2185 μονάς
742 2100 833 2165 ἐστιν·

220 2203 236 2266 δ
268 2201 322 2285 γὰρ
354 2206 422 2273 νοῦς
455 2203 530 2268 κατὰ
567 2204 679 2287 μοναδα
716 2203 832 2287 θεωρεῖ.

221 2303 281 2368 οἷον
304 2306 420 2368 πολλῶν
442 2302 534 2370 όντιυν
555 2305 721 2391 ἀνθρώπων
737 2306 765 2370 οέ
781 2306 834 2388 μέν

223 2405 270 2468 ἐπὶ
301 2405 405 2490 μέρους
432 2405 504 2471 εἰσὶν
532 2407 704 2492 ἀναίσθητοι
738 2406 834 2492 άπερέ·

186 2512 326 2594 υοληπτοι
348 2509 397 2573 καὶ
418 2508 541 2594 ἄπειροι,
565 2509 626 2574 ἀλλ’
653 2509 726 2574 αότδ
748 2513 833 2574 τοῦτο

223 2610 377 2696 ἄνθρωπον
400 2611 452 2674 ἕνα
474 2611 562 2694 μόνον
580 2615 712 2694 νοοῦμεν,
735 2611 760 2698 ᾧ
787 2612 833 2677 06-

221 2716 279 2785 δεὶς
308 2712 410 2799 ἔτυχεν
439 2713 551 2796 ὅμοιος·
585 2715 635 2778 καὶ
663 2716 751 2780 ἵππον
782 2714 835 2778 ἕνα

220 2820 352 2900 νοοῦμεν,
365 2817 393 2880 ot
404 2817 438 2880 δέ
448 2816 496 2880 ἐπὶ
512 2815 616 2902 μέρους
627 2816 698 2882 εἰσὶν
710 2817 834 2902 ἄπειροι.

221 2919 257 2982 τὰ
268 2919 322 3003 γὰρ
334 2916 398 3002 εέῦη
409 2922 500 2983 ταῦτα
511 2921 605 2984 πάντα
616 2921 664 2983 καὶ
679 2920 747 3004 γένη
759 2920 834 2984 κατὰ

187 3041 211 3080 τι
223 3021 349 3104 μονάδας
363 3019 428 3085 εἰσέ.
449 3023 494 3085 διδ
509 3022 559 3086 καὶ
570 3020 618 3085 ἐπὶ
633 3021 698 3092 ἐνδς
710 3022 834 3085 ἑκάστου

221 3120 318 3185 αὐτῶν
334 3126 435 3186 τοῦτον
450 3124 499 3187 τὸν
515 3125 581 3208 όρον
593 3123 779 3193 ἀποδιδόντες
789 3122 834 3186 λέ-

224 3245 305 3308 γουσι
321 3229 398 3310 ζῷον
413 3227 526 3309 λογικὸν
538 3226 558 3310 ἢ
570 3230 647 3311 ζῷον
658 3246 834 3311 χρεμετιστι-

220 3327 271 3390 κὸν
288 3323 424 3414 [ῥητέονλ
446 3328 494 3392 διὰ
509 3331 594 3392 τοῦτο
606 3325 656 3392 οῦν
671 3334 737 3400 νοῦς
752 3352 772 3414 η
786 3353 834 3412 μο-

220 3431 280 3506 νάς,
303 3428 329 3514 η’)
344 3434 436 3494 ταῦτα
450 3434 581 3513 νοοῦμεν.
604 3432 688 3515 καὶὴ
710 3432 781 3502 δυὰς
802 3432 836 3495 δέ

186 3532 242 3615 avj]
264 3531 397 3615 ἀόριστος
418 3532 576 3619 ἐπιστήμη·
601 3532 732 3612 εέκότιυς,
754 3536 835 3598 πᾶσα

220 3634 275 3719 γὰρ
302 3633 446 3707 ἀπόδειξις
473 3636 522 3700 καὶ
548 3638 628 3700 πᾶσα
654 3635 748 3707 πίστις
775 3635 835 3700 ἐπι-

215 3856 232 3910 3
245 3855 373 3927 πληρώσει
384 3861 418 3912 C:
432 3857 586 3930 πληρώσειεν
595 3861 655 3911 BA:
669 3861 727 3911 fort
738 3856 832 3928 ἐκπλη-

179 3943 254 4014 ρώσει
264 3956 291 3997 οι
301 3964 325 4013 ρ.
332 3944 396 3999 281·
404 3944 438 3998 22
447 3943 460 4013 11
469 3948 485 4001 6
495 3943 741 4017 πυθογόρειοιΑΒΟι
753 3942 833 3999 πυθα-

179 4033 274 4102 γοριιιοὶ
284 4036 363 4099 vulgo
375 4030 388 4100 Η
399 4033 415 4085 ’λ
425 4030 495 4091 όντος
507 4030 611 4102 όραουῦ
623 4032 635 4101 Η
647 4032 809 4104 θήμετέρφΒ
818 4029 832 4099 Η

182 4120 214 4172 10
236 4120 338 4172 άεννάου
360 4121 445 4173 ABG
475 4116 488 4188 Η
518 4119 657 4191 ῥέζωμάέ
684 4122 771 4187 (ΑΒΗ
800 4118 834 4189 ῥι-

179 4204 278 4274 ζώματ’
305 4208 326 4260 0
357 4204 370 4274 Η
398 4204 483 4276 φῦσιυς
505 4207 551 4271 [ex
573 4212 656 4262 Paris.
679 4208 745 4263 1734
771 4226 834 4276 ερο-

179 4296 278 4362 grapho
302 4297 360 4347 cod.
375 4295 399 4346 B
422 4297 453 4347 cf.
477 4296 549 4348 Prol.
567 4313 592 4362 ρ.
609 4294 656 4364 35]
676 4297 801 4349 Βοεθπετ
819 4292 833 4363 Η

183 4381 213 4433 17
237 4377 367 4450 θιιυριῖται
389 4383 460 4434 libri:
485 4398 551 4435 corr.
570 4384 672 4435 Usener
696 4379 709 4450 Η
735 4381 769 4435 20
790 4382 834 4434 καὶ

181 4468 264 4520 οιιι.Β
284 4464 297 4533 Η
318 4465 350 4519 21
370 4453 392 4537 ᾧ
409 4464 423 4520 δ
440 4467 478 4526 τὶς
496 4472 527 4521 εἰ.
546 4471 682 4535 Χγὶειιδει
692 4470 786 4521 frustra
804 4470 835 4521 cf.

180 4556 251 4606 Ptol.
266 4554 347 4620 p.181
370 4552 384 4623 Η
404 4552 483 4613 υθδιές
495 4558 557 4609 AB:
576 4551 692 4614 οόθιὶςῦ
711 4555 725 4623 Η
745 4553 836 4608 θθένα

181 4640 256 4710 μόνον
268 4644 360 4708 vulgo:
379 4640 454 4710 μόνον
471 4645 589 4695 οπι.ΔΒι
608 4640 650 4695 ένιι
663 4646 835 4710 superscripto

181 4747 214 4782 m.
230 4747 267 4796 pr.
285 4726 393 4797 μόνονΟ
413 4732 444 4782 οἱ.
463 4732 535 4782 Ptol.
553 4747 578 4796 ρ.
591 4728 641 4783 38¹
663 4726 675 4797 Η
696 4728 729 4785 26
747 4732 836 4781 τοῦτον

182 4813 225 4867 τὸν
237 4817 272 4867 B:
286 4831 336 4866 om.
345 4813 446 4869 τδνΑΟ
458 4812 471 4885 Η
483 4814 517 4871 28
530 4814 618 4887 ῥητέον
630 4814 805 4870 delevitBeck
821 4813 834 4883 Η

183 4901 217 4959 30
235 4899 251 4970 ἡ
271 4899 395 4972 ἐπιστήμη
414 4906 506 4970 vulgo:
524 4900 542 4972 ἡ
560 4920 611 4956 om.
623 4905 696 4958 ΑΒΘ

630 297 633 304 ’
699 322 801 372 mn
819 320 948 371 mos
966 317 1014 372 ει

1017 424 1175 477 STOBAEI
1193 422 1297 473 Ecm
1319 419 1390 472 1012

882 1077 928 1140 διδ
950 1074 999 1139 καὶ
1018 1073 1231 1159 ἐπεφθέγγοντο
1255 1074 1283 1135 οἱ
1304 1070 1497 1155 Πυθαγόρειοι

883 1177 1067 1262 ὥςμεγίστου
1077 1174 1192 1261 (ὅρκου)
1200 1173 1282 1245 ὄντος
1290 1174 1497 1258 τῆςτετράδος·

925 1279 960 1344 οῦ
984 1280 1026 1363 μό
1046 1279 1096 1342 τὸν
1118 1277 1247 1364 ἁμετέρφ
1270 1278 1382 1362 κεφαλᾷ
1406 1298 1497 1360 παρα-

1223 1382 1310 1446 δόντα
1331 1380 1496 1464 τετρακτύν,

927 1484 1022 1568 παγὰν
1066 1483 1171 1547 ἀενάου
1207 1481 1323 1567 φάσεως
1356 1477 1491 1565 ῥιζώματ’
1520 1501 1533 1538 ι

1358 1581 1497 1669 ἔχουσαν.

921 3845 933 3898 l
954 3840 1132 3914 ἐπεφθέγγοντο
1157 3846 1189 3895 Α.
1216 3839 1411 3913 ἐπεφθέγγοντο
1435 3842 1541 3895 Stobaei

883 3933 1042 3986 Plutarchea
1063 3934 1173 3983 lectione
1196 3941 1308 3998 praestat
1332 3933 1364 3983 ef.
1387 3930 1489 3997 syrion.
1514 3931 1541 3980 in

885 4020 999 4086 metaph.
1018 4036 1043 4085 p.
1059 4016 1174 4072 209121

921 4103 938 4157 2
956 4101 1033 4174 όριιου
1051 4121 1102 4156 om.
1120 4106 1159 4156 A:
1179 4106 1238 4157 add.
1258 4108 1362 4157 Ηοεποιι

922 4191 939 4246 3
957 4209 993 4244 πα
1010 4189 1084 4243 δόντα
1102 4191 1137 4243 C:
1156 4187 1272 4244 ἐπιθέντα
1289 4194 1310 4245 F

921 4278 1037 4348 ῦπαγιέν
1064 4280 1099 4332 0:
1131 4280 1212 4330 πᾶσαν
1239 4281 1259 4331 λ’
1289 4276 1303 4349 Η
1332 4277 1434 4332 άιννάου
1461 4279 1482 4328 F
1514 4285 1543 4328 οι

885 4386 910 4435 p.
926 4363 995 4421 28812
1011 4365 1045 4421 16
1071 4362 1084 4432 Η
1108 4361 1206 4434 φόσιυις
1227 4367 1261 4419 C:
1285 4364 1373 4435 σοφίαν
1395 4366 1429 4416 F:
1457 4359 1543 4432 φῦσιος

886 4458 989 4508 Heorta
