3442 5588
211 286 276 350 460
498 291 574 340 ARII
592 290 729 342 DIDYMI
749 292 934 343 EPITOMES
952 292 1005 342 PR.
1024 292 1126 343 PHYS.
1139 289 1181 342 23.
1195 290 1237 344 24.
1251 289 1285 343 25

212 457 245 520 δὲ
270 457 381 526 τούτοις
408 456 470 520 οὐδ’
498 458 586 522 αὐτόν
612 479 684 544 φασι
707 461 755 524 τὸν
778 444 888 544 κόσμον
911 463 997 547 βάρος
1019 459 1098 547 ἔχειν
1121 461 1223 525 διὰτὸ
1246 463 1298 546 τὴν
1322 464 1392 546 όλην
1414 459 1505 523 αύτού
1529 459 1578 523 σύ·

212 580 310 623 στασιν
338 558 372 623 ἔκ
399 584 429 623 τε
456 566 514 624 τῶν
541 562 628 647 βάρος
655 562 784 647 ἐχόντων
811 565 963 649 στοιχείων
989 563 1062 628 εἶναι
1088 564 1136 629 καὶ
1164 563 1197 627 ἐκ
1223 568 1282 626 τῶν
1305 565 1438 650 άβαρῶν,
1468 560 1573 646 τὴνδ’

211 662 282 745 ὄλην
309 668 363 747 γῆν
390 661 458 727 καθ’
486 664 592 747 ἑαυτὴν
621 665 673 747 μὲν
696 662 775 750 ἔχειν
798 665 913 749 ἀρέσκει
937 667 1034 752 βάρος,
1057 667 1135 750 παρὰ
1158 667 1265 750 δὲτὴν
1290 666 1370 729 θέσιν
1394 665 1498 729 διὰτὸ
1522 665 1578 748 τὴν

212 763 303 848 μέσην
330 763 410 850 ἔχειν
440 768 542 851 χώραν
572 765 657 851 (πρὸς
680 768 767 831 δὲτὸ
791 768 879 851 μέσον
900 767 972 832 εἶναι
994 768 1046 851 τὴν
1069 767 1161 853 φοράν
1183 772 1244 840 τοῖς
1265 769 1405 838 τοιούτοις
1427 762 1579 850 σώμασιν)

183 866 260 930 idai
282 871 334 931 τοῦ
356 867 447 933 τόπου
468 869 571 933 τούτου
595 869 698 952 μένειν.

872 1158 914 1222 24

273 1262 359 1313 stoi.
378 1263 451 1314 αιτ
467 1263 519 1315 τοι
537 1280 563 1329 p.
576 1260 635 1312 408.
649 1260 740 1312 41011.

295 1361 555 1448 Ἀπολλόδωρος
583 1364 614 1427 έν
642 1369 679 1445 τῇ
708 1363 824 1444 Φυσικῇ
851 1362 942 1449 τέχνη
971 1365 1081 1447 κίνησιν
1108 1365 1181 1429 εἶναι
1205 1368 1367 1452 μεταβολὴν
1390 1367 1465 1430 κατὰ
1488 1366 1580 1430 τόπον

210 1468 230 1552 ἢ
248 1473 352 1554 σχῆμα
367 1468 387 1553 ἢ
404 1469 464 1553 ύλιρ
487 1468 506 1552 ἢ
530 1467 615 1550 [τοῖς]
639 1466 748 1550 μέρεσι,
771 1464 870 1550 σχέσιν
893 1467 926 1529 δὲ
948 1468 1074 1552 συνοχὴν
1096 1469 1171 1531 κατὰ
1192 1469 1280 1532 τόπον
1304 1469 1322 1552 ἢ
1346 1475 1450 1555 σχῆμα
1472 1470 1521 1533 καὶ
1545 1470 1580 1532 τὸ

211 1568 349 1656 ἴσχεσθαι
377 1575 504 1634 τοιούτω
532 1570 600 1654 γένη
628 1569 660 1631 δὲ
682 1570 823 1652 κινήσεως
850 1567 921 1631 εἶναι
947 1574 1049 1653 πρῶτοι
1075 1570 1142 1648 δύο,
1168 1573 1220 1655 τήν
1243 1594 1274 1632 τε
1296 1571 1359 1634 κατ’
1386 1572 1506 1636 εὐθεῖαν
1529 1571 1578 1634 καὶ

211 1673 263 1756 τὴν
292 1673 450 1755 ἐγκύκλιον.
487 1673 596 1736 τούτων
624 1672 656 1734 δὲ
682 1669 746 1753 είόη
774 1670 903 1753 γίνεσθαι
930 1674 1057 1736 πλείονα.
1094 1675 1158 1757 περὶ
1184 1674 1217 1736 τὸ
1241 1673 1312 1738 αύτὸ
1336 1676 1368 1738 δὲ
1390 1676 1518 1758 κινήσεις
1540 1674 1579 1757 γί-

173 1798 196 1836 ιο
214 1775 315 1839 νεσθαι
337 1776 447 1846 πολλὰς
470 1776 517 1839 καὶ
541 1776 571 1838 ἐν
593 1779 635 1859 τῷ
661 1773 741 1858 αὐτῷ
765 1773 858 1858 τόπιρ,
880 1774 941 1837 οίον
963 1780 1128 1859 περιπατεῖν
1150 1777 1198 1838 καὶ
1220 1777 1333 1862 τρέχειν
1349 1777 1390 1861 μὴ
1409 1776 1580 1862 ἐκβαίνοντα

210 1878 260 1940 τὸν
288 1878 444 1960 ἀσώματον
471 1879 576 1954 τόπον,
608 1877 656 1939 καὶ
684 1877 746 1957 ἅμα
774 1876 916 1939 κινεῖσθαι
942 1879 995 1961 τήν
1020 1902 1052 1940 τε
1081 1875 1127 1941 ἐπ’
1159 1877 1277 1941 εὐθεῖαν
1304 1879 1353 1941 καλ
1379 1879 1431 1962 τὴν
1464 1878 1508 1947 είς
1541 1878 1580 1942 τὰ

211 1980 318 2061 πλάγια
340 1980 389 2042 καλ
410 1981 463 2064 τὴν
485 1978 651 2064 ἔμπροσθεν
673 1978 721 2041 καὶ
744 1979 797 2062 τὴν
820 1977 940 2043 ὄπισθεν
963 1980 1011 2042 καὶ
1032 1980 1085 2063 τὴν
1108 1979 1149 2051 εἰς
1172 1980 1265 2049 δεξιὰν
1287 1981 1336 2043 καὶ
1358 1980 1512 2065 ἀριστερὰν
1528 1980 1580 2044 καλ

211 2081 360 2164 ἐγκύκλιον
387 2083 436 2145 καὶ
463 2082 579 2167 ταχέως
608 2081 670 2163 ἅμα
696 2080 745 2143 καὶ
773 2081 918 2165 βραδέως,
945 2082 1079 2166 καθάπερ
1106 2083 1153 2146 ἐπὶ
1181 2088 1240 2146 τῶν
1266 2083 1413 2147 πλεόντων
1441 2085 1491 2148 καὶ
1518 2088 1580 2146 τῶν

214 2184 323 2266 ύμοίως
349 2183 461 2254 τούτοις
488 2183 675 2266 διακειμένων
704 2184 915 2267 συντυγχάνειν.
953 2186 1052 2269 ὥσπερ
1080 2185 1112 2248 δὲ
1140 2187 1246 2254 παντὸς
1274 2188 1409 2267 σώματος
1438 2186 1581 2269 ἐλέγομεν

173 2314 197 2353 ιο
215 2285 302 2371 μέρος
324 2285 397 2350 εἶναι
419 2291 507 2372 σῶμα
528 2288 576 2349 καὶ
598 2288 694 2370 πάσης
715 2286 882 2370 ἐπιφανείας
904 2288 1070 2373 ἐπιφάνειαν
1096 2289 1144 2350 καὶ
1166 2290 1262 2371 πάσης
1283 2293 1418 2372 γραμμῆς
1439 2288 1580 2373 γραμμὴν

212 2388 261 2451 καὶ
277 2390 382 2459 παντὸς
397 2389 487 2452 τόπου
508 2389 597 2452 τόπον
619 2388 667 2451 καὶ
690 2390 795 2459 παντὸς
817 2390 925 2475 χρόνου
947 2391 1062 2476 χρόνον,
1085 2390 1178 2460 ούτως
1199 2392 1247 2453 καὶ
1269 2393 1365 2475 πάσης
1380 2393 1523 2476 κινήσεως
1539 2390 1581 2453 κί-

212 2512 292 2575 νησιν
315 2491 387 2556 εἶναι
411 2492 514 2575 ῥητέον
535 2493 583 2555 καὶ
605 2492 701 2575 πάσης
722 2491 853 2577 σχέσεως
874 2492 976 2577 σχέσιν
998 2493 1072 2555 κατὰ
1093 2493 1145 2576 τὴν
1168 2492 1259 2576 αὐτὴν
1281 2494 1445 2576 ἀναλογίαν.

272 2870 359 2921 Stob.
378 2871 450 2920 eeil
468 2869 518 2921 184
537 2886 561 2934 ρ.
575 2868 757 2921 390-394Η.
872 2779 914 2843 25

298 2970 394 3036 Τόπον
422 2969 447 3034 δ’
475 2970 547 3033 εἶναι
576 2972 592 3034 ό
620 2968 828 3054 Χρύσιππος
860 2970 1033 3055 ἀπεφαίνετο
1061 2969 1094 3031 τὸ
1121 2969 1316 3054 κατεχόμενον
1344 2969 1382 3032 δι’
1419 2972 1489 3034 όλου
1521 2972 1577 3035 ύπὸ

210 3071 290 3143 ὄντος
314 3075 332 3158 ἢ
355 3076 388 3136 τὸ
416 3073 476 3137 οἶόν
499 3071 555 3157 (τε)
581 3073 759 3158 κατέχεσθαι
787 3074 843 3136 ὑπὸ
872 3071 953 3140 ὄντος
980 3072 1028 3134 καὶ
1056 3069 1091 3134 δι’
1121 3073 1189 3135 ὅλου
1212 3072 1407 3156 κατεχόμενον
1436 3072 1495 3137 εἴτε
1518 3075 1575 3137 ὑπὸ

171 3198 195 3236 ιο
213 3177 289 3246 τινός
311 3174 395 3259 (εἴτε)
418 3175 474 3238 ύπὸ
493 3179 588 3237 τινῶν.
611 3175 662 3239 ἐὰν
684 3177 717 3239 δὲ
738 3181 789 3239 τοῦ
812 3177 875 3239 οἵου
886 3174 921 3238 ’τε
935 3174 1112 3260 κατέχεσθαι
1129 3175 1185 3236 ὑπὸ
1200 3173 1281 3243 ὄντος
1295 3175 1322 3236 τὶ
1338 3175 1390 3257 μὲν
1405 3177 1578 3261 κατέχηται,

211 3277 238 3339 τὶ
261 3277 294 3340 δὲ
317 3279 370 3363 μή,
393 3278 426 3340 τὸ
444 3278 510 3341 ὅλον
526 3276 618 3362 (οὔτε)
634 3278 715 3341 κενὸν
732 3277 851 3343 ἔσεσθαι
866 3276 933 3341 ούτε
954 3277 1053 3355 τόπον,
1077 3278 1172 3361 ἕτερον
1196 3276 1228 3339 δέ
1250 3300 1276 3338 τι
1291 3276 1345 3340 ούκ
1361 3278 1580 3360 ὠνομασμένον·

211 3380 245 3442 τό
270 3379 398 3464 μὲνγὰρ
421 3380 503 3442 κενὸν
525 3384 585 3449 τοῖς
608 3385 700 3449 κενοῖς
722 3381 845 3463 ἀγγείοις
867 3380 1004 3463 λέγεσθαι
1026 3380 1251 3464 παραπλησίως,
1280 3380 1328 3441 τὸν
1351 3380 1384 3442 δὲ
1405 3379 1495 3442 τύπον
1518 3385 1579 3455 τοῖς

212 3482 349 3566 πλήρεσι·
379 3485 481 3567 χώραν
508 3483 540 3545 δὲ
567 3482 688 3566 πότερον
716 3484 749 3546 τὸ
781 3487 878 3566 μεῖζον
905 3483 966 3547 οἷόν
994 3505 1026 3545 τε
1053 3481 1231 3567 κατέχεσθαι
1259 3483 1315 3545 ὑπὸ
1338 3481 1419 3551 ὄντος
1442 3484 1491 3546 καλ
1514 3483 1578 3546 οἷον

213 3587 311 3667 μεῖζον
337 3585 450 3667 ἀγγεῖον
477 3586 613 3667 σώματος
640 3585 660 3668 ἣ
683 3586 715 3648 τὸ
737 3591 854 3671 χωρούν
875 3590 972 3668 μεῖζον
995 3589 1097 3668 σῶμαγ
1127 3585 1161 3647 τὸ
1188 3585 1240 3666 μὲν
1268 3583 1318 3647 υύν
1346 3586 1428 3648 κενὸν
1457 3584 1578 3671 ἄπειρον

172 3711 196 3749 ιι
216 3685 288 3750 εἶναι
310 3686 460 3769 λέγεσθαι·
483 3689 516 3750 τό
539 3687 593 3770 γὰρ
614 3687 697 3756 ἐκτὸς
715 3693 766 3751 τού
782 3689 893 3771 κόσμου
909 3685 1014 3752 τοιοῦτ’
1036 3687 1122 3751 εἶναι·
1144 3689 1193 3750 τόν
1209 3687 1242 3749 δὲ
1256 3687 1344 3751 τόπον
1359 3691 1579 3773 πεπερασμένον

213 3790 261 3853 διὰ
283 3790 317 3852 τὸ
341 3790 431 3873 μηδὲν
454 3794 542 3872 σῶμα
564 3789 681 3873 άπειρον
704 3789 786 3854 εἶναι.
809 3791 943 3876 καθάπερ
965 3788 1052 3855 δὲτὸ
1075 3789 1239 3872 σωματικὸν
1260 3791 1478 3873 πεπερασμένον
1494 3791 1579 3870 εἶναι,

213 3892 305 3962 ούτως
328 3893 361 3955 τό
384 3892 541 3975 άσιύματον
564 3891 692 3976 ἄπειρον·
714 3893 733 3957 ό
753 3916 785 3956 τε
805 3893 860 3977 γὰρ
882 3892 986 3978 χρόνος
1008 3891 1125 3977 άπειρος
1147 3893 1195 3955 καὶ
1218 3892 1251 3954 τὸ
1273 3891 1366 3955 κενόν.
1401 3894 1501 3979 ὥσπερ
1523 3895 1579 3980 γὰρ

247 4033 333 4089 ’ίτοῖς
351 4034 436 4083 delevi
456 4027 471 4095 Ιλ
497 4030 513 4083 8
537 4032 648 4082 τοιοῦτον
676 4033 733 4082 cod.
758 4034 867 4095 August.
918 4051 1010 4101 ματος,
1033 4031 1049 4101 ἢ
1075 4031 1197 4099 διάστημα
1221 4026 1439 4098 άκαβεκτούμενον
1459 4029 1508 4084 ύπὸ
1527 4031 1577 4084 od-

211 4137 272 4173 num
284 4119 372 4183 (κατὰ)
389 4115 418 4170 τὸ
430 4115 508 4169 adid?
526 4120 557 4169 cf.
570 4137 595 4184 p.
609 4118 670 4181 459,
687 4118 717 4170 14
732 4116 745 4186 ΙΙ
765 4115 868 4185 βέγκυ·
919 4137 1009 4188 ματος,
1035 4118 1112 4172 τόπον
1138 4118 1164 4169 δὲ
1187 4115 1312 4184 διάστημα
1334 4115 1382 4168 ὑπὸ
1410 4115 1482 4177 ὄντος
1504 4136 1577 4170 κατε·

210 4205 271 4258 κλον
292 4209 330 4258 A:
355 4223 420 4258 corr.
443 4208 546 4256 Ηεετειι
571 4200 584 4271 Η
613 4206 641 4256 11
666 4203 801 4273 ἀσώματον
823 4210 867 4257 νΙπ
918 4205 1024 4276 χύμενον
1042 4207 1086 4260 καὶ
1104 4204 1274 4272 ἐξισαζόμτνον
1285 4210 1322 4272 τῷ
1341 4203 1476 4273 κατέχοντι
1494 4202 1577 4269 αύτόν,

209 4312 309 4347 sanum.
328 4311 361 4346 an
380 4292 422 4344 τόν
441 4289 532 4358 addidi?
553 4288 567 4359 ΙΙ
586 4293 631 4344 καὶ
649 4289 701 4360 ἅμα
720 4295 753 4345 F:
779 4291 795 4361 ἡ
815 4290 867 4360 ἅμα
919 4299 962 4346 νύν
974 4292 1001 4345 ὄν
1014 4292 1147 4350 καλοῦντες
1159 4291 1188 4343 τὸ
1200 4297 1284 4359 σῶμα,
1302 4290 1390 4360 χώραν
1408 4290 1434 4343 δὲ
1453 4291 1577 4362 διάστημα

213 4378 267 4450 Cu
289 4381 320 4434 14
339 4378 529 4449 οὖντυγχάνειν
552 4384 590 4431 A:
615 4398 680 4432 corr.
705 4382 826 4432 Meinekd
851 4378 865 4447 Η
920 4382 986 4434 κατὰ
1009 4381 1055 4449 μέν
1077 4398 1101 4433 τι
1119 4379 1287 4449 κατεχόμενον
1306 4377 1355 4431 ύπύ
1374 4376 1494 4447 σώματος
1513 4379 1577 4432 κατά

211 4473 319 4522 fortasse
337 4468 441 4537 λέγομεν
459 4471 490 4520 ef.
510 4487 535 4534 p.
549 4467 651 4530 461,11
919 4468 945 4522 δέ
963 4487 987 4521 τι
1005 4464 1231 4534 ἀκαθικτυύμενον,
1250 4466 1322 4518 ἐνίων
1345 4464 1433 4536 χώραν
1456 4465 1576 4520 εἰπόντων

250 4556 281 4610 18
299 4558 331 4608 de
350 4559 380 4608 ir.
394 4553 427 4609 25
445 4558 500 4607 dixi
519 4557 590 4606 Prol.
609 4573 634 4621 p.
647 4554 741 4620 738qq.
758 4572 778 4606 ιι
793 4572 820 4608 ιν
836 4572 865 4608 τι
919 4555 978 4608 εἶναι
996 4554 1038 4608 τὸν
1050 4554 1126 4607 τόπον
1144 4558 1189 4606 τού
1204 4552 1312 4623 μεγάλου
1324 4553 1443 4623 σώματος
1459 4551 1474 4622 ΙΙ
1485 4553 1576 4608 iouh·

213 4657 253 4693 vn
267 4658 286 4693 x
301 4639 314 4709 ΙΙ
330 4643 361 4696 19
373 4645 462 4695 addidi
475 4659 503 4693 τι
521 4645 552 4694 ef.
565 4661 590 4694 v.
600 4641 634 4695 20
647 4654 673 4694 ει
684 4644 778 4696 Sextus
791 4645 867 4711 Επιρ.
919 4646 1019 4696 addidit
1040 4646 1144 4696 Heeren
1169 4640 1183 4708 11
1205 4641 1237 4694 21
1258 4639 1314 4693 ούτε
1333 4643 1434 4693 addidit
1453 4644 1575 4695 Cantent

211 4731 303 4795 Pyrrh.
327 4733 393 4797 Hyp.
411 4732 453 4781 111
473 4728 532 4782 124.
565 4726 588 4780 οἱ
611 4724 721 4781 Στωικοί
745 4744 804 4799 φασι
826 4748 867 4782 ιιι-
918 4736 945 4783 in
965 4733 1050 4782 latinis
1075 4728 1089 4796 11
1114 4728 1182 4781 ἔσται
1200 4725 1257 4780 ούτε
1275 4728 1351 4786 τόπος
1371 4733 1407 4780 A:
1427 4747 1494 4782 corr.
1512 4733 1574 4784 Uu-

153 4861 157 4868 .
211 4812 252 4866 νόν
270 4814 316 4881 μὲν
334 4815 441 4869 εἶναιτὸ
459 4815 510 4868 οίόν
528 4813 698 4873 τιύπὸόντος
716 4813 868 4884 κατέχεσθαι
919 4835 965 4868 ner
989 4814 1002 4883 Η
1028 4816 1062 4868 22
1085 4822 1164 4875 κενοῖς
1188 4815 1274 4874 αἰτίοις
1298 4820 1334 4869 A:
1360 4833 1426 4870 corr.
1450 4819 1575 4870 Cantent

211 4901 247 4971 μὴ
266 4900 433 4972 κατεχόμενον
451 4901 491 4969 ii,
516 4902 533 4973 ἡ
552 4901 676 4972 διάστημα
699 4901 792 4973 λρημον
815 4901 865 4956 σύ·
918 4907 1030 4968 itemque
1048 4903 1126 4956 αἴτιον
1146 4923 1170 4955 ν.
1184 4903 1218 4957 21
