3442 5588
174 320 238 383 500
554 319 813 372 THEOPHRAS'I'I
831 320 967 371 PHYSIC.
988 320 1148 372 OPINION.

223 489 343 574 πότερον
367 489 447 554 ἔσται
470 495 583 574 φρονεῖν
606 489 625 572 ἢ
648 487 694 566 ού,
717 491 765 552 καὶ
787 488 864 572 τίςῆ
885 488 1022 566 διάθεσις,
1045 489 1129 553 ούδὲν
1152 486 1193 551 ἐτι
1216 490 1358 571 διώρικεν.
1397 488 1441 550 ότι
1457 486 1493 550 δέ

224 594 272 656 καλ
298 598 340 677 τῷ
363 591 483 676 ἐναντίῳ
511 589 580 655 καθ’
608 593 679 655 αύτδ
707 596 785 655 ποιεῖ
809 592 861 675 τῆν
888 589 1024 674 αἴσθησιν
1055 591 1189 677 φανερόν,
1217 591 1247 654 ἐν
1270 590 1313 659 οίς
1340 612 1412 676 φησι
1440 591 1493 652 τὸν

224 696 322 778 νεκρδν
344 696 442 779 φωτδς
465 693 516 775 μὲν
538 695 586 756 καί
610 695 721 777 θερμοῦ
744 695 792 756 καλ
814 698 914 778 φωνῆς
936 694 990 757 οδκ
1012 694 1204 758 αἰσθάνεσθαι
1225 693 1273 756 διὰ
1292 694 1344 776 τὴν
1360 690 1490 777 ἔκλειψιν

224 801 275 859 τού
297 797 397 880 πυρός,
420 800 534 880 ψυχροῦ
557 796 589 858 δὲ
612 798 660 859 καί
683 801 796 880 σιωπῆς
820 796 948 859 καὶτῶν
971 796 1107 860 ἐναντίων
1122 795 1326 874 αἰσθάνεσθαι,
1348 796 1397 860 καὶ
1413 797 1494 863 όλως

224 898 257 960 δέ
278 902 335 961 πᾶν
357 899 390 960 τδ
414 898 445 961 δν
468 894 546 982 ἔχειν
569 899 632 962 τινὰ
653 904 767 982 γνῶσιν.
804 898 881 961 ούτω
906 899 957 981 μὲν
981 897 1031 962 σύν
1053 899 1141 969 αὐτὸς
1163 896 1255 962 ἔοικεν
1271 895 1491 980 ἀποτέμνεσθαι
1512 923 1526 960 ι

226 1005 263 1082 τῆ
287 1001 373 1084 φάσει
394 1000 431 1063 τά
454 999 647 1085 συμβαίνοντα
669 1002 796 1084 δυσχερῆ
820 1001 868 1064 διὰ
889 1002 942 1084 τῆν
965 1001 1118 1086 ὑπόληψιν.

192 1112 208 1164 5
327 1102 475 1166 Πλάτων
503 1103 536 1165 δέ
563 1103 610 1166 ἐπὶ
636 1102 723 1165 πλέον
746 1102 797 1184 μὲν
820 1101 910 1186 ἧπται
937 1109 996 1166 τῶν
1024 1105 1098 1167 κατὰ
1121 1102 1221 1187 μέρος,
1250 1103 1284 1166 οδ
1309 1104 1366 1187 μὴν
1388 1099 1493 1185 εἴρηκέ

223 1227 256 1287 γε
284 1205 348 1287 περὶ
370 1205 502 1281 ἀπασῶν,
530 1205 605 1268 ἀλλά
633 1205 719 1287 μόνον
748 1205 813 1288 περὶ
839 1205 931 1289 ἀκοῆς
958 1213 1006 1269 καί
1038 1205 1144 1291 ὄψεως.
1187 1206 1236 1268 καλ
1262 1206 1314 1289 τὴν
1341 1205 1394 1288 μὲν
1425 1200 1493 1288 ὄψιν

224 1309 303 1369 ποιεῖ
327 1306 416 1390 πυρός
449 1304 507 1391 (διδ
534 1308 581 1369 καὶ
607 1308 641 1369 τδ
664 1311 772 1392 χρῶμα
794 1307 889 1391 φλόγα
910 1306 963 1371 τιν’
991 1309 1050 1373 ἀπὸ
1077 1313 1136 1371 τῶν
1164 1309 1309 1392 σωμάτων
1338 1307 1494 1392 σύμμετρα

226 1408 313 1492 μόρια
335 1407 374 1489 τῇ
396 1406 460 1493 όψει
485 1406 640 1493 ἔχουσαν),
670 1411 710 1477 ύις
732 1408 878 1492 ἀπορροῆς
899 1433 930 1472 τε
951 1412 1102 1495 γινομένης
1124 1411 1172 1474 καλ
1195 1411 1260 1474 δέον
1284 1409 1492 1495 συναρμόττειν
1515 1437 1538 1474 ιι

224 1511 362 1594 ἀλλήλοις
383 1509 514 1579 ἐξιοῦσαν
538 1510 625 1596 μέχρι
646 1513 722 1580 τινδς
737 1511 920 1595 συμφύεσθαι
934 1513 974 1594 τῇ
988 1514 1122 1598 ἀπορρυῇ
1136 1513 1184 1577 καλ
1200 1513 1293 1582 ούτως
1309 1514 1378 1597 δρᾶν
1394 1513 1494 1596 ἡμᾶς·

230 1613 328 1697 ὥσπερ
357 1611 391 1676 ἀν
418 1614 459 1683 εἰς
481 1614 514 1675 τδ
537 1612 626 1695 μέσον
647 1613 737 1682 τιθείς
761 1612 813 1696 τὴν
835 1613 940 1676 ἑαυτοῦ
967 1614 1051 1684 δόξαν
1074 1622 1132 1679 τῶν
1155 1639 1187 1678 τε
1208 1615 1378 1700 φασκόντων
1402 1633 1493 1698 προσ-

227 1715 338 1777 πίπτειν
377 1717 429 1800 τῆν
474 1713 539 1800 ὄψιν
577 1716 626 1778 καλ
662 1719 720 1778 τῶν
757 1713 898 1799 φέρεσθαι
935 1718 1007 1800 πρδς
1043 1717 1134 1801 αὐτὴν
1172 1719 1230 1782 ἀπδ
1267 1721 1325 1779 τῶν
1363 1719 1492 1801 ὁρατῶν.

193 1818 319 1901 6ἀκοῆν
347 1818 381 1880 δὲ
406 1817 454 1880 διά
480 1822 533 1900 τῆς
566 1823 666 1902 φωνῆς
692 1817 832 1901 ὁρίζεται·
866 1819 966 1902 φωνην
993 1818 1047 1901 γὰρ
1076 1817 1148 1881 εἶναι
1176 1820 1289 1903 πληγὴν
1321 1817 1369 1882 ὑπ’
1403 1819 1493 1902 ἀέρος

225 1921 385 2005 ἐγκεφάλου
408 1921 456 1983 καὶ
479 1921 601 2003 αίματος
623 1919 659 1983 δι’
688 1921 771 1983 ὤτων
794 1919 881 2004 μέχρι
903 1926 1011 2006 ψυχῆς,
1038 1922 1091 2005 τῆν
1114 1918 1140 1983 δ’
1168 1922 1225 1984 ύπδ
1247 1921 1354 2005 ταύτης
1376 1922 1491 2006 κίνησιν
1511 1949 1534 1987 ιε

227 2023 285 2087 ἀπὸ
315 2025 444 2106 κεφαλῆς
471 2021 558 2107 μέχρι
584 2024 695 2106 ῆπατος
721 2022 824 2105 ἀκοήν.
867 2023 932 2104 περὶ
958 2023 991 2085 δέ
1015 2023 1187 2107 ὀσφρήσεως
1214 2023 1261 2086 καὶ
1289 2023 1416 2106 γεύσεως
1439 2025 1490 2088 καί

227 2125 305 2209 ἁφῆς
327 2124 403 2193 ὅλως
431 2123 514 2187 οὐδὲν
542 2123 672 2208 εἴρηκεν,
700 2121 769 2186 οὐδὲ
796 2123 822 2186 εἰ
848 2124 927 2208 παρὰ
953 2123 1057 2194 ταύτας
1085 2123 1170 2188 άλλαι
1199 2124 1274 2194 τινές
1299 2124 1385 2204 εἰσιν,
1413 2128 1491 2191 ἀλλὰ

229 2228 338 2309 μᾶλλον
361 2226 588 2311 ἀκριβολογεῖται
611 2225 755 2310 περὶτῶν
778 2225 938 2310 αἰσθητῶν.

193 2340 208 2391 7
323 2324 562 2414 Ἐμπεδοκλῆς
583 2331 616 2393 δὲ
638 2331 702 2414 περὶ
726 2330 848 2393 ἁπασῶν
870 2329 979 2411 δμοίως
1000 2330 1076 2413 λέγει
1099 2330 1150 2393 καί
1162 2351 1234 2415 φησι
1249 2330 1293 2414 τῷ
1306 2329 1490 2415 ἐναρμόττειν

228 2433 268 2502 εἰς
290 2431 357 2500 τοὺς
379 2431 487 2515 πόρους
509 2433 576 2502 τούς
598 2433 722 2516 ἑκάστης
744 2430 952 2496 αἰσθάνεσθαι·
985 2433 1029 2497 διδ
1051 2434 1099 2497 καὶ
1121 2433 1156 2496 ού
1179 2432 1320 2496 δύνασθαι
1341 2433 1378 2496 td
1401 2433 1492 2517 ἀλλή·
1510 2459 1535 2498 ιι

225 2538 284 2597 λων
303 2534 418 2618 κρίνειν,
440 2534 563 2598 ὅτιτῶν
586 2537 639 2618 μὲν
661 2535 809 2619 εδρύτεροί
828 2557 902 2610 πως,
924 2537 983 2596 τῶν
1006 2535 1039 2597 δέ
1062 2538 1230 2619 στενώτεροι
1252 2537 1442 2619 τυγχάνουσιν
1464 2536 1492 2598 ol

224 2637 308 2722 πόροι
335 2637 407 2720 πρδς
429 2639 462 2700 τδ
484 2636 637 2720 αἰσθητόν,
660 2639 700 2706 ὡς
722 2638 759 2700 τὰ
787 2638 838 2719 μὲν
861 2637 919 2722 οδχ
942 2637 1091 2720 ἁπτόμενα
1113 2639 1276 2712 διευτονεῖν,
1297 2637 1334 2699 τὰ
1357 2635 1383 2699 δ’
1412 2637 1490 2707 όλως

224 2739 366 2805 εἰσελθεῖν
396 2739 429 2803 οδ
457 2738 609 2803 δύνασθαι.
653 2742 785 2822 πειρᾶται
814 2739 847 2802 δὲ
873 2740 922 2801 καὶ
949 2739 1001 2823 τῆν
1028 2737 1093 2824 όψιν
1120 2739 1226 2822 λέγειν,
1252 2738 1322 2802 ποία
1350 2739 1392 2809 τίς
1415 2739 1490 2803 ἐστι·

225 2842 273 2908 καί
288 2842 360 2927 φησὶ
375 2844 409 2905 τδ
432 2843 484 2925 μὲν
508 2841 587 2911 ἐντδς
609 2840 699 2924 αὐτῆς
721 2839 793 2904 εἶναι
815 2845 872 2925 πδρ
895 2839 956 2924 (καὶ
972 2841 1073 2926 ύδωρ),
1096 2841 1130 2905 τδ
1152 2842 1185 2904 δὲ
1200 2842 1265 2926 περὶ
1284 2840 1356 2905 αότδ
1371 2845 1425 2925 γῆν
1441 2841 1491 2904 καὶ

225 2946 308 3030 ἀέρα,
332 2942 367 3008 δι’
397 2945 437 3007 ὧν
460 2944 560 3007 διιέναι
583 2944 686 3007 λεπτδν
711 2943 743 3007 δν
766 2944 899 3028 καθάπερ
925 2945 959 3009 τδ
982 2944 1012 3008 ἐν
1040 2949 1099 3014 τοῖς
1121 2947 1287 3029 λαμπτῆρσι
1309 2947 1384 3029 φῶς.
1422 2944 1491 3013 τούς
1508 2970 1532 3009 u

225 3050 258 3111 δέ
279 3047 386 3131 πόρους
408 3045 529 3115 ἐναλλὰξ
551 3046 667 3110 κεῖσθαι
688 3050 740 3109 τοῦ
760 3070 792 3109 τε
813 3048 902 3131 πυρδς
925 3048 974 3111 καὶ
996 3052 1048 3111 τού
1071 3048 1188 3124 ύδατος,
1216 3048 1257 3111 ὧν
1278 3050 1338 3117 τοῖς
1361 3047 1414 3130 μὲν
1436 3050 1489 3109 τοῦ

224 3153 313 3234 πυρδς
335 3150 371 3213 ud
393 3150 492 3225 λευκά,
513 3153 573 3218 τοῖς
595 3148 628 3211 δὲ
650 3152 702 3211 τοδ
726 3149 828 3220 ύδατος
849 3151 886 3213 τὰ
907 3149 1018 3233 μέλανα
1038 3150 1199 3234 γνωρίζειν·
1228 3147 1412 3233 ἐναρμόττειν
1435 3147 1490 3232 γὰρ

226 3252 374 3336 ἑκατέροις
397 3254 529 3336 ἑκάτερα.
562 3250 703 3336 φέρεσθαι
726 3253 759 3315 δέ
780 3253 817 3316 τὰ
839 3255 984 3338 χρώματα
1005 3253 1077 3337 πρδς
1098 3251 1151 3335 τὴν
1174 3249 1238 3335 ὄψιν
1261 3252 1309 3315 διὰ
1329 3252 1383 3336 τἠν
1404 3251 1491 3335 ἀπορ-

194 3363 211 3416 8
229 3356 309 3439 ροῆν.
461 3354 629 3439 συγκεῖσθαι
652 3352 677 3416 δ’
699 3355 756 3440 οὐχ
778 3356 896 3438 δμοίως,
919 3353 939 3395 *
951 3353 1002 3394 *³⁸
1016 3355 1067 3424 τάς
1089 3353 1116 3418 δ’
1136 3353 1170 3417 ἐκ
1192 3359 1251 3417 τῶν
1275 3354 1490 3436 ἀντικειμένων,

180 3477 377 3487 -——.———

176 3525 191 3577 2
210 3533 247 3596 τῷ
266 3527 369 3597 ἐναντίῳ
388 3544 421 3579 ex
439 3529 568 3594 prioribus
586 3528 662 3577 facilc
675 3529 832 3591 intellegitur
883 3528 973 3596 πιρλΕ
991 3525 1003 3594 ΙΙ
1021 3526 1056 3579 20
1070 3526 1102 3579 τὰ
1118 3523 1236 3594 ἀλλήλων
1248 3528 1279 3577 cl.
1293 3524 1429 3592 phonas.
1445 3523 1540 3585 512‚15

175 3620 212 3682 τῷ
225 3613 324 3685 ψυχρῷ.
351 3632 402 3667 non
416 3615 498 3681 probo
511 3617 555 3679 qul
572 3617 609 3681 τῷ
629 3611 706 3681 ίτίριρ
725 3622 769 3663 aul
786 3615 831 3664 τού
883 3618 963 3666 Anien
981 3633 1006 3681 p.
1019 3612 1112 3667 417⁸:l
1132 3611 1145 3681 Ιί
1159 3611 1190 3664 21
1211 3629 1266 3670 πως
1283 3616 1385 3679 scripsi:
1405 3611 1468 3683 πρὸς
1485 3613 1540 3665 PF:

176 3700 286 3753 ἐναντίου
314 3705 494 3754 commendent
521 3699 534 3768 ΙΙ
565 3701 580 3754 θ
603 3699 636 3750 τὰ
665 3696 830 3767 συμβαίνοντα
882 3699 951 3760 όντες
960 3705 1093 3764 Wlmmer‚
1108 3709 1135 3752 al
1146 3703 1280 3767 participio
1290 3702 1349 3752 hnic
1359 3704 1479 3767 scripturi
1489 3714 1540 3750 non

175 3787 283 3858 δυσχερῆ
290 3794 366 3842 etiam
374 3791 487 3856 Simpllc.
497 3791 524 3839 in
534 3790 620 3853 Epicu.
629 3784 829 3854 p.41,53nld.u
884 3807 948 3857 opus
960 3801 998 3841 eat
1011 3792 1042 3841 cl.
1055 3792 1108 3842 ind.
1123 3791 1202 3839 Arist.
1220 3805 1245 3853 p.
1258 3787 1349 3841 778125
1368 3785 1382 3855 Η
1402 3786 1438 3839 22
1450 3785 1540 3839 διαπο-

175 3875 191 3927 ’ί
204 3881 255 3933 τοῖς
267 3877 333 3928 κατὰ
345 3878 402 3929 Pll:
422 3893 488 3928 corr.
500 3876 646 3941 Stephanus
661 3871 675 3941 Η
689 3874 704 3926 θ
717 3874 765 3942 τῆν
783 3873 832 3926 dud
883 3881 931 3928 νεῖν
939 3877 1084 3941 pristinam
1095 3876 1121 3926 ίπ
1127 3874 1289 3940 permanando
1299 3875 1418 3941 impetum
1428 3891 1540 3926 ιιπσακ.

175 3963 231 4014 PF:
265 3980 331 4015 corr.
364 3966 472 4016 Usener.
505 3961 565 4014 εἶναι
599 3959 649 4013 ἀπδ
685 3961 832 4028 Stephanus
883 3962 1005 4015 διειιπνιῖν
1023 3966 1090 4014 conl.
1104 3963 1206 4014 Usener
1218 3965 1250 4013 cf.
1263 3966 1343 4015 Arist.
1362 3981 1387 4030 ρ.
1401 3961 1512 4016 3941’35
1526 3959 1540 4030 ΙΙ

174 4065 207 4100 ex
226 4049 286 4113 §86
305 4053 336 4101 cl'.
351 4053 419 4102 Plal.
432 4054 499 4103 Tim.
518 4069 543 4117 ρ.
557 4050 612 4104 δ’ίο
628 4046 641 4115 ΙΙ
657 4048 833 4117 1ογινυμίνης
884 4049 917 4102 24
941 4050 985 4102 καὶ
1008 4051 1069 4119 φησὶ
1092 4053 1127 4101 P:
1156 4049 1203 4118 γάρ
1228 4050 1289 4120 φησὶ
1312 4067 1388 4102 τεεοι.
1413 4051 1434 4100 F
1460 4046 1474 4117 ΙΙ
1498 4047 1540 4100 καὶ

176 4136 220 4186 PF
239 4135 281 4204 [ης
299 4138 426 4189 breviavit
443 4155 492 4190 aec
505 4140 535 4201 F,
555 4139 615 4202 quid
633 4154 669 4203 pr.
684 4137 705 4185 F
724 4139 831 4203 scripse-
883 4134 951 4206 ύδωρ
969 4141 1066 4191 inserui
1084 4148 1143 4204 pout
1159 4139 1208 4205 πῦρ
1228 4134 1242 4204 ΙΙ
1263 4136 1297 4190 25
1315 4135 1376 4189 δϊιδν
1393 4138 1452 4189 Ρθι
1475 4153 1539 4188 corr.

175 4225 208 4273 rit
220 4240 273 4274 non
286 4227 337 4275 iam
353 4227 472 4292 apparet]
492 4222 506 4293 Η
529 4224 560 4277 10
577 4222 632 4275 δεόν
644 4220 687 4273 ούν
700 4221 831 4291 ἁρμόττειν
883 4229 1009 4278 Wimmer
1029 4222 1043 4290 ΙΙ
1067 4222 1101 4277 28
1124 4223 1253 4292 ἑκατέραις
1272 4224 1377 4294 ἑκάτερα
1395 4227 1455 4277 Pll:
1475 4240 1539 4276 corr.

174 4311 231 4361 PF:
251 4315 360 4364 correxi.
380 4313 554 4382 συναρμόττειν
573 4315 695 4363 convenit
712 4312 829 4361 Platoni·
882 4313 1023 4365 Schneider
1042 4309 1107 4378 1129
1126 4314 1244 4363 lacunam
1257 4313 1402 4364 Schneider
1420 4312 1539 4378 explebat

173 4413 218 4448 cae
242 4399 371 4468 συναυγείρ
395 4403 426 4451 cl.
445 4404 504 4451 Act.
517 4403 556 4450 1v
571 4397 646 4461 1311,
672 4396 829 4465 ἐναρμόττειν
879 4399 924 4457 τὰς
942 4398 1009 4468 όψεις
1028 4397 1091 4450 ἀλλὰ
1108 4399 1153 4456 τάς
1172 4398 1217 4466 μὲν
1240 4398 1269 4450 ἐκ
1292 4403 1345 4449 τῶν
1367 4396 1464 4450 αὐτῶν.
1491 4414 1538 4464 ego

174 4486 326 4550 Empedocli
344 4490 376 4537 cf.
396 4489 429 4537 ad
447 4486 461 4550 ξ
476 4488 500 4540 9.
520 4497 633 4539 celerum
653 4488 683 4536 cl.
703 4488 783 4537 Arist.
796 4488 827 4537 dc
879 4490 928 4538 alc:
958 4484 1021 4538 ἀλλά
1045 4486 1089 4544 τὰς
1115 4487 1160 4553 μὲν
1187 4485 1216 4537 ἐκ
1239 4491 1291 4537 τῶν
1316 4483 1412 4553 δμοίων
1440 4490 1459 4538 1.
1472 4487 1539 4538 αα·

173 4587 240 4623 εειια.
260 4590 285 4638 ρ.
298 4571 411 4626 438127
431 4583 457 4625 ει
469 4576 620 4627 Alexander
638 4575 671 4624 cd
684 4575 709 4624 h.
724 4575 739 4623 l.
759 4591 784 4640 p.
796 4572 830 4627 59
883 4573 946 4624 bene
969 4583 1106 4640 temperata
1130 4583 1169 4624 est
1191 4573 1260 4639 ἰριιίε
1283 4589 1421 4641 aquaeque
1439 4572 1536 4634 ιπίατίο,

173 4659 275 4709 Thurot
288 4657 301 4725 Ιγ
321 4661 350 4712 14
363 4664 439 4713 Plato
452 4664 518 4714 Tim.
536 4680 560 4728 p.
575 4661 632 4715 671³
651 4660 697 4729 τὴν
709 4657 738 4711 δι’
755 4659 829 4712 ὤτων
882 4659 931 4711 illo
954 4659 1040 4723 clara,
1069 4660 1119 4711 lac
1146 4659 1257 4710 obscura
1283 4669 1394 4727 propter
1420 4667 1536 4711 πιαιιιακι

173 4742 214 4796 ὑπ’
235 4745 307 4814 ἀέρος
325 4747 464 4818 ἐγκεφάλου
475 4766 503 4800 τι
516 4748 559 4800 καὶ
572 4746 676 4815 αἵματος
694 4747 768 4816 μέχρι
781 4746 828 4815 ψυ-
880 4745 1081 4799 similitudinem
1116 4746 1328 4811 conspicientem
1364 4756 1394 4799 al
1428 4746 1535 4798 τ’νισίοει

173 4833 222 4900 χῆς
243 4830 342 4902 πληγὴν
367 4833 537 4905 διαδιδομένην
561 4834 574 4898 ll
602 4834 633 4888 15
661 4833 710 4886 ἀπδ
736 4832 829 4904 ταύτης
880 4836 943 4902 ipae
955 4843 1157 4902 ρααερπαοαιιισ
1167 4835 1204 4902 fil
1222 4833 1345 4896 οδισανίι,
1367 4850 1440 4901 aqua
1459 4833 1534 4885 αίαιία

173 4921 229 4970 PF:
254 4918 302 4972 ύπὸ
325 4922 418 4992 ταύτης
440 4927 517 4977 Plato
536 4926 552 4974 l.
573 4941 594 4973 c.
616 4920 629 4988 Η
652 4922 683 4974 17
702 4921 770 4990 παρὰ
792 4924 826 4973 P:
881 4921 961 4972 clurle
981 4923 1066 4990 aptior
1086 4922 1165 4973 υίευε.
1184 4924 1215 4972 cf.
1234 4924 1294 4973 Αδι.
1313 4923 1386 4973 Plac.
1407 4923 1448 4973 lv
1470 4919 1532 4973 19ι
