3464 5586
182 273 244 336 120
297 278 337 326 IX
364 276 412 325 DE
433 275 688 326 THEOPHRASTI
708 276 915 325 OPINIONUM
937 276 1036 327 APUD
1056 276 1271 325 CICERONEM
1290 274 1469 327 vnsuluus

179 443 279 509 nimIa
300 450 448 510 vetustae
472 443 698 528 philosophiae
722 443 914 526 ignorantia.
942 442 1017 508 inde
1040 461 1159 525 gruem
1185 445 1343 511 vacillans
1370 451 1402 510 et
1423 444 1541 511 anxius

180 553 216 610 ut
242 565 359 611 caecus
385 545 528 629 sequitur
544 552 588 610 ¹et
613 566 680 611 non
704 565 880 629 numquam
906 545 941 610 fit
972 552 1008 609 ut
1034 545 1159 626 graeds
1185 547 1323 613 conlatis
1349 547 1440 612 velut
1467 546 1539 613 faoe
1589 598 1597 605 .

179 649 280 713 nimia
309 649 466 714 sermonis
500 648 679 714 obscuritas
710 668 749 714 ac
777 648 973 732 compressio
997 647 1165 714 clarescat.
1197 650 1286 715 velut
1314 649 1542 733 Xenophanen

181 750 256 816 audi
272 752 438 836 Ξενοφάνης
460 752 492 815 ἓν
513 753 546 815 τὸ
569 757 625 815 πᾶν
649 753 848 838 ἀμετάβλητον
871 754 919 815 καὶ
943 752 1012 814 θεὸν
1031 749 1102 813 εἶναι
1118 756 1204 815 τοῦτο
1220 752 1356 834 ἀγένητον
1380 752 1428 815 καὶ
1449 752 1540 818 ἀίδιον

182 857 364 939 σφαιροειδῆ.
391 853 606 919 contractiora
633 861 707 920 sunt
734 872 853 936 graeca
878 861 914 918 ut
936 854 1041 919 solent
1067 854 1130 939 illi,
1160 855 1218 921 sed
1245 874 1329 937 quae
1351 875 1449 938 snpra
1470 876 1543 939 pro-

182 957 275 1041 posui
303 956 406 1021 latina
432 954 530 1021 etiam
556 955 697 1022 horrida.
742 955 971 1039 quaerentibus
992 976 1070 1021 vero
1093 976 1244 1040 graecum
1267 958 1433 1040 exemplar
1455 958 1542 1024 unde

183 1059 295 1125 Cicero
320 1059 402 1145 (sive
425 1059 532 1141 potius
548 1079 642 1141 quem
658 1057 806 1124 adhibuit
821 1056 1048 1142 Academicus)
1072 1057 1335 1142 philosophorum
1359 1061 1542 1143 catalogum

182 1162 389 1246 excerpserit,
413 1160 652 1227 observandum
675 1168 724 1226 est
748 1180 814 1224 non
837 1160 921 1224 ultra
944 1161 1112 1225 Platonem
1138 1161 1324 1244 opinionum
1347 1161 1542 1229 discordiam

182 1264 346 1348 explicari.
378 1283 452 1327 nam
477 1263 656 1328 Stoicorum
679 1262 800 1328 mentio
824 1265 844 1343 ξ
869 1265 930 1327 119
954 1270 1026 1347 post
1049 1262 1323 1346 intercapedinem
1345 1263 1432 1331 facta
1453 1266 1543 1332 item·

182 1388 244 1451 que
271 1366 453 1432 Aristotelis
482 1373 515 1431 et
537 1366 697 1431 Stratonis
719 1386 746 1430 c.
763 1368 805 1431 38
832 1365 936 1431 forma
963 1365 1035 1449 ipsa
1064 1372 1096 1431 et
1118 1366 1226 1449 speeie
1248 1367 1388 1432 alienam
1411 1387 1449 1433 ac
1472 1390 1544 1452 pro-

182 1471 305 1554 piorem
329 1467 486 1550 originem
510 1469 659 1551 prodnnt.
684 1469 853 1534 Platonem
877 1466 973 1550 igitur
996 1474 1143 1534 tenemus
1165 1468 1374 1534 novissimum
1396 1469 1545 1555 physico-

183 1595 251 1638 rum
275 1572 476 1652 eundemque
499 1569 781 1654 Theophrastei
805 1570 912 1654 operis
935 1570 1090 1634 ultimum.
1126 1571 1190 1635 iarn
1212 1571 1381 1637 visleamus
1404 1571 1542 1654 singula.

268 1672 447 1738 Thaletis
470 1672 634 1738 ‹lenieturn
651 1672 790 1739 brevius.
823 1672 1108 1740 Anaximander
1123 1674 1337 1740 conserendus
1352 1694 1423 1739 oum
1439 1674 1544 1740 Theo-

183 1779 306 1862 phrast.
330 1777 404 1841 fn?
428 1778 504 1858 λέγει
527 1773 551 1838 δ’
579 1775 669 1860 αὐτὴν
688 1776 838 1860 ...φύσιν
860 1775 977 1858 ἄπειρον
1000 1775 1030 1845 ἐξ
1052 1777 1087 1860 ἧς
1110 1777 1238 1848 ἅπαντας
1260 1779 1389 1860 γίνεσθαι
1410 1779 1477 1848 τοὺς
1499 1778 1545 1841 οὐ·

185 1883 286 1966 ρανοὺς
300 1882 348 1943 κοιλ
364 1880 430 1948 τοὺς
445 1878 475 1941 ἐν
491 1878 589 1948 αὐτοῖς
604 1878 759 1960 κόσμους.1
794 1877 1043 1942 Anaximenis
1059 1878 1167 1961 opinio
1184 1879 1354 1945 Tullianae
1369 1879 1545 1945 consimilis

183 1983 341 2068 reperItui·
373 1981 493 2046 ibidem
520 1980 749 2064 Ἀναξιμένης
852 1983 903 2065 τὴν
926 1983 1117 2065 ὑποκειμένην
1140 1983 1223 2067 φύσιν
1246 1983 1294 2045 καὶ
1317 1981 1434 2066 ἄπειρόν
1457 2004 1545 2067 φησιν

185 2129 193 2145 .
217 2129 224 2144 .
249 2129 256 2143 .
283 2085 336 2147 οὔκ
366 2085 498 2168 ἀόριστον
525 2084 558 2146 δὲ
589 2085 687 2167 ὥσπερ
714 2085 837 2160 ἐκεῖνος,
865 2085 940 2147 ἀλλὰ
963 2085 1125 2169 ὡρισμένην
1149 2085 1221 2169 ἀέρα
1243 2085 1335 2167 λέγων
1358 2084 1448 2168 αὐτήν
1473 2129 1481 2143 .
1505 2129 1513 2144 .
1537 2129 1545 2144 .

184 2189 377 2269 πυκνούμενον
401 2189 433 2249 δὲ
455 2186 560 2268 ἄνεμον
584 2184 645 2247 εἶτα
668 2185 753 2270 νέφος
776 2185 817 2249 ἔτι
845 2188 877 2249 δὲ
900 2190 1008 2268 μᾶλλον
1033 2190 1110 2273 ὕδωρ
1133 2188 1195 2251 εἶτα
1217 2193 1270 2272 γῆν
1293 2187 1354 2251 εἶτα
1377 2189 1487 2259 λίθους,
1509 2190 1545 2253 τὰ

184 2293 216 2354 δὲ
239 2290 313 2352 ἅλλα
335 2291 368 2353 ἐκ
391 2290 510 2352 τούτων.
545 2287 620 2352 hinc
647 2308 731 2370 quae
760 2289 872 2354 Cicero
900 2289 1034 2373 opponit
1063 2290 1258 2355 infinitum
1282 2309 1360 2355 aera
1390 2298 1422 2356 et
1444 2291 1546 2356 deii-

184 2392 266 2457 nita
287 2411 370 2474 quae
391 2391 467 2456 inde
491 2390 634 2455 oriuntur
658 2390 742 2455 male
764 2390 930 2457 intellecta
944 2392 1046 2457 videri
1062 2393 1197 2477 possint,
1219 2412 1331 2457 verum
1354 2395 1451 2477 paulo
1475 2415 1547 2477 pro

184 2497 256 2581 pins
278 2493 404 2559 accedit
427 2490 615 2579 [Plutarchi]
638 2492 755 2557 Strom.
780 2495 799 2557 3
822 2499 922 2558 τοῦτον
945 2495 1082 2582 εἶναιτῷ
1106 2498 1158 2578 μὲν
1186 2497 1303 2578 μεγέθει
1325 2494 1460 2580 ἄπειρον,
1483 2502 1546 2566 ταῖς

185 2601 218 2661 δὲ
240 2599 303 2681 περὶ
326 2597 413 2661 αὐτὸν
435 2598 584 2680 ποιότησιν
609 2595 778 2681 ὡρισμένον.
811 2595 921 2678 itaque
946 2617 965 2661 e
990 2598 1151 2662 contrario
1172 2597 1415 2681 Simplicianum
1439 2617 1547 2663 excer-

184 2707 274 2785 ptum
298 2701 402 2765 minus
424 2705 588 2782 accurate,
617 2716 810 2782 quamquam
845 2719 910 2763 non
944 2698 1026 2765 salso
1056 2699 1262 2783 compilatum
1298 2705 1356 2765 est.
1402 2701 1459 2764 sed
1483 2708 1547 2764 tur·

185 2805 267 2889 piter
300 2803 419 2869 labitur
456 2804 631 2887 interpres,
661 2822 733 2866 curn
764 2801 964 2885 ὁμοιομερείας
992 2803 1204 2884 Arroaoporco
1229 2806 1403 2883 particulos
1430 2806 1547 2866 similes

185 2912 264 2971 inter
297 2929 330 2969 sc
363 2907 477 2987 vertit,
510 2905 571 2970 nisi
604 2903 807 2969 emendando
836 2924 1022 2971 succurrere
1044 2903 1219 2970 volucria’
1263 2905 1350 2988 quod
1372 2906 1463 2971 addit
1485 2909 1552 2968 ντί--

185 3021 277 3073 reulus
307 3009 533 3093 explicandum
561 3013 611 3073 esi
639 3026 679 3071 ex
710 3005 856 3087 Diogene
883 3007 956 3071 118
989 3009 1022 3070 ἐκ
1049 3013 1108 3071 τῶν
1137 3011 1318 3091 ὁμοιομερῶν
1348 3014 1457 3092 μικρῶν
1492 3031 1546 3073 sou

186 3116 284 3196 μάτων
308 3114 340 3175 τὸ
364 3117 420 3175 πᾶν
444 3113 649 3195 συγκεκρίσθαι
672 3109 711 3174 cf.
734 3107 818 3173 infra
833 3108 1150 3192 Theophrasteorum
1174 3116 1365 3192 conspectus
1381 3111 1410 3174 3.
1441 3130 1547 3192 neque

185 3213 303 3279 recl-ins
334 3212 384 3277 hio
412 3214 611 3279 dubitavisse
638 3211 777 3277 arbitror
803 3210 962 3274 Zellerum
985 3210 1020 3274 l⁴
1043 3212 1140 3294 884¹,
1169 3232 1264 3294 quam
1293 3212 1335 3277 de
1360 3223 1458 3275 marato
1493 3215 1546 3275 di-

186 3321 270 3392 otae,
293 3335 357 3397 qua
379 3336 431 3381 res
454 3316 608 3382 contrusae
631 3315 869 3379 adducerentur
890 3313 923 3376 in
951 3313 1105 3378 ordinem.
1130 3315 1161 3379 in
1186 3314 1300 3380 eodem
1324 3320 1412 3378 certe
1439 3334 1548 3379 errore

186 3426 235 3485 est
257 3418 369 3483 nerins
391 3420 406 3482 l
431 3422 447 3483 7
476 3430 506 3481 15
538 3420 592 3503 qni
614 3423 680 3482 νοῦν
703 3418 880 3499 κοσμοποιὸν
913 3418 961 3479 τὸν
997 3418 1065 3480 {teon
1100 3417 1270 3499 adgnoscit
1303 3423 1336 3481 et
1369 3417 1547 3499 Epicureus

188 3520 331 3604 quisquis
365 3528 414 3586 est
446 3523 533 3605 apud
566 3521 703 3586 eundem
733 3519 836 3583 175.
882 3519 939 3584 sed
968 3520 1009 3585 de
1042 3520 1223 3584 lonicorum
1258 3519 1424 3600 theologia
1451 3517 1545 3584 infra

185 3622 428 3705 Xenophane
439 3646 544 3690 orum
562 3623 806 3707 Theophrastus
821 3629 933 3686 auctor
949 3629 1075 3688 constat
1091 3643 1131 3688 ex
1148 3622 1194 3686 eis
1211 3641 1295 3704 (puae
1310 3642 1409 3705 supra
1423 3642 1454 3705 p.
1470 3622 1546 3687 111³

185 3731 218 3789 et
243 3724 325 3788 112²
348 3725 514 3811 aclsoripsi.
545 3724 716 3810 splendida
738 3731 787 3789 est
810 3725 980 3790 consensio
1002 3725 1037 3788 in
1060 3725 1301 3807 Parmenide,
1323 3745 1393 3790 oum
1417 3726 1548 3809 Peripa·

185 3827 283 3892 letica
299 3826 457 3911 principia
473 3830 566 3894 simul
583 3833 764 3913 appareant
787 3827 827 3891 cs.
843 3826 880 3891 fr.
894 3829 914 3890 6
930 3829 1041 3910 [snpra
1056 3848 1087 3911 p.
1102 3826 1175 3913 113]
1191 3830 1242 3891 δύο
1264 3834 1356 3891 ποιῶν
1378 3828 1429 3898 τὰς
1452 3830 1546 3913 ἀρχὰς

185 3936 241 4015 πῦρ
257 3932 303 3992 καὶ
320 3936 383 4014 γῆν,
406 3933 466 4015 τὴν
490 3934 550 4015 μὲν
571 3937 615 4001 ὡς
639 3932 738 4013 ὕλην,
761 3932 798 3992 τὸ
822 3931 850 3993 δ’
874 3935 919 3999 ὡς
942 3930 1057 3993 αἴτιον
1081 3933 1137 3993 καὶ
1160 3936 1297 3994 ποιοῦν.
1321 3930 1360 3995 cf.
1380 3931 1546 3996 Karstenii

184 4034 289 4097 Parm.
314 4055 345 4117 p.
367 4035 429 4098 225
449 4033 482 4098 ¹².
516 4055 587 4099 curn
615 4031 815 4115 Leucippo
847 4033 1076 4098 conserendum
1110 4033 1146 4098 fr.
1171 4035 1207 4117 8,
1240 4033 1294 4097 nbi
1324 4041 1463 4116 cognata
1497 4042 1547 4099 est

184 4135 267 4199 ratio
290 4157 354 4217 qua
376 4137 462 4220 apud
487 4137 746 4220 Theophrastum
767 4135 971 4201 Democritus
998 4135 1179 4199 adnectitur
1205 4137 1413 4219 παραπλησίως
1443 4139 1546 4200 δὲκαὶ

184 4242 199 4301 ὁ
223 4240 334 4323 ἑταῖρος
363 4240 452 4303 αὐτοῦ
476 4241 654 4324 Δημόκριτος
682 4242 776 4326 ἀρχὰς
800 4240 885 4304 έλλετο
908 4241 940 4302 τὸ
964 4243 1071 4323 πλῆρες
1094 4239 1141 4302 καὶ
1164 4241 1196 4302 τὸ
1224 4241 1305 4303 κενόν
1333 4259 1404 4303 cunr
1428 4239 1547 4303 Tullia-

182 4340 232 4404 nis
260 4343 453 4404 Democritus
474 4346 546 4406 boio
567 4346 599 4406 in
621 4345 679 4405 boo
700 4345 820 4406 siradio.
859 4342 945 4425 quod
968 4361 1010 4406 ne
1031 4340 1196 4405 fortuitum
1219 4347 1313 4424 putes
1336 4339 1446 4406 confer
1469 4341 1546 4426 Hip-

182 4463 217 4468 ———
249 4465 268 4470 ...
278 4466 314 4471 .-.
327 4467 331 4471 .
346 4466 583 4475 ---.-.--.—.-—

255 4512 263 4541 ¹
282 4517 398 4564 similiter
410 4517 553 4580 Hippolyti,
573 4520 703 4569 Plutarchi
720 4517 815 4567 Strom.
834 4525 961 4581 excerpta.
988 4518 1078 4565 esteris
1093 4517 1200 4564 similior
1218 4523 1245 4564 ut
1258 4516 1361 4565 brevior
1374 4518 1466 4566 Aetius
1479 4518 1492 4565 I
1506 4514 1548 4567 3³

181 4595 415 4667 Ἀναξίμανδρος
435 4598 573 4669 Πραξιάδου
593 4600 714 4671 Μιλήσιός
732 4616 793 4670 φησι
811 4607 862 4651 τῶν
881 4600 960 4653 ὄντων
983 4600 1063 4668 ἀργὴν
1082 4599 1189 4652 εἶναιτὸ
1208 4601 1315 4670 ἄπειρον.
1343 4601 1373 4653 ἐκ
1392 4602 1437 4670 γὰρ
1456 4600 1545 4653 τουτου

183 4688 261 4737 πάντα
280 4684 403 4753 γίγνεσθαι
422 4690 464 4740 καὶ
483 4689 517 4746 εἰς
534 4693 608 4742 τοῦτο
627 4693 706 4741 πάντα
726 4686 876 4757 φθείρεσθαι.
900 4694 930 4742 os.
951 4692 1017 4740 infra
1035 4698 1164 4754 corispcot.
1181 4691 1202 4740 l.

252 4773 262 4803 ’τ’
281 4777 389 4824 conlatis
404 4778 522 4841 Anaxag.
536 4780 565 4827 fr.
580 4780 595 4831 6
609 4776 679 4828 οὐδὲν
692 4776 812 4828 ἐοικότων
825 4786 850 4828 et
863 4781 1009 4844 Augustino
1023 4777 1104 4839 [civit.
1119 4780 1185 4827 VIII
1198 4775 1213 4826 P
1227 4780 1263 4827 de
1276 4782 1448 4843 particulis
1461 4781 1546 4829 inter

182 4879 213 4913 se
232 4864 446 4913 dlssimIlibns
465 4881 602 4930 corpora
620 4864 811 4928 dissImilia]
830 4867 1006 4916 dissimiles
1025 4868 1158 4914 restituere
1177 4868 1268 4916 suadet
1286 4868 1369 4916 'heller
1388 4862 1417 4914 1⁴
1435 4864 1513 4919 880¹.
