3464 5586
182 326 243 388 112
401 326 466 374 vm
502 322 548 372 nn
567 320 817 374 nnnornnnsnr
837 321 1067 372 rnvsrconuu
1082 321 1308 372 orrrronrnus

180 514 276 578 quam
300 493 431 559 diversa
452 494 494 559 sit
514 492 679 576 utriusque
708 493 741 556 in
769 499 958 575 argumento
989 492 1086 557 simili
1114 492 1210 573 ratio,
1244 500 1390 577 apparet.
1428 506 1541 566 contra

180 617 251 661 cum
280 595 575 660 Pseudaristotelea
603 601 727 659 tantum
753 613 818 659 non
846 592 889 658 ad
916 593 1050 658 verbum
1077 613 1148 658 cum
1170 595 1337 679 Simplicio
1359 599 1540 678 concinant,

179 701 286 765 nullus
309 697 420 763 dubito
442 697 560 763 Zelleri
581 698 646 762 iam
672 697 853 763 accuratius
880 695 1036 781 probatae
1068 696 1212 780 opinioni
1241 697 1457 784 subscribere,
1487 703 1541 784 qui

179 801 401 886 Theophrasto
428 798 537 864 relicto
565 799 662 864 tacito
685 799 814 864 nomine
836 799 893 864 illa
915 797 1090 882 compilata
1113 818 1187 864 esse
1209 801 1328 884 posuit.

266 901 332 968 Sed
353 900 495 965 nondum
518 900 755 966 dubitationum
777 907 913 986 apparet
934 900 1016 967 finis.
1039 902 1125 968 unde
1146 901 1276 968 tandem
1299 909 1442 971 extrema
1465 906 1540 975 snb

181 1006 315 1072 affluunt
330 1006 406 1068 ὥστε
420 1006 468 1067 καὶ
481 1005 548 1068 ὅταν
561 1005 591 1067 ἐν
602 1004 700 1089 ταύτῷ
714 1005 807 1086 μένειν
818 1005 890 1089 λέγῃ
903 1042 943 1051 -
955 1005 1123 1090 apcbciver?
1145 1005 1245 1089 quid?
1267 1005 1464 1091 Simplicium
1476 1030 1542 1075 nou

180 1110 284 1174 solum
299 1107 577 1172 ratiocinationem
600 1105 659 1170 sed
675 1107 770 1171 etiam
785 1127 897 1172 versus
912 1108 1016 1191 ipsum
1031 1108 1180 1190 largitum
1196 1107 1387 1175 credamus?
1407 1112 1542 1179 innuere

182 1208 620 1279 videturznlerus1⁴474³
635 1208 737 1292 (476).
771 1209 856 1273 absit
870 1218 905 1274 ut
920 1209 1084 1294 Simplicio
1107 1212 1292 1294 insperatae
1314 1232 1372 1295 pro
1394 1217 1544 1298 tempori·

181 1315 241 1380 bus
263 1320 295 1380 et
310 1311 500 1379 eruditionis
524 1317 556 1375 et
570 1310 758 1393 diligentiae
772 1310 902 1377 laudem
917 1310 1089 1377 invideam.
1112 1320 1146 1376 at
1160 1312 1394 1397 Xenophanem
1416 1336 1482 1381 non
1497 1317 1543 1382 in·

181 1418 296 1503 spexit.
329 1413 408 1498 quid
429 1414 514 1480 enim
536 1412 579 1478 ad
602 1412 857 1497 Theophrastum
872 1422 1028 1498 provocat
1043 1414 1261 1481 Alexandrum
1281 1415 1476 1483 refutaturus
1490 1421 1542 1485 cui

181 1520 287 1586 aditus
310 1518 370 1582 luit
384 1516 428 1581 ad
443 1516 546 1600 ipsum
561 1515 818 1600 Xenophanem?
838 1515 1020 1583 memineris
1034 1519 1131 1583 velim
1146 1537 1210 1600 quo
1226 1517 1346 1600 gaudio
1362 1519 1542 1602 Diogenem

182 1620 410 1706 Apolloniaten
425 1618 448 1683 f.
463 1619 504 1683 32
513 1627 527 1655 '
542 1620 585 1684 40
599 1619 814 1684 Parmeniden
830 1619 852 1683 l.
868 1620 930 1684 31ῐ
952 1619 995 1684 48
1010 1620 1093 1686 alios
1109 1627 1221 1686 contra
1235 1620 1338 1686 falsos
1352 1622 1542 1708 interpretes

182 1723 372 1791 obtenderit
394 1740 435 1785 ne
450 1719 551 1784 multa
565 1721 636 1805 ipse
658 1742 693 1787 se
716 1722 835 1787 frustra
856 1721 1091 1805 Xenophanem
1114 1723 1313 1805 quaesivisse
1335 1730 1468 1790 testatur
1489 1724 1543 1812 [de

183 1828 271 1894 caclo
296 1848 327 1910 p.
340 1825 420 1891 2331‘
438 1822 527 1889 23Κ.
549 1824 630 1890 506·
650 1824 694 1890 40
705 1824 773 1905 Bra]
789 1825 884 1907 ἀγνοῶ
900 1825 933 1887 δὲ
947 1825 1006 1906 ἐγὼ
1020 1830 1081 1894 τοῖς
1100 1825 1280 1910 Ξενοφάνους
1300 1824 1383 1890 ἔπεσι
1401 1833 1462 1897 τοῖς
1477 1831 1541 1914 περὶ

182 1932 283 1995 τούτου
299 1931 341 2014 μὴ
357 1930 486 2013 ἐντυχὼν
501 1927 621 2010 πότερον
636 1930 670 1990 τὸ
685 1928 765 1990 κάτω
780 1931 833 2010 τῆς
847 1931 900 2011 γῆς
916 1927 1001 2011 μέρος
1016 1927 1133 2012 ἄπειρον
1155 1928 1247 2011 λέγων
1269 1929 1318 1992 διὰ
1339 1934 1424 1993 τοῦτο
1448 1931 1542 2012 μένειν

182 2035 272 2119 αὐτήν
283 2053 380 2118 φησιν.
396 2029 405 2061 ¹
440 2035 472 2095 et
486 2027 547 2093 fnit
561 2026 642 2093 liber
656 2028 818 2094 veteribus
832 2028 1036 2113 paucissimis
1051 2032 1140 2095 visus
1157 2030 1197 2096 cs.
1213 2031 1378 2096 Karstenii
1392 2032 1542 2118 Xenoph.

182 2158 214 2221 p.
230 2136 280 2203 26.
308 2134 382 2198 binc
403 2130 574 2215 apparebit
595 2149 657 2212 quo
681 2132 749 2196 inre
772 2137 916 2197 extrema
934 2151 1062 2213 quoque
1076 2131 1298 2216 Theophrasto
1314 2132 1543 2220 adscripserim

183 2236 291 2299 omnia
319 2239 448 2317 praeter
473 2231 599 2297 Nicolai
631 2232 822 2298 sententiam
848 2233 993 2303 Νικόλαος
1014 2270 1056 2280 ·
1077 2235 1309 2318 ἀπομνημονεύει
1333 2242 1365 2300 et
1386 2235 1543 2321 Simplicii

183 2336 282 2403 verba
309 2334 368 2399 ἀλλ’
401 2336 445 2399 ὅτι
467 2370 510 2380 -
531 2337 629 2418 δῆλον.
664 2355 739 2400 nam
766 2355 850 2417 quae
877 2335 1064 2402 Alexandro
1094 2337 1243 2403 tribuitur
1269 2338 1431 2404 sententia
1457 2363 1543 2403 πεπε-

184 2440 324 2526 ρασμένον
346 2438 418 2502 αὐτὸ
441 2439 489 2501 καὶ
512 2437 691 2522 σφαιροειδές
713 2456 790 2503 vere
805 2437 1033 2522 Xenophanes
1055 2458 1128 2503 csse
1143 2440 1280 2506 videtur.
1315 2439 1424 2522 utiquc
1440 2441 1544 2507 Theo·

183 2543 335 2627 phrastus
354 2540 434 2605 talia
448 2536 626 2605 narravit*
647 2538 722 2603 nolo
744 2539 888 2620 argutari
912 2560 976 2621 qua
999 2541 1126 2606 ratione
1147 2542 1228 2608 baec
1250 2562 1322 2607 cum
1344 2542 1452 2626 priore
1474 2564 1545 2609 sen·

183 2645 284 2711 tentia
296 2643 471 2710 secundum
482 2641 707 2726 metaphysica
719 2641 920 2707 conformata
931 2642 1162 2728 conciliaverit,
1182 2651 1288 2709 utrum
1298 2643 1544 2727 ambiguitatem

182 2749 271 2813 illam
299 2746 409 2812 allatis
430 2744 645 2828 Xenophanis
674 2743 821 2810 versibus
848 2743 1119 2810 demonstraverit
1146 2766 1190 2810 an
1219 2747 1285 2812 alia
1310 2747 1344 2811 in
1370 2747 1478 2830 capite
1500 2746 1542 2813 de

183 2849 341 2934 principio
364 2848 430 2914 alia
450 2847 484 2912 in
507 2867 534 2912 c.
556 2848 598 2913 de
620 2848 682 2914 deo
705 2845 860 2912 attulerit.

268 2954 311 3018 At
336 2950 463 3034 inquies
489 2951 617 3032 qualem
644 2957 679 3016 tu
710 2947 803 3030 fingis
830 2947 1053 3032 Simplicium?
1084 2950 1190 3016 istane
1220 2951 1326 3017 credis
1359 2950 1460 3018 fuisse
1489 2952 1543 3018 vel

183 3054 329 3120 amentia
351 3055 404 3121 vel
427 3051 629 3136 impudentia
650 3056 685 3115 ut
706 3069 790 3133 quae
816 3049 850 3114 in
872 3049 1097 3135 Theophrasto
1124 3054 1250 3137 legerat
1277 3060 1309 3120 et
1336 3060 1545 3137 excerpserat

185 3163 300 3221 contra
321 3155 542 3221 Alexandrum
572 3152 744 3218 vaferrime
765 3151 1005 3219 dissimularet?
1034 3161 1121 3220 recte
1144 3176 1266 3241 mones,
1288 3176 1349 3222 nec
1370 3162 1480 3221 tamen
1500 3155 1544 3221 ab

184 3258 338 3341 opinione
352 3275 426 3321 mea
441 3254 568 3321 recedo.
601 3255 678 3318 nolo
693 3253 736 3318 ad
751 3254 951 3337 exemplaria
965 3255 1070 3319 minus
1086 3256 1213 3340 integra
1228 3258 1411 3340 confugere,
1434 3255 1545 3339 qualia

183 3380 248 3424 non
271 3359 372 3424 semel
387 3356 588 3441 Simplicium
604 3354 845 3422 confundebant
860 3356 880 3421 ⁸.
913 3364 949 3421 at
967 3356 1039 3439 quis
1053 3357 1193 3440 spondet
1207 3359 1466 3444 Theophrastum
1482 3357 1544 3423 hoc

185 3463 254 3527 loco
277 3461 457 3544 inspectum
482 3478 554 3525 esse
576 3458 618 3524 ab
641 3457 838 3542 interprete?
871 3457 994 3525 scilicet
1015 3466 1216 3545 accuratum,
1240 3461 1436 3544 quinetiam
1460 3460 1541 3544 puti-

184 3564 306 3629 diorem
329 3562 478 3628 novimus
502 3561 717 3646 Simplicium,
743 3561 814 3644 ipse
836 3560 863 3626 si
886 3567 986 3628 testes
1008 3563 1096 3628 citat.
1140 3562 1205 3627 iam
1228 3562 1399 3630 recordare
1421 3568 1545 3644 quanta

185 3665 334 3731 molestia
356 3664 465 3729 omnia
487 3662 568 3729 baec
589 3684 676 3730 nexa
698 3664 772 3729 sint.
816 3684 921 3748 neque
947 3664 1028 3730 illud
1056 3663 1145 3748 prius
1166 3684 1232 3729 non
1255 3671 1305 3729 est
1326 3664 1545 3730 observatum.

184 3775 277 3835 taceo
300 3768 342 3833 de
363 3765 428 3832 illis
451 3769 601 3850 ὁμολογῶν
619 3764 761 3849 -δόξης
783 3764 965 3851 importune
986 3766 1126 3851 insertis,
1149 3766 1191 3831 de
1214 3765 1361 3832 oratione
1383 3766 1490 3832 subito
1511 3767 1545 3830 in

184 3872 339 3936 directam
366 3869 452 3936 flexa
474 3871 507 3932 τὸ
529 3869 584 3953 γὰρ
613 3869 643 3932 ἓν
669 3873 754 3932 τοῦτο
781 3872 842 3933 κτλ.
876 3869 934 3936 sed
961 3869 1016 3934 vix
1042 3867 1177 3934 ferenda
1203 3874 1277 3933 sunt
1303 3875 1462 3952 extrema,
1489 3867 1546 3933 ubi

185 3972 362 4039 Alexandri
389 3971 490 4037 verba
517 3971 791 4053 interrumpuntur
817 3971 919 4056 ipsius
945 3969 1149 4036 refutatione.
1194 3990 1289 4053 porro
1319 3970 1377 4036 sub
1399 3971 1492 4054 λέγει,
1518 3969 1546 4034 si

186 4075 429 4160 Simplicianam
451 4072 609 4138 rationem
632 4071 778 4154 sequeris
792 4074 974 4140 audiendus
997 4080 1046 4139 est
1061 4072 1258 4156 Alexander,
1281 4072 1427 4155 proximo
1451 4090 1547 4137 versu

185 4180 272 4263 φησίν
299 4185 349 4244 est
374 4174 597 4259 Xenophanis
646 4174 710 4240 hae
738 4174 852 4241 turbae
884 4176 928 4241 ad
953 4174 1174 4240 Alexandrum
1207 4173 1341 4258 digitum
1367 4173 1546 4239 intendunt.

258 4386 264 4415 ¹
285 4387 357 4436 Xern
375 4384 531 4436 Untersucb.
550 4400 575 4449 p.
589 4378 622 4435 6²
640 4385 734 4433 iniuria
752 4384 860 4434 dubitat.
886 4385 938 4439 τοῖς
956 4381 1011 4450 περὶ
1028 4377 1118 4432 τούτου
1137 4383 1192 4432 noli
1210 4397 1335 4447 premere.

258 4469 268 4500 ²
287 4473 317 4521 cl.
336 4473 442 4536 Hippoi.
461 4473 478 4521 l.
498 4487 519 4522 c.
538 4470 599 4540 φησὶ
617 4467 643 4521 δὲ
662 4469 705 4521 καὶ
723 4468 766 4521 τὸν
783 4466 841 4521 θοὸν
859 4468 919 4522 εἶναι
937 4466 1014 4520 ἀίδιον
1032 4468 1076 4519 καὶ
1095 4465 1137 4517 ἕνα
1155 4467 1198 4519 καὶ
1211 4465 1296 4534 ὅμοιον
1314 4467 1394 4535 πάντη
1413 4466 1456 4517 καὶ
1474 4482 1549 4517 πεπε-

187 4557 308 4627 ρασμένον
326 4557 370 4609 aul
388 4555 539 4627 σφαιροειδῆ.
577 4559 631 4609 Cic.
650 4559 750 4609 Lucull.
769 4557 802 4608 37
823 4567 857 4604 118
875 4567 901 4607 et
917 4557 1012 4609 Sextus
1031 4572 1089 4605 cum
1107 4556 1209 4607 Gelono
1228 4558 1245 4608 l.
1265 4572 1286 4606 c.
1306 4573 1331 4619 p.
1353 4553 1431 4605 111³.

258 4646 268 4677 ³
286 4646 402 4711 Simpllc.
420 4647 493 4712 phys.
511 4644 588 4698 teor
610 4644 639 4695 ll
667 4640 730 4694 ἀλλὰ
752 4643 784 4694 τὰ
807 4644 851 4711 μὶν
869 4643 903 4700 εἰς
922 4642 966 4710 ἐμὲ
985 4637 1089 4694 ἐλθόντα
1109 4638 1191 4708 βιβλία
1208 4639 1408 4705 [Anaxagorae]
1426 4642 1502 4690 τοῦτο
1520 4637 1550 4690 τὸ

187 4731 307 4802 clericus
325 4730 372 4783 cira
391 4730 443 4801 ἔχει
460 4729 545 4800 ὥσπερ
568 4729 624 4783 citt
641 4728 671 4781 ri
689 4728 771 4799 ἶτιρον
792 4729 805 4781 d
822 4727 945 4799 παρέθετο
964 4726 977 4780 ὁ
995 4725 1158 4796 Ἀλέξανδρος
1176 4727 1234 4796 ἔχον
1253 4724 1342 4784 οὕτως.
1370 4729 1387 4778 f.
1406 4726 1457 4779 ⁸29¹
1472 4726 1504 4779 13
1523 4726 1549 4778 ts

185 4824 245 4888 γοῦν
262 4825 299 4888 τῷ
318 4818 412 4888 πρώτῳ
430 4825 483 4872 τῶν
496 4815 615 4870 Φυσικῶν
628 4817 785 4882 [Eudemus]
803 4818 858 4887 περὶ
873 4812 1026 4885 Παρμενίδου
1043 4813 1124 4883 λέγων
1141 4817 1220 4865 ταῦτα
1239 4814 1358 4882 γέγραφεν
1378 4812 1413 4870 ὡς
1431 4810 1549 4873 'Abilam

186 4905 241 4975 δρός
260 4921 341 4975 φησιν.
360 4905 411 4975 ἐγὼ
429 4907 475 4976 γὰρ
493 4905 542 4976 οὺχ
560 4903 630 4974 οὖρον
648 4905 674 4956 tv
691 4909 729 4973 τῷ
748 4899 881 4972 Εὺδημαίῳ
899 4902 946 4971 τὴν
964 4900 1028 4962 λέξιν
1047 4901 1149 4971 rubens.
