3464 5586
184 334 247 400 158
464 337 518 387 XII
553 339 603 389 DE
623 336 831 390 rauranum
849 336 1097 391 STROMATEON
1114 338 1260 390 ECLOGA

184 524 266 571 erse.
311 504 412 569 multa
442 510 517 570 sunt
542 504 638 571 nimis
662 503 856 572 festinanter
879 512 1060 591 contracte,
1087 505 1234 573 delectus
1261 507 1352 572 nulla
1377 511 1467 573 certa
1492 524 1543 572 ra·

183 606 271 672 tione
304 605 478 673 factus-
507 626 613 690 neque
645 607 731 673 enim
762 609 830 674 ulla
860 627 960 674 causa
993 614 1064 674 erat
1088 607 1316 691 Anaxagoram
1344 608 1542 675 Archelaum

182 708 265 775 alios
282 709 455 777 omittendi.
464 746 516 794 -‚
531 709 590 776 sed
607 729 702 775 sucus
715 727 756 774 ao
770 710 901 793 sanguis
920 717 970 778 cst
981 709 1254 796 Theophrasteus,
1269 711 1540 795 quemadmodum

184 810 359 877 memoriae
386 811 543 895 singulari
568 811 714 878 bonitate
739 818 773 878 et
798 812 1013 896 persentiscat
1038 811 1144 896 quivis
1169 818 1202 879 et
1227 819 1403 898 conspectu
1428 819 1541 879 nostro

183 934 214 999 p.
227 915 288 980 133
296 934 365 997 sqq.
381 912 461 980 satis
476 913 796 981 demonstravimus¹
819 921 856 980 ut
869 915 1039 1001 Hippolyti
1055 921 1208 998 excerpta
1222 912 1460 997 Theophrastei
1475 933 1543 981 cor·

185 1017 275 1102 poris
289 1024 392 1083 totum
415 1016 509 1099 quasi
531 1017 641 1084 orbem
662 1023 852 1102 percurrunt
873 1017 1088 1103 excerpendo,
1110 1017 1157 1082 ita
1171 1016 1364 1082 Plutarchus
1385 1015 1419 1081 in
1441 1016 1543 1083 ternis

183 1120 372 1203 plerumque
400 1118 560 1203 capitibus
589 1119 632 1186 de
658 1119 815 1204 principio
841 1120 961 1187 mundo
983 1120 1081 1187 astris
1101 1140 1138 1186 se
1158 1118 1297 1186 cohibet.
1342 1117 1428 1184 unde
1448 1116 1485 1183 tit
1505 1125 1542 1184 ut

186 1222 343 1287 nonnulla
358 1221 540 1287 accuratius
554 1220 597 1287 ab
619 1220 681 1288 hoc
701 1228 871 1288 serventur
890 1224 981 1290 velut
995 1221 1227 1288 Anaximandri
1249 1219 1457 1303 cosmogcnia
1477 1240 1543 1287 me-

183 1323 286 1389 moria
307 1323 505 1407 dignissima.
535 1324 594 1391 sed
615 1323 700 1390 inter
721 1324 878 1391 eiusmodi
900 1325 1063 1409 quantivis
1083 1324 1178 1409 pretii
1201 1342 1345 1406 gemmas
1366 1323 1465 1407 pinne
1486 1321 1543 1387 mi-

183 1425 277 1491 rabili
303 1425 439 1492 consilio
465 1425 573 1492 frivoli
602 1425 644 1492 de
665 1426 804 1511 Epicuro
832 1433 865 1494 et
886 1427 1052 1514 Aristippo
1079 1426 1203 1492 flosculi
1224 1425 1419 1492 inseruntur.
1462 1424 1541 1508 quid

183 1527 315 1594 tandem
335 1527 401 1594 illis
423 1549 496 1595 cum
517 1527 734 1614 Theophrasti
757 1527 993 1614 Opinionibus‘?
1029 1530 1155 1596 aliosne
1176 1527 1390 1614 philosophos
1410 1533 1542 1611 praeter

181 1629 336 1716 physicos
356 1633 559 1717 complexum
580 1637 640 1716 est,
662 1631 749 1714 quod
770 1629 815 1696 ad
836 1652 951 1699 manus
965 1631 1035 1718 iuuit,
1057 1630 1289 1700 enchiridium?
1311 1631 1370 1697 sed
1385 1629 1541 1696 abhorret

183 1732 359 1798 toleratio.
392 1734 551 1818 Epicurus
565 1733 681 1800 dicitur
702 1736 751 1798 τδν
774 1733 839 1819 napi
860 1735 940 1799 θεῶν
961 1738 1050 1820 τῦφον
1072 1734 1228 1819 πειρᾶσθαι
1243 1733 1455 1798 καταστέλλειν.
1484 1752 1542 1798 cur

181 1833 279 1917 igitur
299 1834 512 1918 Xenophanis
533 1836 712 1901 aliorumve
733 1834 775 1902 de
796 1833 868 1902 dcis
891 1835 1059 1920 opiniones
1086 1835 1257 1903 tacentur?
1289 1835 1447 1918 Epicurus
1469 1853 1543 1918 pro·

183 1936 290 2019 posuit
312 1937 356 2001 δτι
377 1936 461 2008 τέλος
481 1942 541 2002 τῶν
562 1938 682 2021 ἀγαθῶν
710 1939 730 2021 ἡ
757 1939 865 2025 ἡδονή,
894 1937 1077 2024 Aristippus
1098 1938 1181 2009 τέλος
1202 1937 1323 2021 ἀγαθῶν
1344 1937 1398 2021 τὴν
1420 1938 1541 2022 ἡδονήν,

182 2043 281 2103 κακῶν
304 2040 337 2102 δὲ
358 2039 412 2122 τὴν
434 2039 590 2122 ἀλγηδόνα.
626 2058 683 2105 our
704 2057 783 2105 vero
805 2039 983 2107 Democriti
1003 2038 1141 2106 moralia
1162 2038 1306 2121 neglexit
1327 2037 1470 2120 itemque
1492 2054 1543 2103 ce·

182 2139 344 2206 tororum?
376 2159 420 2205 ue
447 2142 563 2226 multu,
591 2140 722 2225 Epicuri
748 2142 906 2208 memoria
931 2161 973 2209 ex
998 2141 1124 2226 vulgari
1150 2140 1291 2223 quodam
1321 2137 1543 2223 compendio⁸

182 2240 271 2306 nulla
293 2240 359 2307 alia
382 2260 481 2308 causa
502 2244 654 2327 suppleta
668 2241 798 2309 videtur
812 2261 908 2325 quam
923 2243 1000 2327 quia
1013 2241 1199 2310 Democrito
1214 2239 1453 2307 Democriteum
1468 2239 1544 2324 Epi·

182 2363 293 2408 curum
321 2343 499 2428 adiungere
526 2351 778 2412 consentaneum
804 2352 884 2411 erat.
929 2351 996 2410 tum
1024 2365 1102 2412 vero
1131 2343 1219 2411 edito
1246 2345 1355 2428 ἡδονῆς
1382 2341 1542 2409 vocabulo

182 2444 366 2528 Aristippus
392 2447 485 2528 quasi
513 2447 556 2513 cd
584 2446 798 2532 compositum
824 2446 958 2514 verbum
984 2447 1171 2513 advocatur.
1221 2445 1340 2512 deinde
1367 2445 1410 2510 ad
1438 2444 1543 2511 'Phoc

181 2543 336 2627 phrastea
356 2547 537 2615 revertitur.

265 2646 318 2712 Ad
340 2649 507 2717 Plutarchi
528 2650 730 2717 Stromateas
751 2650 1029 2734 recognoscendos
1046 2647 1282 2717 Gaisiordianis
1305 2647 1469 2715 codicibus
1490 2649 1540 2713 usi

181 2766 300 2814 sumus.
332 2749 366 2814 hi
388 2759 464 2818 sunt

259 2849 288 2915 Δ
331 2844 499 2919 Parisinus
535 2853 611 2919 bibl
633 2853 756 2920 nation.
779 2856 839 2920 tel
876 2854 967 2938 [olim
996 2854 1096 2936 1169,
1129 2859 1244 2937 posteo
1271 2853 1368 2935 3271]
1402 2850 1542 2936 scriptus

181 2968 211 3015 a.
227 2951 290 3017 914
312 2973 334 3019 a
358 2954 560 3039 calligrapho
580 2955 691 3023 Boane
711 2957 745 3022 in
767 2977 859 3023 usum
881 2956 1026 3023 Arethae
1050 2955 1272 3021 Caesariensis
1293 2953 1542 3039 archiepiscopi.

182 3053 324 3121 continet
345 3056 374 3121 V
396 3057 522 3141 priores
542 3058 643 3126 libros

258 3155 288 3221 H
331 3158 475 3225 Venetus
496 3158 781 3248 uictumuias,
804 3161 979 3229 membran.
1002 3180 1028 3225 s.
1045 3159 1103 3224 XI.
1138 3166 1221 3225 cont.
1238 3159 1324 3225 I—-V

260 3257 285 3324 C
329 3259 495 3326 Parisinus
517 3259 593 3327 bibl.
615 3263 738 3329 nation.
753 3265 816 3329 466
838 3261 971 3329 membr.
994 3283 1019 3327 s.
1036 3260 1113 3353 Xlll

259 3359 289 3425 G
331 3360 571 3429 Laurentianus
593 3364 639 3429 VI
659 3365 680 3430 9
702 3364 844 3433 chartac.
866 3363 959 3431 form.
982 3363 1057 3429 mai.
1080 3363 1220 3446 scriptus
1240 3382 1270 3428 a
1288 3364 1371 3429 1344

260 3460 286 3525 P
330 3463 569 3530 Laurentianus
584 3465 664 3531 vlo
685 3484 771 3532 saec.
786 3467 848 3533 XV
869 3465 903 3531 in
927 3464 1146 3531 Medioeorum
1167 3484 1262 3530 usum
1284 3463 1466 3549 descriptus

256 3563 286 3626 D
330 3564 497 3632 Parisinus
518 3566 597 3633 bibl.
618 3574 684 3634 nat.
707 3569 769 3633 461

259 3662 286 3726 Β
330 3666 498 3735 Parisinus
519 3669 550 3736 b.
566 3689 597 3734 n.
608 3670 673 3734 465
695 3689 721 3735 s.
733 3669 815 3734 XIII
832 3667 1054 3752 bombycinus.
1088 3666 1229 3751 epitome
1244 3667 1351 3750 potius
1366 3667 1544 3735 Eusebiani

331 3769 453 3835 codicis
467 3771 674 3837 nominanda.
709 3771 730 3836 1.
748 3771 814 3835 XII
829 3775 917 3835 totus
931 3768 1143 3854 desideratur,
1167 3776 1306 3835 centena
1328 3768 1489 3835 vocabula
1509 3776 1544 3836 et

331 3891 445 3937 versus
467 3873 500 3938 in
522 3872 639 3939 ceteris
662 3873 783 3939 omissa

277 3973 292 4036 l
335 3973 479 4040 Venetus
506 3974 583 4040 bibl.
609 3975 707 4041 Marc.
736 3976 796 4040 341
826 3974 1017 4040 chartaceus
1045 3994 1071 4039 s.
1087 3974 1149 4040 XV
1175 3994 1197 4040 a
1223 3973 1407 4041 Gaisfcrdio
1440 3970 1485 4037 ad
1511 3972 1544 4037 X

331 4075 528 4159 posteriores
560 4076 661 4145 libros
691 4096 752 4143 uec
784 4081 969 4143 constanter
1000 4076 1185 4142 adnotatus.
1229 4095 1270 4143 ex
1298 4078 1314 4143 Ι
1340 4096 1406 4143 non
1439 4076 1545 4141 solum

332 4175 509 4242 Gaisiordii
530 4179 557 4243 E
587 4175 735 4264 [Parisin.
759 4175 851 4265 4681,
880 4178 939 4244 sed
966 4178 1064 4244 etiam
1086 4178 1231 4245 Venetus
1252 4180 1316 4244 342
1342 4175 1545 4245 Bessarionis

330 4277 420 4344 iussu
442 4277 623 4363 descriptum
646 4300 720 4348 esse
742 4278 868 4345 dicitur.

252 4484 260 4515 ¹
280 4489 388 4552 peritum
407 4484 472 4536 haec
490 4487 564 4548 origo
582 4499 634 4535 non
653 4487 738 4548 fallet,
761 4488 807 4536 sed
826 4494 854 4536 ut
872 4501 925 4537 uno
944 4486 1063 4551 exemplo
1081 4495 1141 4552 pate
1164 4489 1212 4539 dat
1235 4488 1315 4538 habes
1332 4486 1377 4550 §4
1401 4486 1433 4535 de
1452 4487 1543 4535 Xeno·

179 4574 272 4637 phanis
291 4575 345 4623 sole
363 4569 518 4640 πυριδίων
535 4571 612 4633 illud,
637 4572 706 4635 quod
724 4588 757 4623 ex
775 4574 926 4638 philosophi
944 4573 1095 4624 versibus
1113 4576 1221 4637 petitum
1240 4589 1296 4625 esse
1315 4589 1368 4625 non
1388 4580 1484 4637 potest,
1510 4573 1544 4622 ab

180 4662 259 4710 Aetio
279 4670 367 4712 autem
387 4658 562 4725 Theophrasti
580 4659 696 4723 Physicis
715 4662 856 4724 perspicuis
875 4661 961 4711 verbis
980 4659 1136 4710 attribuitur.

251 4744 262 4777 ¹
280 4749 310 4797 cl.
330 4747 427 4797 Euseb.
446 4748 477 4797 P.
500 4746 532 4795 E.
551 4741 622 4794 201³
644 4744 667 4795 ci
685 4746 742 4814 περὶ
759 4744 802 4796 τὸν
819 4741 966 4815 Ἐπίκουρον
984 4743 1015 4794 is
1033 4746 1079 4812 τῆς
1095 4741 1252 4813 Ἀριστίππου
1269 4742 1387 4814 διαδοχῆς
1405 4740 1547 4814 ὁρμώμενοι

179 4833 260 4883 πάντα
277 4832 369 4901 ἡδονῆς
389 4828 497 4899 ieiunos
514 4828 560 4880 καὶ
572 4828 713 4899 αἰσθήσεως
732 4832 796 4900 μόνα
813 4829 933 4901 τὰπάθη
951 4829 1101 4899 aurinand
1119 4832 1163 4882 aul
1180 4830 1251 4889 τέλος
1269 4828 1372 4900 ἀγαθῶν
1390 4832 1437 4900 τὴν
1455 4829 1549 4899 ἡδονὴν

179 4918 240 4970 tirou
258 4917 405 4988 ὁριζόμενοι.
