3442 5588
269 306 332 369 236
559 311 651 359 xvnr
685 307 735 357 un
757 311 893 362 GALENI
912 309 1084 361 urs'roruh
1102 308 1333 361 Purnosonnh

270 475 404 540 confusa
426 485 509 543 sunt.
545 478 706 544 interdum
729 499 769 543 ex
792 478 986 543 scholastica
1006 477 1144 544 lectione
1159 477 1282 561 aliquid
1296 478 1418 562 proprii
1434 478 1625 563 adspersum

267 584 325 659 est,
347 581 436 644 velut
458 601 484 645 o.
502 583 540 645 de
562 583 866 644 denominationibus
885 582 1139 660 philosophorum
1165 599 1264 646 verae
1285 579 1410 646 formae
1432 581 1472 663 [1.
1488 581 1523 664 4]
1545 580 1626 647 nihil

265 680 326 744 nisi
352 682 498 748 umbram
523 684 630 750 refert.
674 702 734 747 nec
768 682 873 747 minus
895 682 1048 748 abhorret
1074 689 1171 766 caput
1201 684 1239 746 de
1269 683 1511 747 demonstrativo
1535 694 1627 765 purte

266 785 479 866 philosophiae
509 808 563 850 sca
595 788 633 849 de
657 787 952 867 epilogiaotionibns.
996 785 1069 868 ipsa
1094 784 1201 850 versio
1230 783 1371 849 barbara
1394 783 1452 849 illa
1480 784 1627 852 oratione

266 885 401 968 insignis
423 895 481 971 est,
510 909 574 972 qua
596 887 741 970 plerique
764 907 876 952 omnes
898 894 975 952 ante
997 892 1128 952 renatas
1149 885 1274 951 litteras
1298 904 1418 967 graeca
1433 885 1535 952 latine
1556 886 1627 953 red·

266 986 343 1053 dere
364 991 522 1056 solebant.
566 989 706 1055 verbum
729 988 839 1072 verbo,
862 989 1021 1073 particula
1042 987 1221 1072 particulae
1250 988 1426 1070 respondet
1447 995 1514 1054 tam
1536 1007 1627 1055 aecu-

267 1097 345 1174 rate,
369 1100 404 1156 ut
425 1093 486 1156 nisi
508 1111 627 1174 graeca
650 1090 814 1174 restituas,
837 1090 914 1174 quid
931 1090 992 1154 sibi
1015 1089 1094 1156 velit
1115 1109 1215 1173 saepe
1237 1109 1370 1157 numero
1392 1111 1434 1158 ne
1455 1091 1627 1174 intellegas

266 1194 404 1274 quidem.
444 1194 573 1258 omnino
606 1194 694 1258 valet
720 1193 806 1275 quod
833 1193 993 1276 interpres
1018 1191 1089 1275 ipse
1116 1192 1157 1258 de
1184 1212 1244 1257 sua
1266 1191 1449 1259 rationein
1469 1196 1627 1276 prehensio

265 1299 454 1360 traductorie
476 1298 519 1359 od
539 1297 793 1377 gloriosissimam
815 1296 1009 1358 Hierusalem
1039 1305 1067 1358 et
1088 1297 1218 1358 Siciliae
1243 1315 1344 1376 regem
1367 1296 1532 1360 liebertum
1552 1297 1629 1363 dicit

265 1398 346 1464 libro
361 1400 499 1484 Myaurir
519 1398 698 1481 praelatus:
727 1420 781 1481 epo
797 1400 948 1461 Nicotaus
977 1399 1016 1461 de
1038 1400 1134 1479 Regio
1157 1400 1294 1462 medicus
1314 1398 1416 1477 fidelis
1437 1401 1628 1465 erinitum

265 1512 363 1564 aester
389 1505 480 1565 iaetu
508 1502 686 1564 mundatum
713 1513 845 1565 vairam
878 1502 915 1562 de
943 1519 1057 1581 praeeo
1085 1502 1233 1564 idiomate
1263 1504 1296 1564 in
1324 1501 1453 1564 latinam
1484 1506 1629 1568 transtuli

264 1607 342 1666 nihii
361 1606 480 1668 addens
503 1607 640 1666 minueris
662 1606 711 1666 eet
723 1614 902 1684 permutans
925 1599 976 1688 [cf.
991 1601 1121 1666 Bonnet
1136 1622 1167 1685 p.
1182 1599 1224 1687 41.
1246 1607 1355 1668 tamen
1370 1622 1436 1668 non
1452 1623 1626 1688 numquam

265 1725 348 1787 quae
377 1707 482 1771 minus
509 1707 713 1787 intellegeret
742 1705 887 1771 omisisse
918 1703 1046 1769 videtur
1075 1711 1110 1769 ut
1139 1705 1535 1791 1.2ρ.224χρηστοήθη
1561 1727 1630 1772 111·

263 1813 389 1890 ruptam
403 1830 516 1875 vocem
531 1809 714 1891 similiaque
729 1808 804 1872 alia.
836 1807 1011 1890 praecipue
1029 1805 1169 1891 propriis
1183 1805 1367 1871 nominibus
1382 1805 1514 1872 horrida
1528 1826 1629 1891 saepe

266 1909 415 1975 barbarie
437 1912 471 1975 in
494 1911 585 1976 libris
608 1908 795 1993 depravatis
819 1910 900 1971 alios
922 1908 1116 1974 substituere
1138 1915 1236 1973 amat.
1278 1928 1338 1975 neo
1360 1909 1478 1975 desunt
1500 1909 1563 1975 loci
1585 1909 1629 1975 ad

264 2010 433 2076 arbitrium
456 2014 624 2078 immutati.
661 2011 718 2076 sed
741 2031 822 2076 cave
845 2010 986 2092 iniquius
1008 2009 1049 2074 de
1065 2009 1202 2075 Nicolao
1225 2010 1456 2076 indicaveris.¹
1490 2011 1630 2095 primum

264 2133 330 2178 non
353 2113 455 2196 ipsius
478 2118 685 2201 scriptionem
709 2112 865 2177 habemus
893 2112 951 2177 sed
972 2112 1129 2176 Italorum
1154 2112 1442 2196 neglegentissime
1464 2113 1631 2197 descripta

263 2217 421 2299 exempla.
461 2220 549 2284 velut
571 2222 684 2283 oollam
706 2217 898 2297 impressum
920 2235 978 2297 pro
1000 2214 1146 2289 initorum,
1167 2234 1229 2280 nec
1253 2215 1451 2281 vernaculae
1477 2216 1631 2298 loquelae

263 2316 342 2380 vitia
363 2318 505 2384 vitantur
525 2321 615 2385 velut
636 2322 863 2383 discetooernnt
885 2337 943 2399 pro
967 2318 1228 2396 disceptaverunt.
1263 2322 1331 2380 tum
1354 2316 1430 2398 quia
1456 2316 1490 2382 in
1512 2317 1630 2384 ceteris

263 2416 448 2501 interpretis
471 2420 550 2485 fides
569 2421 648 2486 satis
667 2420 805 2504 probata
828 2424 878 2483 est
900 2415 1038 2502 [Bonnet
1061 2440 1092 2501 p.
1107 2421 1137 2483 5.
1161 2421 1215 2501 41,
1230 2414 1294 2503 20],
1318 2437 1468 2484 mancum
1486 2425 1519 2484 et
1533 2419 1631 2484 111111-

263 2520 406 2601 polatum
428 2522 457 2587 ei
480 2542 629 2604 graecum
652 2523 818 2606 exemplar
841 2519 941 2584 luisse
964 2539 1021 2583 suo
1043 2519 1113 2585 iure
1133 2519 1253 2602 aliquis
1269 2518 1459 2604 suspicetur.
1493 2520 1552 2586 sed
1567 2541 1630 2603 pro

265 2628 352 2686 certo
375 2623 455 2687 nihil
477 2624 716 2690 affirmaverim.
761 2622 888 2688 Nicolai
915 2640 1052 2703 graecus
1075 2621 1178 2686 codex
1202 2620 1383 2687 simillimus
1404 2622 1465 2687 fuit
1486 2621 1523 2687 B.
1567 2641 1630 2688 nec

265 2722 381 2787 desunt
403 2725 592 2808 antiquioris
614 2726 791 2792 memoriae
814 2723 963 2807 quamvis
986 2723 1175 2789 tenuissima
1197 2723 1344 2807 vestigia
1370 2722 1519 2789 nimirum
1540 2724 1630 2808 quod

265 2826 345 2888 129
368 2827 455 2907 μίξεις
478 2828 510 2891 in
528 2827 590 2891 AB
612 2827 763 2892 omissum
780 2826 919 2892 restituit
937 2846 1005 2890 non
1021 2826 1189 2891 recondita
1204 2845 1286 2910 opus
1303 2832 1374 2892 erat
1388 2825 1545 2911 doctrina,
1569 2826 1630 2892 aed

265 2927 452 3009 exquisitius
467 2937 538 2994 erat
559 2951 585 2995 c.
602 2934 622 2994 5
644 2931 665 2994 l.
682 2931 722 2993 15
747 2949 787 2994 ex
803 2933 954 3011 corrupto
971 2928 1012 2998 εἰς
1028 2929 1060 2991 δὲ
1083 2927 1142 3012 (111
1156 2927 1231 3014 ΑΒ)
1254 2928 1465 2995 coniectando
1481 2929 1536 2993 εἰσὶ
1552 2929 1578 2993 δ’
1601 2931 1628 2993 oi

264 3029 381 3095 elicere
403 3032 456 3096 vel
476 3034 533 3096 cl
559 3054 588 3116 p.
602 3034 664 3097 234
687 3030 821 3114 ἔνδειγμα
843 3031 876 3096 in
900 3033 930 3094 ἓν
947 3032 1041 3114 δόγμα
1057 3031 1240 3117 emendare,
1263 3032 1349 3115 quod
1364 3039 1533 3115 utrumque
1548 3031 1631 3098 Use

267 3150 365 3195 uerus
381 3153 508 3214 quoque
523 3133 656 3198 invenit.
686 3155 786 3217 quare
808 3134 894 3216 quod
917 3135 981 3198 18
1004 3155 1034 3218 p.
1051 3136 1114 3200 235
1135 3134 1252 3201 vitiose
1274 3134 1463 3201 tradebatur
1484 3135 1559 3198 κατὰ
1576 3136 1629 3217 μὲν

266 3234 414 3317 ι’σωκράτη
438 3235 519 3300 duce
542 3236 677 3301 Nicolao
700 3235 753 3318 qui
776 3237 873 3301 vertit
894 3239 1062 3301 secandum
1081 3248 1272 3302 senectutem
1295 3237 1369 3300 κατὰ
1391 3237 1558 3321 Ξενοκράτη
1581 3257 1630 3303 re·

264 3334 351 3418 finxi,
373 3337 458 3418 quod
473 3357 513 3402 ex
529 3338 688 3402 Martiano
711 3338 899 3422 (perperam
921 3345 1054 3404 servata
1077 3341 1128 3422 pir
1151 3337 1324 3424 particula)
1346 3339 1422 3405 olim
1438 3339 1630 3406 Charteriua

264 3447 455 3503 correxerat.
501 3440 665 3522 ceteroqui
692 3461 757 3504 non
780 3460 899 3522 magna
921 3441 1044 3506 utilitas
1065 3441 1141 3507 inde
1170 3441 1345 3526 redundat,
1372 3442 1432 3508 sed
1454 3448 1490 3506 ut
1511 3441 1629 3508 lecturi

263 3539 325 3621 ipsi
353 3540 494 3605 iudicare
522 3550 669 3624 possent,
695 3543 794 3625 priori
825 3543 897 3608 libri
927 3544 1013 3627 parti
1039 3543 1164 3609 Nicolai
1191 3544 1345 3610 selectam
1374 3543 1629 3629 discrepantiam

263 3641 391 3708 adicere
414 3644 544 3726 placuit.
582 3644 756 3726 optandum
779 3665 862 3710 vero
888 3654 946 3729 est,
970 3664 1106 3729 graecus
1127 3645 1183 3710 ille
1205 3645 1338 3733 Roberti
1360 3647 1463 3713 codex
1485 3653 1522 3711 ut
1543 3647 1629 3713 forte

262 3742 391 3808 fortuna
414 3765 453 3810 ex
476 3745 594 3810 abditis
616 3746 785 3812 cuiusdam
809 3748 1031 3814 bibliothecae
1053 3746 1234 3813 recessibus
1256 3748 1463 3830 protrahatur
1479 3770 1547 3816 non
1562 3757 1629 3816 tam

264 3844 304 3908 ob
327 3846 501 3911 Historiam
521 3849 748 3932 philosopham
764 3870 860 3933 quam
885 3852 926 3918 ob
942 3849 1175 3935 Hypotyposin
1198 3850 1383 3934 empiricam
1399 3850 1518 3918 Galeni
1534 3851 1629 3918 simul

206 4012 209 4023 ,
262 3947 350 4012 illinc
373 3949 585 4031 prodituram.
913 3950 920 3961 '

348 4051 465 4115 Verum
495 4054 580 4118 eninr
608 4074 686 4119 vero
710 4055 891 4119 Lacunae
927 4072 1078 4136 graecum
1106 4056 1288 4139 exemplum
1316 4056 1403 4123 unde
1430 4055 1487 4121 ille
1510 4055 1629 4139 spretis

262 4153 403 4235 priorum
426 4154 519 4218 vanis
542 4155 712 4220 conatibus
736 4155 913 4220 Historiam
936 4154 1163 4238 philosopham
1185 4175 1221 4221 se
1242 4156 1442 4224 instaurasse
1464 4177 1505 4223 ac
1527 4159 1629 4225 latine

263 4255 441 4321 reddidisse
463 4256 571 4340 iactat,
595 4263 715 4340 quanto
743 4257 849 4338 magis
872 4257 1088 4340 expetendum
1111 4263 1160 4322 est
1181 4257 1405 4340 utaliquando
1428 4259 1627 4325 inveniatur!

262 4356 371 4421 audite
399 4358 484 4422 enim
507 4379 591 4442 quae
613 4360 641 4424 is
664 4358 697 4421 in
720 4358 886 4440 prooemio
909 4358 1085 4424 16111111
1108 4358 1266 4424 versionis
1288 4358 1416 4444 (Goion.
1434 4361 1534 4446 1543)
1557 4384 1629 4447 pro·

262 4459 357 4524 ferat:
380 4463 453 4522 orodi
473 4483 562 4538 oero,
584 4461 701 4544 inquit,
724 4471 850 4541 practer
872 4461 1049 4524 Basileense
1072 4474 1163 4544 atquc
1184 4464 1330 4527 Aldinnm
1352 4466 1525 4544 exemplar,
1548 4486 1629 4547 prae

263 4570 309 4636 (nt
332 4570 466 4638 constat)
489 4574 560 4626 11111
582 4567 663 4627 millo
685 4566 803 4627 mercdis
823 4567 1034 4627 constantinam
1054 4569 1145 4628 etiam
1160 4568 1267 4647 obtigit
1289 4568 1409 4629 tertium
1431 4586 1527 4630 manu
1550 4589 1631 4631 eon-

261 4668 423 4744 soriptorn,
450 4668 588 4746 idemque
610 4670 674 4729 iera
696 4676 845 4729 vetustate
869 4676 1094 4747 consumptum:
1123 4671 1211 4731 cuins
1238 4671 1311 4731 mibi
1333 4671 1406 4744 (cisi
1431 4689 1496 4732 non
1517 4669 1630 4748 focile)

335 4887 341 4916 ¹
362 4890 431 4951 quod
450 4891 510 4939 lecit
528 4892 736 4941 Wachsmuthius
758 4892 844 4944 Goctt.
866 4893 915 4953 gel.
934 4906 991 4940 anz.
1014 4888 1078 4942 1871
1099 4908 1124 4956 p.
1137 4889 1196 4943 704.
