3464 5586
257 369 323 433 480
570 371 827 423 THEOPHRASTI
845 371 983 423 PHYsic.
1002 372 1163 424 OPINION.
1182 372 1235 423 Fu.
1248 370 1303 423 4.5

256 544 329 609 τοῖς
350 540 468 610 ἄλλοις
490 539 658 625 πειρᾶταί
678 564 711 603 τι
732 541 850 625 φέρειν
873 540 980 617 ίδιον,
1002 540 1063 609 τὰς
1085 540 1199 626 άρχολς
1221 541 1259 603 δὲ
1281 540 1342 609 τάς
1364 539 1472 609 αὑτὰς
1498 538 1622 608 ἀποδί-

257 644 366 705 δῶσιν
396 642 435 710 άς
464 664 527 727 περ
553 641 792 726 Ἀναξαγόρας.
838 643 916 706 οὑτοι
945 643 996 725 μὲν
1019 641 1069 706 οὑν
1092 641 1228 725 ἀπείρους
1250 648 1292 728 τῷ
1315 643 1423 727 πλήδει
1446 642 1494 706 καί
1517 643 1622 725 ἀνομο-

258 750 348 828 γενεῖς
369 744 420 812 τὰς
442 745 536 830 ἀρχὰς
558 746 672 830 λέγουσι
694 746 745 815 τὰς
768 745 969 831 ὁμοιομερείας
989 743 1117 812 τιθέντες
1139 744 1242 829 ἀρχάς.

313 1222 454 1286 Simplic.
474 1225 499 1273 in
519 1223 591 1288 phys.
610 1218 836 1274 civil-6³18.

346 1322 439 1386 Μίαν
465 1324 502 1386 δὲ
527 1324 589 1407 τὴν
616 1323 733 1408 ἀρχὴν
761 1321 839 1406 ἤτοι
865 1322 901 1386 ἓν
927 1323 966 1386 τὸ
995 1323 1031 1386 ὂν
1059 1323 1118 1385 καὶ
1145 1326 1209 1386 πᾶν
1235 1324 1284 1386 καί
1313 1322 1381 1387 οὔτε
1405 1322 1623 1408 πεπερασμένον

233 1424 330 1491 οοὺτε
357 1426 474 1509 ἄπειρον
500 1424 567 1489 οὑτε
592 1425 758 1507 κινούμενον
781 1425 848 1488 οὔτε
868 1427 995 1509 ἠρεμοῦν
1022 1423 1208 1509 Ξενοφάνη
1230 1426 1288 1488 τὸν
1311 1424 1540 1511 Κολοφώνιον
1562 1427 1622 1489 τὸν

261 1526 483 1612 Παρμενίδου
525 1529 735 1591 διδάσκαλον
778 1526 1015 1591 ὑποτίὸεσὸαί
1052 1549 1139 1611 φησιν
1185 1530 1201 1592 ὁ
1239 1527 1424 1613 Θεόφραστος
1471 1531 1622 1612 ὁμολογῶν

259 1629 386 1714 ἑτέρας
415 1630 507 1694 εἶναι
536 1632 671 1712 μᾶλλον
698 1631 718 1714 ἢ
749 1634 811 1715 τῆς
841 1629 919 1713 περὶ
949 1627 1089 1713 φόσειυς
1118 1630 1278 1715 ἱστορίας
1305 1632 1369 1715 τὴν
1399 1634 1539 1717 μνήμην
1560 1636 1624 1715 τῆς

258 1733 387 1796 τοὺτου
410 1732 522 1815 δόξης.
559 1733 596 1794 τὸ
620 1732 683 1818 γὰρ
706 1733 742 1796 ἓν
763 1731 946 1796 τοῦτοκαὶ
968 1735 1033 1795 πᾶν
1055 1733 1114 1796 τὸν
1136 1732 1219 1795 δεὸν
1241 1730 1361 1815 ἔλεγεν
1377 1735 1393 1797 ὁ
1408 1734 1622 1821 Ξενοφάνης·

258 1835 290 1900 δν
313 1835 365 1899 ἕνα
387 1836 439 1918 μὲν
461 1835 601 1898 δείκνυσιν
623 1835 657 1897 ἐκ
678 1839 730 1899 τοῦ
752 1836 866 1899 πάντων
888 1835 1039 1918 κράτιστον
1053 1833 1140 1899 εἶναι·
1162 1835 1304 1899 πλειόνων
1323 1836 1387 1920 γάρ,
1409 1837 1508 1921 φησίν,
1531 1835 1623 1901 όντων

219 1963 243 2002 ιο
261 1936 370 2019 ὁμοίως
400 1937 540 2023 ὑπάρχειν
567 1937 678 2021 ἀνάγκη
706 1941 777 2001 πᾶσι
806 1937 840 2001 τδ
862 1942 990 2022 κρατεῖν·
1017 1937 1051 2001 τδ
1074 1939 1106 2001 δὲ
1128 1938 1244 2000 πάντων
1265 1939 1415 2021 κράτιστον
1437 1939 1485 2002 καὶ
1506 1937 1624 2023 ἄριστον

261 2039 339 2108 δεός.
381 2038 518 2123 ἀγένητον
547 2040 580 2102 δὲ
608 2039 750 2103 ἐδείκνυεν
776 2040 810 2102 ἐκ
837 2044 889 2103 τοῦ
916 2041 974 2103 δεῖν
1004 2039 1037 2102 τὸ
1063 2040 1210 2122 γινόμενον
1238 2039 1258 2123 ἢ
1287 2039 1317 2109 ἐξ
1340 2039 1442 2122 ὁμοίου
1463 2041 1484 2124 ἢ
1507 2039 1537 2109 ἐξ
1560 2041 1623 2104 άνο-

260 2142 344 2224 μοίου
372 2141 532 2224 γίγνεσθαι·
559 2141 634 2205 ἀλλὰ
660 2141 693 2204 τδ
722 2142 774 2224 μὲν
801 2142 901 2224 ὁμοιον
923 2142 1037 2212 άπαίλές
1058 2162 1145 2227 φησιν
1168 2142 1225 2205 ὑπὸ
1247 2146 1299 2205 τοῦ
1321 2143 1439 2225 ὁμοίου·
1463 2142 1547 2206 οὐδὲν
1568 2142 1624 2226 γὰρ

259 2249 369 2329 μᾶλλον
395 2248 494 2327 γεννᾶν
517 2244 536 2328 ἢ
559 2244 715 2326 γεννᾶσθαι
736 2246 877 2329 προσήκει
899 2245 932 2307 τδ
955 2245 1055 2327 ὁμοιον
1078 2246 1111 2309 ἐκ
1133 2249 1185 2309 τοῦ
1208 2247 1323 2327 ὁμοίου·
1345 2245 1370 2308 εἰ
1386 2246 1419 2309 δὲ
1432 2243 1462 2313 ἐξ
1485 2245 1624 2327 ἀνομοίου

257 2350 381 2432 γίνοιτο,
410 2344 490 2410 ἔσται
517 2346 551 2407 τὸ
579 2347 611 2410 ὃν
637 2348 671 2410 ἐκ
699 2352 751 2411 τοῦ
778 2348 818 2431 μὴ
842 2344 933 2415 όντος.
970 2348 1019 2410 καί
1042 2348 1134 2418 οὑτως
1156 2347 1292 2430 ἀγένητον
1314 2348 1362 2412 καί
1384 2348 1475 2410 ἀίδιον
1501 2345 1622 2409 ἐδείκνυ.

221 2478 244 2516 ιο
262 2450 329 2514 οὑτε
355 2451 387 2514 δὲ
414 2449 532 2534 ἄπειρον
560 2447 627 2512 οὔτε
654 2448 871 2534 πεπερασμένον
893 2448 981 2528 εἶναι,
1009 2450 1080 2514 διότι
1102 2449 1220 2536 ἄπειρον
1244 2451 1295 2533 μὲν
1317 2451 1350 2513 τδ
1375 2449 1415 2533 μὴ
1439 2449 1471 2514 όν
1493 2452 1534 2518 ὡς
1556 2447 1624 2511 οὔτε

259 2555 355 2639 ἀρχὴν
378 2551 447 2638 ἔχον
470 2550 538 2614 οὔτε
554 2551 648 2635 ,μέσον
670 2550 738 2642 οὔτε
758 2550 854 2621 τέλος·
882 2550 1025 2636 περαίνειν
1047 2553 1080 2616 δὲ
1102 2553 1174 2637 πρὸς
1197 2551 1310 2636 ἄλληλα
1330 2553 1367 2615 τὰ
1388 2552 1489 2616 πλείω.
1533 2574 1623 2636 παρα-

259 2657 391 2740 πλησίως
413 2657 446 2719 δὲ
468 2657 516 2719 καί
539 2655 592 2738 τὴν
614 2653 723 2735 κίνησιν
747 2654 867 2740 ἀφαιρεῖ
886 2654 935 2717 καὶ
956 2654 1009 2738 τὴν
1031 2655 1166 2740 η’ρεμίαν·
1189 2656 1323 2739 ἀκίνητον
1346 2655 1398 2738 μὲν
1420 2654 1474 2739 γὰρ
1496 2652 1623 2718 εἶναιτὸ

263 2881 274 2931 1
294 2880 377 2950 φίριιν
395 2879 457 2932 ίδιον
475 2883 508 2932 εί.
528 2881 562 2931 sd
579 2881 712 2946 Theophr.
730 2881 755 2930 d.
774 2895 841 2930 sens.
854 2873 914 2945 3711
966 2876 1003 2930 ῶν
1019 2881 1131 2936 τοιοῦτος
1149 2877 1195 2948 εἴη.
1213 2882 1288 2931 τοῦτο
1307 2878 1354 2948 γὰρ
1371 2875 1429 2931 ὁεὸν
1447 2879 1491 2930 καί
1503 2874 1564 2930 icoc
1581 2873 1623 2928 ὁὸ·

259 2969 456 3033 Τίιεορίιτιιειεε
474 2968 538 3019 hese
557 2984 612 3019 esse
632 2977 739 3033 apparet
756 2982 788 3018 ex
808 2966 915 3032 Hippol.
965 2983 1038 3035 ναμιν
1056 2964 1116 3018 εἶναι
1134 2970 1241 3035 κρατεῖν,
1260 2965 1323 3018 ἀλλὰ
1345 2964 1382 3034 μὴ
1408 2961 1562 3035 κρατεῖσθαι,
1579 2962 1625 3014 καὶ

259 3055 300 3106 91
327 3051 400 3112 οὗτος
427 3054 475 3125 ἔφη
503 3054 549 3123 τὴν
573 3053 638 3123 μῖξιν
664 3059 710 3123 τῆς
736 3050 798 3123 ὑλης
822 3050 916 3120 ὁμοίιος
965 3053 1066 3105 πάντων
1089 3054 1220 3123 κράτιστον
1244 3053 1304 3106 εἶναι
1328 3051 1342 3121 11
1369 3053 1400 3105 10
1424 3051 1517 3121 ὁμοίως
1540 3053 1623 3102 υΒΕι

258 3137 407 3209 Ἀναξαγόρᾳ
434 3144 478 3200 τάς
507 3161 535 3194 τι
561 3141 640 3210 ἀρχὰς
670 3139 791 3198 ῶσαὺτιυς
816 3138 829 3209 11
854 3140 914 3192 ἀπο-
965 3140 1069 3209 ἀνομοίιι
1086 3145 1107 3192 F
1124 3138 1137 3209 11
1152 3139 1270 3210 ὑπάρχειν
1288 3141 1385 3209 ἀνάγκη
1405 3142 1505 3191 ΒΕΕΙι
1525 3138 1622 3206 ἀνάγκη

260 3227 358 3280 δίδωσιν
387 3229 497 3279 nunni?
521 3238 549 3278 ut
580 3233 724 3280 coniecerat
746 3232 859 3281 Usener:
878 3227 913 3279 δί-
966 3227 1085 3297 ὑπάρχειν
1095 3231 1133 3280 oF
1148 3226 1162 3295 11
1176 3231 1207 3280 ci.
1226 3228 1331 3293 [λείου]
1350 3249 1374 3296 p.
1385 3226 1506 3281 9771152
1526 3224 1623 3293 ἀνάγκη

260 3314 335 3367 δῶσιν
348 3333 365 3364 c
380 3312 395 3382 11
409 3313 424 3365 2
439 3312 507 3365 οὑτοι
520 3314 565 3381 μὲν
583 3313 639 3366 κτλ.
658 3318 690 3366 εί.
708 3319 792 3368 Zeller
804 3315 832 3366 1⁴
847 3314 914 3369 9271
966 3316 1011 3385 γὰρ
1030 3314 1085 3384 ἦτοι
1104 3312 1130 3375 li
1148 3313 1235 3381 ὁμοίου
1253 3314 1308 3383 lli
1328 3315 1445 3384 ἀνομοίου
1463 3311 1577 3383 γενίσὺαι
1593 3311 1623 3364 τὸ

295 3403 363 3454 4ἀε
381 3403 431 3451 hcc
448 3404 478 3452 fr.
498 3404 530 3453 ef.
549 3404 621 3452 Prol.
640 3420 665 3467 p.
681 3401 793 3467 109sqq.
813 3401 827 3471 11
846 3403 862 3455 ’ί
882 3405 914 3454 εί.
965 3402 1114 3471 γιγνόμινον.
1148 3399 1250 3453 δυνατόν
1272 3401 1299 3453 δὲ
1321 3400 1462 3473 οὸδίτερον·
1490 3398 1547 3453 οὑτι
1575 3401 1623 3470 γὰρ

261 3492 399 3541 scholiasta
429 3501 572 3551 anonymus
598 3491 767 3555 Physlcornm
798 3494 826 3542 iu
857 3493 914 3542 cod.
966 3486 1050 3556 ὁμοιον
1068 3486 1108 3557 ὑφ’
1129 3486 1216 3556 ὁμοίου
1235 3490 1368 3560 προσήκειν
1380 3485 1538 3557 τεκνωθῆναι
1557 3486 1622 3555 μᾶλ-

258 3579 342 3628 Pcris.
362 3572 429 3626 1947
454 3576 470 3624 f.
487 3573 532 3636 lv,
558 3579 602 3638 qui
621 3577 787 3642 Simplicium
807 3581 914 3628 circum·
966 3573 1009 3626 λον
1030 3573 1047 3643 ἢ
1070 3581 1203 3628 τεκνῶσαι.
1226 3580 1307 3629 ταῦτα
1329 3577 1375 3646 γὰρ
1398 3574 1495 3629 ἅπαντα
1519 3578 1571 3631 τοῖς
1594 3592 1622 3643 γε

260 3664 349 3713 scribit
367 3660 410 3711 καὶ
429 3658 480 3711 ἔστι
498 3660 542 3712 καί
562 3659 627 3732 αὕτη
645 3662 662 3732 sl
680 3661 739 3722 δόξα
752 3662 782 3714 cli
794 3664 850 3733 περὶ
863 3670 915 3715 τῶν
966 3659 1027 3719 ίσοις
1047 3662 1091 3713 καλ
1110 3659 1204 3729 ὁμοίοις
1228 3662 1276 3734 οὑχ
1299 3662 1419 3734 ὑπάρχειν
1437 3662 1497 3732 πρός
1516 3660 1623 3731 ἄλληλα.

259 3753 383 3817 φυσικῶν,
401 3744 464 3797 ἀλλά
476 3748 532 3817 περὶ
545 3753 590 3799 τοῦ
602 3744 662 3800 icoc
675 3752 706 3801 cf.
720 3753 791 3801 Prol.
810 3753 827 3803 1.
839 3768 860 3802 c.
873 3747 916 3818 118
966 3743 1017 3799 οὔτ’
1044 3747 1075 3799 ἂν
1098 3747 1124 3809 ἐξ
1147 3750 1265 3819 ἀνομοίου
1282 3751 1413 3820 τάνόμοιον
1431 3747 1543 3820 γενέσθαι
1563 3788 1569 3801 .
1589 3788 1596 3800 .
1616 3787 1623 3799 .

259 3832 495 3904 τδγάμδνκτλ.υκ
507 3837 916 3889 Aristoteliesimilitudineed
965 3831 994 3886 τό
1013 3832 1061 3885 οὑκ
1087 3832 1114 3885 δν
1133 3834 1159 3897 ἐξ
1177 3836 1247 3895 ὄντος
1268 3834 1299 3888 ἂν
1317 3834 1437 3905 γενίσὺαι,
1456 3834 1516 3905 ὑπερ
1535 3834 1622 3887 ἀδὺνσ-

259 3943 283 3976 ν.
298 3921 364 3974 1-3
383 3925 467 3972 rettuli
485 3925 556 3974 Prol.
575 3941 600 3987 p.
613 3923 658 3975 lll
679 3927 844 3990 intellegens=
863 3941 915 3975 om·
966 3937 1017 3973 τον.
1030 3920 1107 3974 ἀίδιον
1120 3922 1165 3990 μὲν
1176 3921 1218 3975 οὑν
1231 3923 1270 3975 ui
1282 3926 1361 3975 ταῦτα
1373 3923 1434 3976 εἶναι
1442 3923 1485 3975 τὸν
1494 3920 1551 3975 lites
1562 3920 1578 3991 11
1592 3924 1621 3975 11

257 4010 299 4060 nie
311 4019 437 4059 naturum
451 4026 504 4059 νιοιι
518 4010 591 4061 clarc
602 4009 723 4062 ιίιίιίιιπίι
733 4009 911 4078 Xenophanes.
965 4006 991 4068 ἐξ
1001 4011 1039 4061 bis
1050 4012 1139 4060 uEfllli
1150 4014 1194 4062 elt.
1203 4029 1253 4062 om.
1261 4013 1311 4062 DE
1321 4009 1334 4077 11
1346 4010 1416 4063 13σί.
1423 4011 1495 4075 [An]
1505 4029 1529 4076 p.
1536 4009 1624 4063 olibi

258 4114 320 4147 παιιι
339 4096 367 4146 in
381 4095 425 4146 ἀεί
436 4097 762 4164 sercuomincccquicvil.
782 4102 913 4149 vixrecte.
967 4094 1043 4148 ἀίδιον
1070 4096 1090 4149 δ’
1115 4095 1174 4150 όντα
1197 4097 1241 4149 καί
1264 4095 1307 4148 ἕνα
1331 4098 1374 4149 καί
1397 4096 1539 4168 σφαιροειδῆ
1563 4093 1619 4148 οὑτΙ

260 4188 337 4235 immo
351 4186 384 4235 od
396 4187 560 4250 parenthesin
573 4183 702 4253 ὁμολογῶν
715 4182 770 4235 κτλ.
789 4189 916 4252 pertinere
968 4182 1068 4253 ἀπειμον
1090 4182 1147 4237 οὒτε
1170 4180 1328 4253 πεπεράνθαι.
1356 4183 1455 4254 ἄπειρον
1481 4185 1510 4237 τὸ
1537 4183 1574 4254 μὴ
1597 4182 1625 4234 ὃν

260 4273 358 4322 Kernio
387 4275 528 4324 concedere
554 4275 678 4324 debebam
702 4274 773 4324 Prol.
798 4291 823 4339 p.
839 4272 887 4324 111
900 4271 917 4323 ¹.
968 4270 1037 4323 εἶναι.
1059 4276 1134 4324 τοῦτο
1156 4272 1203 4340 γὰρ
1227 4268 1284 4323 οὔτε
1308 4272 1383 4339 μέσον
1405 4269 1459 4325 οὔτ’
1481 4271 1562 4342 ἀρχὴν
1580 4271 1625 4324 κα1

259 4363 405 4426 Simplicius
425 4370 492 4412 certe
511 4363 565 4426 ipse
577 4360 773 4426 Theophrastus
786 4362 823 4409 itc
841 4362 916 4424 cepio
968 4356 1039 4416 τέλος
1062 4354 1117 4409 οὔτ’
1147 4356 1208 4410 ἀλλο
1231 4358 1306 4427 μέρος
1330 4356 1399 4410 οὐδὲν
1423 4358 1553 4429 ἔχειν
1573 4358 1625 4410 οίον

260 4450 304 4499 sed
315 4451 347 4499 de
358 4452 458 4512 origine
470 4445 659 4514 insequentium
671 4447 807 4497 verborum
820 4441 847 4495 δν
859 4442 916 4496 κτλ.
967 4443 994 4497 δὲ
1011 4443 1040 4496 τό
1059 4445 1095 4514 μὴ
1114 4443 1149 4508 όν,
1168 4443 1215 4495 οὸκ
1234 4444 1264 4496 ἀν
1283 4443 1342 4496 εἶναι
1360 4444 1389 4495 τὸ
1407 4445 1442 4498 όν.
1460 4447 1582 4517 περαίνειν
1598 4445 1625 4498 ci

260 4537 324 4587 nihil
343 4538 402 4587 inde
422 4538 611 4602 praeiudicatur
635 4529 648 4600 11
673 4535 689 4586 9
715 4536 746 4584 cf.
765 4531 870 4596 [Arion]
888 4534 913 4582 d.
966 4529 1026 4601 πρὸς
1039 4530 1144 4600 ἄλληλα,
1157 4532 1177 4584 εί
1190 4531 1267 4584 πλείω
1280 4530 1317 4600 εἴη
1332 4530 1346 4600 11
1361 4534 1391 4585 14
1402 4532 1496 4588 ἐδείκνυ
1509 4538 1624 4588 anm:

260 4621 379 4674 qu3
400 4642 425 4689 p.
438 4621 559 4676 977123:
578 4619 630 4673 τίδ’
647 4618 712 4673 ἔστιν
730 4617 743 4671 ὁ
761 4616 818 4675 ὑιὸς
836 4616 912 4670 ὁπάν·
964 4617 1072 4671 ἐδείκνυν
1089 4617 1143 4687 1)11
1161 4621 1192 4674 15
1212 4620 1255 4671 καὶ
1268 4630 1327 4672 ante
1341 4618 1398 4673 οὑτε
1416 4620 1442 4674 δὲ
1459 4627 1595 4675 inseruire
1610 4623 1624 4690 11

259 4726 311 4760 τῶν
334 4711 477 4778 κράτιστον,
505 4707 547 4760 ἕνα
575 4707 650 4777 φησίν
677 4705 752 4759 αδτὸν
778 4705 913 4775 προσήκειν
967 4707 998 4761 16
1017 4702 1073 4757 οὑτι
1086 4705 1160 4774 μέσον
1173 4704 1368 4761 οὑτεΒΒΕΕιε
1388 4708 1452 4778 μήτε
1471 4711 1546 4778 μέσον
1560 4709 1625 4780 μήτε

259 4793 331 4848 τίνει.
357 4796 378 4847 εί
400 4796 445 4865 γὰρ
468 4794 511 4847 cco
534 4793 551 4864 ἡ
574 4793 610 4846 ίτι
633 4793 730 4853 πλείους
752 4792 798 4846 ιίεν
817 4791 864 4844 οὑκ
883 4791 913 4844 ἀν
965 4795 1003 4844 as
1024 4790 1037 4861 11
1060 4793 1091 4846 17
1111 4796 1142 4845 εί.
1155 4793 1227 4860 [An]
1240 4814 1265 4861 p.
1276 4796 1370 4849 977b8
1387 4795 1416 4847 πὺ
1428 4795 1459 4865 δὴ
1472 4800 1585 4849 τοιοῦτον
1598 4795 1625 4847 δν

259 4882 296 4935 ίτι
313 4885 444 4952 κράτιστον
467 4884 509 4935 καλ
534 4881 659 4951 βέλτιστον
682 4879 757 4933 αὑτὸν
774 4878 835 4933 εἶναι
853 4881 912 4932 πάν·
965 4878 991 4931 ἕν
1004 4917 1011 4931 .
1024 4917 1031 4931 .
1044 4917 1051 4932 .
1064 4876 1122 4931 οὑτι
1140 4878 1260 4934 κινιῖσὸαι
1278 4879 1336 4934 οὔτε
1354 4883 1455 4952 κινητὸν
1474 4884 1542 4936 εἶναι.
1567 4883 1623 4936 ἀκί-

258 4987 317 5021 τιυν.
337 4970 442 5027 ἕκαστος
459 4971 505 5040 γὰρ
525 4969 554 5023 όν
572 4970 628 5029 δεὺς
647 4975 697 5021 τῶν
715 4968 817 5022 πολλῶν
829 4966 914 5036 ὁμοιος
965 4985 1039 5038 νητον
1061 4968 1106 5037 μὲν
1129 4970 1174 5038 γὰρ
1197 4970 1257 5021 είναι
1281 4969 1310 5021 τὸ
1333 4970 1370 5039 μὴ
1389 4969 1425 5022 όν.
1449 4968 1507 5022 οὑτε
1524 4971 1571 5040 γὰρ
1590 4969 1624 5022 ἀν
