3442 5588
639 317 746 365 ’ΔΕῚῊ
766 318 892 367 PLAC.1
913 320 1016 370 όο-ιο

297 380 1190 475 ειυτευυυῖᾖβηνιι
1209 426 1286 475 lech.

189 555 236 616 ἀεί
256 577 288 616 τε
310 555 364 636 γὰρ
387 555 468 637 ἥλιος
492 555 540 617 καὶ
563 558 670 640 σελήνη
694 558 742 620 καί
765 559 801 622 τὰ

189 656 275 719 λοιπὰ
289 659 348 718 τῶν
363 655 477 740 ἄστρων
492 658 544 740 τὴν
561 658 693 740 ὑπόγειον
708 660 800 744 φορὰν

189 757 359 841 ἐνεχθέντα,
374 757 462 840 όμοια
491 760 543 840 μὲν
570 760 718 824 ἀνατέλλει
740 766 800 831 τοῖς

188 861 351 943 χρώμασιν,
375 858 423 923 ἴσα
445 861 478 922 δὲ
500 866 560 930 τοῖς
583 862 728 945 μεγέθεσι,
751 863 799 926 καλ

166 962 263 1023 ικατά
290 962 395 1030 τόπους
422 963 470 1025 καὶ
493 964 567 1025 κατὰ
589 964 712 1048 χρόνους
732 965 799 1033 τοὺς

187 1062 301 1132 αὐτούς.
325 1064 425 1147 διόπερ
449 1066 475 1126 οἱ
497 1067 546 1127 τόν
565 1066 629 1148 περὶ
644 1070 702 1127 τῶν
719 1065 796 1129 θεῶν
815 1080 831 1131 9

187 1167 360 1248 παραδόντες
376 1167 522 1252 σεβασμὸν
538 1169 585 1231 διὰ
600 1172 687 1251 τριῶν
700 1164 798 1250 ἐξέθη-

186 1291 238 1331 καν
261 1270 330 1352 ἡμῖν
352 1267 449 1348 εἰδῶν,
470 1274 585 1354 πρῶτον
609 1269 661 1352 μὲν
680 1273 731 1331 τοῦ
746 1293 797 1354 φυ-

187 1374 278 1447 σικοῦ,
293 1369 425 1454 δεύτερον
441 1372 473 1434 δὲ
485 1376 536 1435 τοῦ
553 1372 689 1454 μυθικοῦ,
704 1373 796 1456 τρίτον

154 1472 220 1535 ιοόὲ
242 1476 293 1534 τοῦ
315 1473 367 1556 τὴν
391 1474 547 1558 μαρτυρίαν
570 1474 604 1537 ἐκ
626 1477 684 1536 τῶν
699 1473 796 1554 νόμων

185 1575 346 1659 εἰληφότος.
359 1571 551 1661 [διοικεῖσθαι]
557 1577 720 1640 διδάσκεται
726 1576 796 1638 δὲτὸ

187 1676 238 1757 μὲν
250 1679 370 1760 φυσικὸν
382 1678 439 1740 ὑπὸ
450 1681 509 1740 τῶν
524 1678 703 1762 φιλοσόφων,
718 1678 751 1740 τὸ
763 1678 796 1740 δὲ

186 1779 307 1860 μυθικὸν
317 1781 373 1842 ὑπὸ
381 1784 586 1863 τῶνποιητῶν,
595 1781 628 1843 τὸ
638 1781 671 1843 δὲ
679 1780 795 1863 νομικὸν

186 1879 229 1965 ὑφ’
257 1882 382 1966 ἑκάστης
401 1884 446 1946 ἀεὶ
469 1881 583 1951 πόλεως
605 1881 779 1945 συνίσταται.

153 2004 174 2039 1⁵
228 1985 384 2069 Διαιρεῖται
413 1984 433 2047 θ’
462 1988 480 2068 ἡ
510 1988 590 2048 πᾶσα
617 1985 724 2069 διδαχὴ
752 1984 793 2054 είς
806 2003 836 2055 10

185 2084 247 2169 εἴδη
272 2087 358 2150 ἑπτά·
394 2088 442 2150 καὶ
472 2092 586 2172 πρῶτον
616 2089 668 2170 μὲν
699 2088 733 2150 τὸ
760 2087 794 2150 ἐκ

185 2194 242 2252 τῶν
257 2190 439 2273 φαινομένων
455 2191 502 2253 καί
524 2192 687 2274 μετεώρων·
722 2189 793 2253 θεοῦ

184 2292 236 2376 γὰρ
266 2290 375 2355 ἔννοιαν
404 2290 491 2377 ἔσχον
520 2294 578 2356 ἀπὸ
611 2296 669 2355 τῶν
697 2315 793 2376 φαινο·

184 2394 276 2474 μένων
299 2394 428 2478 ἀστέρων
455 2397 577 2479 όρῶντες
603 2394 722 2463 τούτους
745 2417 792 2477 με·

147 2498 272 2579 υογαλης
295 2498 462 2581 συμφωνίας
485 2495 568 2565 ὄντας
594 2496 717 2573 αἰτίους,
743 2497 791 2559 καὶ

180 2598 359 2681 τεταγμένως
381 2599 492 2684 ἡμέραν
507 2622 539 2662 τε
561 2600 608 2661 καί
630 2600 718 2662 νύκτα
733 2622 791 2684 χει-

181 2702 265 2779 μῶνά
287 2723 318 2763 τε
343 2703 392 2765 καί
415 2702 501 2786 θέρος
528 2703 669 2770 ἀνατολάς
689 2725 720 2763 τε
742 2703 790 2765 καὶ

175 2849 186 2899 l
207 2845 220 2898 ό
238 2844 341 2915 ἥλιοςΟ
360 2850 391 2899 cf.
410 2849 433 2899 G
452 2845 466 2915 ΙΙ
487 2847 538 2916 Tr}
557 2846 647 2917 σελήνη
666 2851 791 2901 Duebner

137 2940 169 2987 cf.
189 2938 212 2989 G
232 2933 245 3002 j!
266 2932 282 2985 θ
301 2935 379 3003 φορὰν
399 2936 541 2997 G(A)BC:
561 2953 610 2986 om.
630 2938 719 3002 Cyrill.
739 2933 752 3003 ΙΙ
774 2937 789 2989 6

136 3028 187 3072 τῶν
200 3024 262 3074 AC:
281 3024 368 3073 om.B
389 3019 402 3088 ΙΙ
423 3021 480 3079 τους
498 3020 570 3080 θεοὺς
583 3027 651 3074 coni·
664 3026 758 3077 Reisko
775 3021 788 3090 11

135 3109 152 3160 8
170 3107 229 3175 ἡμῖν
249 3118 306 3174 post
320 3108 335 3159 7
349 3113 424 3176 τριῶν
438 3110 471 3159 C:
491 3114 635 3176 transposui
648 3113 789 3162 seeundum

135 3197 183 3245 AB
198 3195 211 3262 J
227 3194 259 3247 ll
273 3194 418 3247 διοικεῖσθαι
430 3197 509 3247 deleri
522 3199 597 3247 iussit
608 3199 712 3249 Reiske.
731 3196 788 3249 θιοι·

135 3286 215 3333 κεῖται
243 3286 303 3333 olim
331 3286 451 3348 scriptum
479 3292 505 3334 et
532 3287 629 3334 variam
654 3288 789 3337 lectionem

135 3374 293 3434 insequentis
313 3374 385 3421 vocis
398 3387 453 3420 esso
466 3374 608 3435 suspicatus
620 3378 660 3422 est
671 3375 788 3438 Wytten-

135 3460 208 3508 bach.
232 3463 309 3509 immo
328 3463 399 3509 vocis
417 3456 564 3509 συνίσταται.
593 3463 712 3510 lacunam
730 3469 789 3510 anto

134 3542 278 3595 διοικεῖσθαι
301 3549 411 3610 signavit
433 3546 556 3596 Duebner
576 3543 590 3613 Η
613 3544 644 3597 15
666 3543 697 3613 δὴ
721 3550 789 3596 πᾶσα

134 3634 170 3683 B:
195 3630 221 3682 δὲ
240 3636 307 3684 πᾶσα
325 3637 363 3684 A:
392 3632 442 3700 μὴν
461 3636 528 3683 πᾶσα
546 3635 579 3685 C:
600 3637 701 3685 correxi
721 3630 733 3700 ¹2
754 3631 786 3684 21

133 3720 291 3786 τεταγμένως
310 3725 347 3770 A:
365 3720 529 3787 τεταγμένους
547 3722 568 3770 Β
593 3729 619 3771 et
640 3721 724 3772 Beck:
748 3737 788 3771 τε·

133 3807 256 3872 ταγμένας
273 3810 294 3858 C
308 3805 321 3875 ΙΙ
342 3806 436 3874 ἡμέρας
448 3824 475 3857 τε
488 3807 530 3858 καί
543 3804 633 3865 νὐκτας
646 3809 667 3858 C
682 3804 696 3874 ΙΙ
710 3805 789 3858 νὺκτα

133 3894 176 3944 καὶ
189 3900 301 3962 χειμῶνα
313 3894 357 3945 καλ
369 3890 442 3961 θέρος
455 3897 480 3945 Α
494 3891 508 3962 ΙΙ
524 3892 556 3945 22
574 3892 694 3951 ἀνατολάς
706 3894 789 3945 τεκαὶ

133 3979 228 4047 δυσμὰς
245 3985 322 4047 vulgo
336 3992 394 4033 ante
407 3981 504 4050 ἡμέραν
518 3984 654 4032 collocant.
674 3983 719 4031 ned
736 3983 788 4031 for·

134 4078 201 4118 tasse
221 4071 349 4131 glossema
367 4079 417 4130 est,
436 4085 486 4132 quo
506 4069 594 4118 addito
615 4069 692 4118 credo
711 4065 788 4134 γιγνό

131 4172 194 4220 μενα
213 4157 338 4205 excidisse
359 4164 416 4220 post
434 4152 506 4221 θέρος

164 4245 216 4249 -—
226 4244 377 4250 .-.——-
674 4244 707 4249 —.
723 4242 783 4249 ——-

132 4280 361 4330 TESTIMONIA
381 4278 590 4329 PLUTARCHI

133 4361 484 4433 ῶνᾶγανόλλλοὺταρχυς
503 4363 533 4415 ἐν
552 4371 593 4432 τῷ
612 4363 724 4432 πρώτῳ
744 4361 788 4430 βι-

134 4450 209 4520 βλίῳ
234 4458 372 4520 φυσικῶν
401 4450 564 4519 δογμάτων
591 4453 786 4520 συναγωγῆς·

128 4536 232 4607 ’ἔλαβον
250 4538 276 4589 δὲ
295 4539 324 4590 ἐκ
343 4536 432 4591 τοότου
451 4538 544 4591 ἔννοιαν
558 4538 625 4590 θεοῦ·
648 4538 685 4590 ἀεί
702 4555 729 4588 τε
741 4537 787 4606 γὰρ

132 4624 202 4692 ἥλιος
226 4627 268 4677 καὶ
292 4625 381 4694 σελήνη
408 4628 451 4679 καί
474 4628 506 4679 τὰ
527 4625 601 4678 λοιπὰ
618 4631 671 4676 τῶν
689 4624 787 4692 ἄστρων

132 4714 179 4781 τὴν
202 4712 314 4781 υτόγειον
337 4713 469 4784 ἐνεχθέντα
492 4713 565 4783 ὅμοια
593 4716 637 4784 μὲν
662 4714 788 4768 ἀνατέλλει

132 4807 183 4859 τοῖς
201 4803 340 4870 χρώμασιν,
359 4803 399 4854 ἴσα
418 4802 443 4854 δὲ
461 4809 512 4862 τοῖς
525 4801 646 4872 μεγέθεσι,
662 4806 705 4857 καί
723 4805 788 4857 κατὰ

131 4890 223 4949 τόπους
241 4892 284 4942 καὶ
302 4891 367 4942 κατὰ
386 4890 488 4960 χρόνους
506 4892 564 4949 τοὺς
581 4889 687 4951 αθτουξ.
