3464 5586
247 317 311 381 490
568 321 825 373 THEOPHRASTI
844 320 982 372 PHYSIG.
1002 323 1162 374 OPINION.
1181 323 1233 373 1³1³.
1249 320 1280 371 12

246 488 390 570 γενέσθαι.
425 491 533 560 πολλὰς
556 492 588 554 δὲ
610 492 658 554 καὶ
677 491 767 560 ἀλλας
781 490 865 572 λόγος
879 495 932 574 τῆς
952 492 1098 575 θαλάττης
1114 492 1316 576 ὑπερεχούσης
1332 493 1492 575 ἠφανίσθαι
1513 493 1613 560 πόλεις

246 593 470 667 καταποθείσας,
492 592 555 655 ἐπεὶ
578 593 625 655 καὶ
648 594 722 656 κατά
746 593 965 676 Πελοπόννησόν
987 616 1057 678 φασι
1080 599 1164 678 τρεῖς,

549 693 683 779 Αἴγειραν
707 694 822 780 Βοῦράν
845 697 946 759 τεκαὶ
969 697 1083 780 ὑψηλήν
1102 695 1241 760 Ἑλίκειαν

549 797 684 881 τείχεσιν,
707 799 725 880 ἢ
748 796 816 882 τάχ’
844 796 949 880 ἔμελλε
970 801 1034 882 περὶ
1058 800 1131 884 βρύα
1155 800 1241 883 μόρια
1263 801 1373 885 φόσειν,

218 897 420 979 τεῦδαίμονας
446 901 479 963 τὸ
507 902 597 962 πάλαι
624 900 778 982 γενομένας
803 901 901 982 πολλή
927 904 978 963 τοῦ
1006 903 1148 984 πελάγους
1175 903 1385 985 ἐπικλυσθῆναι
1407 903 1495 984 φορᾷ.
1534 903 1554 981 ἡ
1579 897 1606 961 δ’

246 999 389 1071 ’.λτλοιντὶς
416 1007 517 1084 νῆσος,
540 1002 617 1083 ‘dim
647 1002 755 1087 Λιβόης
781 1005 829 1067 καὶ
852 1001 949 1072 Ἀσίας
972 1002 1104 1085 μείζωά,
1127 1004 1148 1088 ᾖ
1172 1025 1259 1088 φησιν
1282 1005 1312 1068 ἐν
1336 1002 1451 1085 Τιμαίῳ
1475 1001 1611 1067 Πλάτων.

245 1103 358 1187 ’ἡμέρᾳ
382 1106 435 1186 μιᾷ
457 1106 504 1166 καὶ
528 1106 605 1167 νυκτὶ
629 1110 757 1187 σεισμῶν
784 1105 917 1175 ἐξαισίων
946 1107 994 1168 καλ
1022 1110 1234 1189 κατακλυσμῶν
1257 1105 1418 1188 γενομένων
1441 1105 1515 1166 δῦσα
1535 1104 1610 1166 κατὰ

249 1210 301 1287 της
332 1206 481 1289 θαλάσσης
508 1206 643 1291 ἐξαίφνης
671 1207 848 1292 ἠφανίσθη,
874 1209 1013 1291 γενομένη
1043 1208 1167 1292 πέλαγος
1199 1209 1233 1271 οῦ
1260 1208 1390 1275 πλωτόν,
1424 1206 1498 1269 ἀλλά
1526 1207 1612 1290 βαρα-

249 1310 370 1392 θρῶδες.
405 1310 488 1372 οῦῦέν
511 1308 561 1373 οῦν
583 1311 625 1379 εἰς
645 1311 679 1374 τό
701 1311 875 1395 φθείρεσθαι
898 1312 946 1375 τὸν
969 1311 1079 1394 κόσμον
1101 1315 1120 1395 ή
1144 1312 1308 1374 πλασθεῖσα
1330 1314 1373 1393 τῷ
1397 1308 1476 1391 λόγῳ
1493 1308 1612 1389 μείωσις

211 1441 233 1478 ιο
251 1416 303 1495 τῆς
333 1414 477 1494 θαλάττης
504 1416 645 1496 συνεργεῖ·
672 1412 802 1496 φαίνεται
825 1414 879 1497 γάρ
902 1414 943 1476 ῶν
966 1415 1017 1496 μὲν
1040 1414 1276 1499 ἐξαναχωροῦσα,
1297 1411 1333 1474 τά
1355 1408 1380 1472 δ’
1409 1410 1612 1481 ἐπικλύζουσα.

247 1515 337 1598 ἐχρῆν
361 1516 393 1576 ῦέ
416 1516 457 1598 μὴ
482 1515 602 1598 θάτερον
625 1520 684 1578 τῶν
706 1515 873 1598 γινομένων,
896 1517 970 1580 ἀλλά
993 1519 1136 1601 συνάμφω
1160 1520 1341 1599 θεωροῦντας
1364 1512 1526 1595 ἐπικρίνειν,
1549 1513 1613 1576 ἐπεὶ

246 1618 299 1679 κάν
327 1623 386 1686 τοῖς
413 1618 476 1700 περὶ
504 1618 564 1702 βίον
593 1619 851 1703 ἀμφισβητήμασιν
876 1621 892 1681 ό
915 1619 1036 1701 νόμιμος
1062 1619 1200 1702 ῦικαστής
1222 1618 1287 1700 πρὶν
1310 1616 1357 1679 καὶ
1380 1620 1438 1676 τῶν
1461 1615 1613 1678 ἀντιδίκων

249 1720 383 1794 ἀκοῦσαι,
405 1723 522 1802 γνώμην
545 1721 599 1784 οῦκ
621 1721 820 1805 ἀποφανεῖται.

196 1821 236 1884 βλ
335 1818 391 1883 Καὶ
416 1822 471 1905 μὴν
495 1825 511 1886 ό
533 1825 626 1907 τρίτος
647 1824 731 1905 λόγος
746 1822 776 1891 ἐξ
795 1824 899 1887 ἑαυτοῦ
922 1824 1099 1908 διελέγχεται
1122 1825 1163 1907 μὴ
1187 1825 1274 1905 ὑγιῶς
1289 1822 1458 1905 ἐρωτηθείς,
1480 1823 1539 1884 ἀπό
1559 1827 1613 1905 τῆς

207 1948 228 1984 ισ
247 1922 335 1990 εὐθὺς
346 1923 375 1984 ἐν
392 1926 472 2009 ἀρχή
484 1928 610 2010 φάσεως.
639 1926 673 1990 οὐ
689 1927 743 2010 γὰρ
755 1927 901 2011 δήπουθεν
917 1925 951 1989 οῦ
967 1927 1060 1989 πάντα
1075 1925 1111 1988 τά
1126 1925 1200 2009 μέρη
1216 1925 1376 2008 φθείρεται,
1390 1924 1521 2007 φθαρτόν
1533 1923 1611 1986 ἐστιν

247 2026 350 2101 ἐκεῖνο,
365 2027 429 2089 ἀλλ’
447 2028 586 2092 οὔπάντα
601 2030 637 2092 τά
653 2029 726 2113 μέρη
743 2029 804 2111 ἅμα
820 2029 868 2091 καὶ
883 2028 914 2090 ἐν
929 2029 1027 2113 ταθτιγῦ
1039 2029 1135 2111 ἀθρόα
1150 2028 1224 2091 κατὰ
1238 2029 1287 2090 τόν
1302 2028 1389 2090 αὐτὸν
1405 2027 1523 2110 χρόνον·
1548 2027 1613 2088 ἐπεὶ

248 2129 295 2191 καὶ
313 2128 401 2212 ἀκρον
417 2131 574 2200 ἀποκοπείς
589 2155 630 2201 τις
645 2134 784 2194 δάκτυλον
801 2135 853 2214 ζήν
869 2131 902 2194 οὐ
919 2133 1090 2205 κεκώλυται,
1105 2130 1131 2193 εἰ
1147 2131 1246 2214 δὲτὴν
1262 2129 1411 2192 κοινωνίαν
1432 2135 1490 2192 τῶν
1514 2135 1611 2212 μερῶν

250 2232 297 2293 καὶ
321 2235 417 2313 μελῶν
439 2237 549 2310 πᾶσαν,
571 2234 675 2297 αὐτίκα
697 2235 870 2318 τελευτήσει.
914 2235 963 2297 τόν
984 2234 1072 2296 αὐτόν
1094 2231 1144 2296 οῦν
1167 2233 1287 2315 τρόπον,
1323 2232 1348 2294 εἰ
1372 2232 1423 2312 μὲν
1447 2231 1613 2314 συλλήβδην

249 2334 438 2402 ἅπαξάπαντα
470 2337 506 2399 τά
539 2342 670 2421 στοιχεῖα
703 2334 753 2421 ὑφ’
786 2337 836 2399 ἕνα
868 2337 967 2420 καιρόν
1000 2336 1169 2420 ήφανίζετο,
1208 2337 1328 2419 φάσκειν
1360 2334 1533 2418 ἐνδέχεσθαι
1562 2335 1612 2396 τόν

206 2463 230 2500 ιο
248 2436 357 2518 κόσμον
380 2438 492 2520 φθορὰν
507 2437 543 2522 ἢν
558 2440 721 2521 ἀναγκαῖον.
760 2440 785 2501 εἰ
801 2438 825 2501 δῖ
847 2440 967 2503 ἕκαστον
984 2439 1041 2522 ίῦίηι
1057 2440 1128 2521 πρὸς
1150 2440 1202 2522 τὴν
1224 2443 1275 2500 τοῦ
1298 2439 1421 2520 γείτονος
1438 2436 1612 2519 μεταβάλλει

246 2539 342 2624 φύσιν,
364 2541 566 2613 ἀθανατίζεται
590 2545 698 2623 μᾶλλον
721 2541 905 2626 ήφθείρεται
921 2542 995 2605 κατὰ
1016 2543 1049 2604 τὸ
1073 2540 1271 2625 φιλοσοφηθέν
1294 2540 1351 2602 ὑπὸ
1372 2543 1423 2600 τοῦ
1439 2541 1590 2621 τραγικοῦ·

601 2643 723 2725 θνήσκει
746 2641 772 2706 δ’
800 2644 883 2707 οὐδὲν
906 2649 964 2707 τῶν
986 2644 1159 2727 γιγνομένων
1207 2629 1208 2632 ¹

599 2745 812 2829 διακρινόμενον
835 2745 859 2808 δ’
888 2746 959 2810 ἀλλο
982 2747 1054 2830 πρὸς
1075 2745 1146 2809 ἀλλο

602 2850 715 2933 μορφήν
738 2848 838 2931 ἑτέραν
861 2849 1017 2918 ἀπέδειξεν.

206 2976 230 3014 ιε
248 2951 390 3033 παντελής
412 2973 444 3031 γε
468 2952 524 3034 μὴν
546 2953 670 3035 εῦήθεια
692 2953 725 3013 τὸ
747 2949 828 3032 γένος
851 2958 909 3013 τῶν
933 2953 1096 3036 ἀνθρώπων
1119 2953 1177 3013 ἀπὸ
1200 2956 1258 3012 τῶν
1281 2952 1392 3032 τεχνῶν
1415 2945 1610 3016 ἐξετάζεσθαι.

248 3053 286 3133 τγῙ
308 3053 362 3135 γάρ
386 3054 451 3136 περὶ
473 3054 522 3115 τὸν
545 3055 628 3136 λόγον
652 3054 758 3136 ἀτοπία
780 3078 821 3123 τις
844 3056 1049 3140 ἀκολουθήσας
1071 3056 1134 3117 νέον
1155 3055 1204 3116 τόν
1220 3053 1328 3133 κόσμον
1344 3052 1488 3132 ἀποφανεῖ
1502 3049 1611 3129 κομιδή

249 3155 331 3234 μόλις
354 3156 409 3238 πρὸ
433 3156 536 3240 χιλίων
559 3156 683 3236 παγέντα
706 3156 859 3235 ἐνιαυτῶν,
887 3157 949 3221 ἐπεὶ
977 3161 1025 3222 καὶ
1048 3158 1098 3226 οὓς
1119 3159 1338 3239 παρειλήφαμεν
1360 3158 1418 3214 τῶν
1442 3151 1611 3232 ἐπιστημῶν

248 3258 365 3339 εόρετάς
391 3260 440 3320 τόν
466 3257 600 3343 λεχθέντ’
632 3263 690 3319 τῶν
724 3259 862 3321 ἐνιαυτῶν
892 3261 1016 3342 ἀριθμόν
1044 3261 1102 3344 οὐχ
1125 3259 1360 3343 ὑπερβάλλουσιν.
1398 3254 1423 3316 εἰ
1446 3254 1479 3315 ἀὲ
1501 3255 1537 3334 δή
1562 3254 1610 3314 καὶ

247 3360 362 3422 λεκτέον
385 3361 435 3429 τὰς
457 3362 562 3446 τέχνας
585 3362 716 3444 ἰσήλικας
738 3361 903 3443 ἀνθρώπων
930 3362 1020 3444 γένει,
1049 3359 1114 3443 μεθ’
1144 3362 1268 3444 ἱστορίας
1295 3363 1434 3443 φυσικῆς,
1461 3353 1527 3417 ἀλλ’
1556 3355 1610 3418 οὐκ

208 3491 232 3527 ω
250 3464 467 3545 ἀπερισκέπτως
490 3465 537 3526 καὶ
562 3464 702 3548 ρογθόμως
723 3463 849 3526 λεκτέον.
883 3466 902 3546 ἡ
926 3463 951 3526 θ’
980 3466 1090 3548 ἱστορία
1112 3465 1151 3547 τίη
1174 3463 1282 3547 φθοραὶ
1305 3464 1363 3524 τῶν
1387 3459 1460 3522 κατά
1482 3463 1535 3540 γῆν
1557 3456 1611 3519 οῦκ

248 3565 365 3649 ἀθρόων
400 3566 534 3627 ἁπάντων
573 3567 648 3628 ἀλλά
678 3570 736 3626 τῶν
770 3565 912 3628 πλείστων
946 3567 1009 3630 ῦυσί
1036 3573 1097 3635 ταῖς
1125 3565 1269 3649 μεγίσταις
1291 3565 1395 3632 αἰτίαις
1417 3560 1610 3625 ἀνατίθενται.

247 3669 406 3752 πυρόςκαὶ
431 3668 532 3737 ὕδατος
556 3667 687 3736 ἀλέκτοις
710 3674 822 3752 φοραῖς.
860 3672 1071 3754 κατασκήπτειν
1099 3669 1124 3732 δ’
1153 3668 1290 3751 ἑκατέραν
1313 3666 1343 3728 ἐν
1366 3666 1446 3748 μέρει
1468 3664 1554 3748 φασὶν
1579 3663 1609 3724 ἐν

247 3775 320 3834 πάνυ
353 3776 475 3855 μακραῖς
503 3771 576 3832 ἐτῶν
604 3771 755 3854 περιόῦοις.
799 3771 866 3834 ὅταν
895 3773 946 3853 μέν
973 3771 1023 3836 οῦν
1056 3773 1226 3856 ἐμπρησμὸς
1258 3769 1485 3853 καταλαμβάνῃ,
1520 3765 1601 3851 ῥεῦμ’

247 3874 378 3958 αἰθερίου
406 3875 496 3957 πυρός
524 3871 637 3935 ἀνωθεν
665 3872 839 3958 ἐκχεόμενον
866 3877 1005 3960 πολλαχῇ
1032 3875 1240 3938 σκεδάννυσθαι
1269 3872 1378 3954 μεγάλα
1406 3869 1531 3950 κλίματα
1557 3873 1609 3951 τῆς

205 4007 228 4042 σε
246 3977 417 4059 οἰκουμένης
445 3974 611 4059 ἐπιτρέχον·
642 3976 709 4038 όταν
737 3977 769 4038 ῦέ
797 3978 1014 4059 κατακλυσμός,
1048 3978 1162 4040 ἅπασαν
1192 3977 1244 4059 τὴν
1272 3977 1374 4042 ῦῦατος
1405 3969 1608 4054 [κατομβρίαν]

250 4232 447 4302 Ιῦπερσχοῦσης
458 4237 498 4285 M:
512 4231 709 4302 ϋπερεχοόσηςα
723 4237 812 4297 vulgo:
826 4233 899 4303 ὑπερ·
954 4238 1053 4286 Usener
1073 4234 1085 4302 ΙΙ
1110 4235 1141 4287 21
1165 4234 1260 4302 μᾶλλον
1281 4232 1375 4300 μᾶλλον
1398 4230 1523 4300 φθείρεται
1545 4232 1573 4279 M
1595 4231 1608 4296 Ιγ

246 4319 351 4389 χεοῦσης
364 4324 481 4385 Scaliger
495 4322 507 4388 Η
521 4323 536 4373 5
549 4319 629 4388 πολλή
643 4338 675 4371 ex
690 4319 783 4372 πολλοῦ
795 4340 859 4373 τοι-ι.
870 4340 899 4374 a:
951 4328 1069 4390 τραγικοῦ
1084 4328 1172 4389 Eurip.
1192 4327 1222 4373 ir.
1235 4324 1326 4375 8355.
1341 4320 1353 4385 11
1368 4330 1459 4385 poetae
1474 4321 1609 4368 restituen-

247 4406 309 4458 πολὺ
323 4412 350 4459 M
370 4407 382 4475 β
403 4412 418 4461 θ
432 4406 530 4477 Τιμαίιμ
541 4409 632 4476 pezii
652 4408 707 4460 ‘250
722 4406 735 4475 Η
755 4409 784 4460 10
797 4412 843 4476 τῆς
855 4407 900 4459 θα·
954 4412 1014 4460 dum
1027 4421 1088 4476 puio
1102 4410 1162 4479 πρὸς
1176 4408 1261 4470 ἄλλου,
1280 4412 1394 4474 Βετιιιιγε
1413 4405 1472 4474 πρὸς
1490 4402 1559 4472 ἄλλῳ
1579 4408 1611 4455 cs.

246 4494 421 4566 λάττηςοιτή
435 4495 612 4564 θαλάττηΜβ
629 4514 688 4546 num
701 4501 754 4546 τῶν
767 4496 828 4562 μὲνὶ)
843 4496 855 4559 {f
871 4496 900 4547 12
954 4501 1013 4548 Ait.
1033 4499 1184 4551 PLV193
1204 4495 1216 4563 {j
1238 4497 1271 4547 ‘25
1296 4501 1327 4546 cf.
1347 4502 1414 4560 Aug.
1443 4495 1609 4544 eiv.d.x11

248 4581 300 4649 βίον
317 4583 537 4652 ἀμφισβητήμασιν
555 4603 585 4634 a:
606 4583 667 4651 βίων
685 4583 902 4651 ἀμφισαντήμασιν
958 4585 995 4636 10.
1013 4587 1039 4636 11
1064 4585 1077 4650 ,θ
1100 4586 1134 4637 30
1152 4585 1176 4636 τί
1191 4589 1281 4649 vulgo:
1299 4584 1335 4641 τίς
1349 4588 1394 4635 uM
1408 4586 1523 4647 Beruays
1544 4579 1556 4645 ἰΙ
1576 4578 1610 4631 33

246 4671 274 4720 M
290 4667 303 4735 11
319 4669 348 4721 12
359 4672 415 4738 πρὶν
425 4671 468 4721 καὶ
480 4675 580 4737 scripsi:
595 4672 651 4739 πρὶν
663 4669 730 4738 παρὰ
739 4688 766 4721 a:
781 4671 836 4738 πρὶν
847 4672 902 4738 περὶ
953 4668 1012 4722 όταν
1023 4675 1063 4723 M:
1078 4670 1118 4723 ὅτε
1132 4691 1148 4721 υ
1162 4669 1175 4738 ΙΙ
1191 4671 1335 4742 ἐμπρησμὸς
1350 4676 1440 4736 vulgo:
1454 4670 1610 4737 ἐμπρησμοῑς

247 4759 287 4807 M:
311 4757 366 4823 περί
389 4759 491 4808 delebat
512 4760 668 4818 Buecheler,
691 4757 811 4825 ἐκατέρου
834 4763 898 4809 coni.
953 4758 1113 4828 αιέμπρησις
1123 4755 1374 4826 ΜγΙκαταλαμβάνει
1385 4762 1521 4810 σΜιυοτν.
1532 4759 1561 4807 M
1572 4773 1609 4821 pr.

246 4846 347 4895 Usener
362 4843 373 4908 β
391 4845 423 4896 15
435 4844 467 4894 τά
480 4846 543 4912 μέρη
558 4842 683 4912 φθείρεται
697 4864 726 4895 a:
739 4847 770 4896 τό
785 4864 834 4896 om,
846 4849 875 4897 M
886 4847 899 4912 Ιγ
953 4864 1020 4897 niun.
1041 4846 1053 4911 λγ
1075 4848 1109 4898 35
1122 4844 1180 4896 όταν
1194 4849 1234 4896 M:
1255 4844 1295 4896 ότε
1309 4866 1325 4895 ιι
1339 4845 1351 4911 1,
1366 4846 1400 4897 35
1413 4844 1567 4912 καταμβρίαν
1580 4844 1610 4892 M

250 4931 279 4981 17
298 4931 382 4981 καὶΜ
401 4934 491 4994 vulgo:
511 4929 559 4981 κάν
576 4950 593 4982 ο
612 4930 624 4998 ΙΙ
647 4935 679 4986 19
698 4930 814 5001 δέχεσθαι
833 4937 900 4985 coni.
954 4937 1043 4998 vulgo:
1064 4951 1114 4984 υιιι.
1131 4951 1155 4984 ιι.
1181 4935 1281 4984 addidit
1303 4936 1346 4997 qui
1367 4935 1508 4983 subiectum
1531 4948 1609 4981 κατα-
