3464 5586
260 324 322 387 196
532 325 597 374 xvt
633 323 683 373 DE
704 322 806 373 suun
824 322 1061 374 I’LACITOBUM
1081 320 1352 373 COMPOSITIONE

260 492 384 557 ίινίοσ1
421 494 507 556 sotus
539 493 650 574 recipit
683 488 886 578 [1.ιιιιρι·ν],
920 494 1014 555 ceteri

258 596 396 659 uniuersi
415 594 631 677 inprobarum.
712 629 716 637 ·

349 696 501 782 Sequitur
524 695 761 764 Chaldaeorum
784 696 866 763 ratio
889 696 955 764 c.8
976 715 1049 763 cum
1071 693 1205 761 Placitis
1227 695 1256 760 V
1274 694 1315 761 18
1334 707 1350 760 6
1372 696 1400 760 et
1423 696 1622 781 μαθηματικοί

258 799 319 863 κτὲ.
351 800 386 865 in
413 819 571 866 summum
598 817 757 884 congrua,
785 799 844 866 sed
866 799 967 864 multo
996 796 1134 863 uberior.
1179 795 1277 862 etiam
1299 797 1402 882 magis
1424 799 1622 868 consentiret

258 901 285 966 si
307 902 389 969 haec
411 904 448 967 τὰ
469 903 502 966 δὲ
528 902 670 967 ἀσύνδετα
693 896 787 988 ζῴδιά
805 901 881 967 ἐστιν
900 901 950 966 ἐὰν
965 905 1023 966 τῶν
1039 899 1318 965 οἰκοδεσποτούντων
1333 900 1462 986 ἀστέρων
1477 905 1620 990 τυγχάνῃ.

257 1004 308 1069 ἐᾶν
323 1005 377 1089 γάρ
398 1029 440 1075 τις
461 1006 571 1070 τούτων
593 1006 645 1091 τὴν
669 1007 748 1092 ζωὴν
770 1007 818 1070 καί
841 1006 890 1070 τὸν
913 1005 974 1089 βίον
996 1004 1147 1087 κληρώσρ,
1170 1003 1321 1088 δυστυχεῖς
1343 1004 1390 1067 καί
1409 1004 1553 1091 ἀχρόνους
1570 1027 1620 1091 στρ

258 1108 367 1190 μαίνει,
398 1128 482 1191 quae
514 1128 620 1193 neque
644 1107 717 1192 ipsa
742 1106 897 1190 intellego
927 1124 987 1172 neo
1014 1123 1085 1170 cum
1117 1102 1241 1188 reliqua
1274 1104 1399 1172 ratione
1434 1104 1621 1188 cohaerent,

256 1208 455 1296 interpolata
484 1231 558 1279 esse
585 1210 654 1277 sive
682 1209 725 1276 ah
752 1208 847 1276 Aetio
874 1207 944 1275 sira
969 1225 990 1272 a
1018 1206 1192 1272 Plutarcho
1222 1206 1436 1275 crederemus.
1480 1209 1622 1278 maxima

256 1309 331 1378 huie
358 1312 563 1380 coniecturae
589 1312 679 1380 lavat
705 1311 792 1395 quod
820 1307 1031 1394 regnantibus
1059 1308 1200 1393 planctis
1223 1309 1350 1376 omissis
1372 1317 1481 1378 cetera
1502 1311 1622 1380 similia

256 1411 334 1481 ient
346 1413 586 1483 Chaldaeorum
600 1414 768 1483 doctrinas
783 1433 880 1500 quam
895 1410 1057 1496 excerpsit
1068 1410 1224 1479 Geminus
1235 1413 1337 1479 Elem.
1349 1419 1471 1481 asuon.
1485 1413 1619 1483 Uranol.

257 1517 325 1584 Pet.
348 1539 380 1602 p.
397 1516 482 1585 dn'
514 1518 693 1603 Epiganem
719 1516 804 1583 infra
829 1516 1029 1599 astrologum
1059 1513 1239 1580 nominavit
1267 1513 1464 1582 Censorinus
1487 1517 1564 1581 114
1585 1524 1620 1584 et

256 1619 423 1688 coniunxit
456 1641 527 1688 cum
561 1621 694 1689 Beroso.
746 1619 877 1687 eosdem
911 1617 1100 1685 coniunctos
1133 1636 1175 1683 ex
1203 1617 1349 1685 Varrone
1383 1618 1462 1687 citat
1493 1620 1619 1687 Plinius

255 1720 296 1787 N.
308 1721 349 1789 H.
364 1722 425 1789 VH
442 1725 548 1791 160.⁸

332 1946 340 1978 ¹
359 1951 426 2000 llist.
445 1951 522 2001 anim.
538 1952 591 2003 VII
609 1954 626 2005 4
644 1972 670 2020 ρ.
683 1951 753 2006 584¹>
768 1953 790 2005 1.
826 1952 859 2003 V.
878 1952 948 2004 Reae
968 1951 1014 2002 Ar.
1032 1950 1121 2016 pssum.
1140 1967 1166 2015 p.
1179 1945 1240 2003 333.
1275 1951 1336 2002 Inde
1361 1953 1488 2007 VarronIs
1506 1957 1617 2008 facetiae

255 2036 283 2085 in
300 2036 467 2088 Testamento
481 2046 569 2090 satura
587 2039 648 2090 iad
666 2057 691 2105 p.
705 2037 797 2094 33311.
815 2038 840 2090 ss'
857 2037 916 2103 quie
934 2036 1000 2089 etthi
1010 2036 1089 2104 filias
1107 2051 1176 2088 ussus
1191 2035 1316 2103 pluresue
1335 2039 1364 2090 ist
1382 2039 1470 2093 decem
1488 2040 1618 2092 menum

253 2121 411 2190 gignuntur,
430 2123 453 2175 ii
470 2124 496 2176 si
518 2135 595 2177 erum
618 2121 669 2178 ίίνοι
691 2125 766 2197 λῦρας
789 2124 928 2177 exhereda
949 2133 1035 2177 sacto.
1072 2124 1143 2192 quod
1163 2131 1185 2176 st
1207 2123 1267 2190 qais
1289 2125 1425 2179 wdecim
1448 2143 1536 2181 meuse
1557 2125 1614 2181 κατί

254 2204 417 2279 Ἀριστοτέλη
436 2221 516 2264 statas
534 2222 581 2276 est,
601 2213 681 2265 Accio
699 2213 770 2265 idem
787 2213 857 2279 quod
878 2211 947 2264 Titio
966 2213 1009 2264 ius
1027 2220 1079 2264 esto
1097 2215 1172 2280 apud
1188 2229 1237 2264 mc.

327 2294 464 2351 ²fortasse
484 2302 546 2351 olim
564 2304 777 2368 interpolatorum
796 2303 855 2351 loco
874 2302 938 2352 haec
957 2301 1095 2366 explicatio
1115 2304 1224 2353 exstitit:
1241 2301 1274 2353 cd
1291 2299 1318 2351 dd
1337 2297 1438 2353 σ’ννδττα
1456 2299 1533 2372 ζῴδιά
1550 2302 1616 2356 ίσττν

256 2384 322 2436 κατὰ
340 2383 482 2454 διάμετρον·
501 2385 569 2456 κριὸς
587 2386 647 2458 πρὸς
664 2386 750 2456 ζυγόν,
773 2390 863 2456 ταῦρος
880 2386 941 2458 πρὸς
959 2386 1077 2456 σκορπίον
1095 2385 1151 2440 κτλ.
1169 2392 1199 2441 ci.
1218 2391 1311 2442 Manil.
1329 2390 1358 2440 11
1376 2386 1491 2456 395sqq.
1519 2392 1565 2443 aad
1583 2392 1616 2443 de

256 2473 375 2524 omnibus
395 2475 434 2525 his
452 2476 529 2527 rebus
547 2478 611 2528 nihil
629 2492 676 2542 pro
698 2484 769 2528 certo
788 2490 893 2541 possum
910 2477 1038 2528 affirmare
1056 2485 1085 2528 ut
1102 2477 1196 2543 hospes
1215 2479 1243 2528 in
1261 2477 1452 2541 astrologorum
1469 2481 1553 2544 nugis.

327 2558 409 2612 anou
428 2564 629 2627 praetereundus
642 2572 698 2615 erat
710 2565 834 2616 Manilius
853 2565 897 2628 qui
915 2565 1016 2626 dicitur,
1034 2566 1057 2614 si
1070 2564 1192 2630 (stuppeo
1210 2565 1275 2615 tides
1293 2563 1412 2615 habenda
1429 2574 1497 2616 emet
1515 2563 1615 2629 [Herm.

256 2649 296 2700 XI
316 2645 367 2700 335
380 2646 482 2713 sqq.]e
507 2653 628 2703 Varrone
646 2652 710 2702 illud
729 2666 832 2702 carmen
855 2659 937 2703 totnm
959 2652 1079 2704 haustum
1102 2667 1158 2703 esse
1180 2652 1355 2703 contendenti.
1379 2652 1449 2714 quod
1471 2668 1544 2704 secas
1568 2662 1615 2704 cst

254 2737 311 2802 ipsa
328 2738 411 2802 prima
428 2740 484 2789 eius
502 2738 581 2790 verba
601 2731 683 2789 ‘derra
701 2736 745 2790 die
761 2736 945 2806 griechischen
963 2737 1137 2791 Astrcrrcmetr
1156 2738 1286 2806 septenes
1304 2736 1348 2790 die
1365 2736 1548 2808 Aafsaehlaap
1565 2738 1615 2791 der

253 2820 477 2875 Zeds‘acclhildcr
493 2823 541 2876 mit
558 2822 616 2876 dem
632 2820 727 2887 Krehs,
745 2825 888 2878 ucchrersd
906 2825 950 2877 dic
966 2825 1076 2878 Rcemer
1093 2842 1145 2878 οοα
1162 2825 1218 2876 dem
1239 2824 1347 2878 Widder
1365 2821 1501 2893 casgchcrr'
1524 2828 1617 2878 miram

253 2913 443 2976 ignorationem
461 2913 581 2978 produnt.
600 2928 660 2963 nam
669 2913 717 2963 atsi
726 2913 831 2964 Eudoxi
841 2928 997 2979 parapegma
1006 2930 1022 2965 a
1031 2915 1107 2967 leone
1118 2918 1218 2967 initium
1228 2917 1304 2981 cepit,
1318 2914 1451 2979 Callippus
1460 2913 1614 2978 atqueDio·

253 3003 341 3067 nysius
354 3017 370 3053 a
384 3016 488 3061 cancro,
501 3003 657 3065 posteriores
669 3000 702 3050 ab
711 3002 792 3051 ariete
802 3000 872 3051 velut
884 3001 1055 3052 Posidonianl
1065 3002 1190 3055 Geminus
1201 3020 1226 3068 p.
1237 3001 1248 3053 l
1261 3002 1427 3065 Achillaeque
1437 3017 1462 3066 p.
1473 2999 1545 3052 1442
1556 3001 1614 3051 Pet.

253 3097 280 3138 et
304 3088 372 3152 quod
396 3089 476 3152 pluris
499 3097 538 3138 est
562 3089 616 3153 ipse
638 3087 804 3138 Ptolemaeus
827 3089 968 3152 perspicuis
991 3088 1075 3139 verbis
1100 3092 1193 3154 almeg.
1211 3089 1274 3141 117
1297 3106 1322 3154 p.
1336 3085 1370 3141 33
1388 3087 1449 3138 Bas.
1469 3085 1503 3140 90
1526 3087 1614 3138 Halm.

254 3190 328 3238 quem
347 3174 421 3225 Theo
441 3189 532 3226 comm.
545 3177 573 3225 in
591 3174 644 3226 tab.
658 3189 726 3225 man.
739 3176 780 3225 ed.
801 3177 895 3226 Helnra
912 3192 938 3240 p.
952 3171 985 3225 38
992 3191 1030 3239 sq.
1049 3178 1172 3239 sequitur.
1201 3185 1313 3227 ceterum
1332 3192 1385 3227 non
1403 3176 1490 3226 nullae
1509 3174 1613 3226 tabulae

254 3264 356 3313 variant
374 3263 467 3326 partim
479 3262 587 3325 antiquo
601 3261 691 3311 ordine
703 3269 805 3312 servato
819 3261 923 3327 (almag.
936 3263 964 3313 H
979 3259 1011 3313 13
1030 3278 1055 3327 ρ.
1069 3260 1138 3314 51Β.
1155 3260 1204 3314 134
1218 3264 1304 3314 Helm
1323 3262 1375 3314 tab.
1389 3276 1459 3313 man.
1472 3262 1513 3312 ed.
1526 3262 1613 3312 Halm.

252 3348 280 3398 II
293 3347 327 3400 98
337 3349 404 3413 sqq.)
423 3350 514 3414 partim
528 3349 679 3413 capricorno
693 3351 825 3413 proposito
839 3348 890 3400 tab.
904 3365 973 3400 man.
986 3351 1000 3399 1
1015 3344 1064 3402 148
1073 3365 1129 3414 sqq.
1144 3353 1201 3414 quis
1214 3350 1320 3400 arietem
1332 3350 1429 3413 primm
1442 3349 1615 3400 introduxerit

256 3434 414 3487 Graecorum
432 3436 578 3500 ambigitur.
596 3450 656 3486 nam
673 3437 743 3499 qnod
761 3441 848 3501 posuit
860 3438 1022 3489 Latronneus
1041 3435 1099 3500 [sur
1113 3436 1235 3504 l'crs'ps'nc
1249 3434 1286 3486 dc
1299 3433 1429 3501 sociisque
1443 3433 1511 3486 (irce
1523 3442 1550 3488 et
1566 3450 1614 3485 sar

248 3518 381 3585 plusieurs
392 3522 482 3590 points
492 3531 539 3574 ete.
552 3524 645 3574 Journ.
656 3524 701 3574 des
711 3538 765 3574 sar.
778 3521 844 3575 1839
857 3522 940 3588 prce
954 3526 999 3574 sed
1013 3526 1044 3574 cs.
1057 3527 1172 3576 eiusdem
1181 3540 1228 3575 sur
1240 3521 1362 3588 l'cripirre
1374 3520 1492 3588 (iraeque
1504 3519 1542 3572 da
1554 3520 1614 3573 eod.

248 3607 369 3674 pretend.
382 3599 480 3677 Egypt.
493 3610 507 3675 ξ
519 3613 545 3661 V
563 3611 651 3662 Revue
665 3611 697 3661 de
710 3610 779 3662 deux
792 3611 899 3662 mondes
916 3608 991 3674 1837,
1011 3609 1146 3676 Melanges
1160 3610 1317 3662 d'e'rudition
1329 3610 1361 3660 de
1374 3610 1442 3659 Letr.
1457 3627 1481 3674 p.
1495 3605 1613 3672 33-34]

251 3697 428 3762 Hipparchum
451 3698 584 3748 zodiacum
608 3699 642 3748 ad
665 3699 752 3748 eriath
776 3699 877 3749 initium
900 3699 1046 3761 ordinasse,
1072 3714 1102 3749 eo
1126 3700 1214 3749 nititur
1242 3698 1312 3760 quod
1339 3697 1483 3748 Ptolemaei
1502 3695 1613 3747 lixanum

250 3784 381 3834 stellarum
407 3784 521 3836 tabulam
545 3786 604 3836 alm
622 3785 676 3835 VH
701 3793 766 3836 extr.
786 3786 853 3836 VIII
872 3786 1062 3851 Hipparcheam
1081 3787 1199 3846 credunt,
1219 3787 1263 3836 ubi
1287 3802 1312 3850 p.
1329 3781 1378 3835 184
1388 3798 1444 3847 sqq.
1463 3783 1525 3834 Bas.
1544 3784 1612 3834 aries

252 3871 304 3921 dux
324 3881 363 3921 est
384 3874 525 3936 signorum.
548 3874 618 3937 quod
641 3873 716 3924 aliter
737 3888 765 3924 se
790 3872 884 3923 habere
908 3874 995 3924 docuit
1017 3872 1211 3925 Schanbachius
1235 3869 1326 3934 [Iahne
1351 3871 1440 3922 archiv
1463 3872 1480 3921 i.
1503 3870 1567 3935 phil.
1585 3886 1613 3920 n.

250 3959 324 4022 paad.
344 3959 398 4009 VH
411 3956 444 4011 55
455 3975 511 4024 sqq.
531 3961 557 4010 X
571 3956 632 4010 334.
645 3956 718 4022 3361
746 3960 908 4025 Hipparchus
921 3961 947 4010 in
961 3964 1146 4013 commentario
1166 3964 1209 4025 qui
1228 3968 1312 4010 exstat
1324 3960 1356 4009 de
1368 3960 1453 4009 Arato
1471 3950 1613 4007 itendldam

250 4059 266 4095 a
279 4060 373 4096 cancro
386 4047 550 4111 progreditur
563 4063 588 4111 p.
603 4042 654 4097 345
664 4060 720 4109 sqq.
740 4043 790 4098 349
800 4063 856 4113 sqq.
867 4048 924 4098 Pet.
943 4049 988 4099 ssd
1000 4048 1057 4099 fleri
1070 4052 1184 4115 potuisse
1197 4043 1316 4100 ucetiam
1329 4048 1356 4096 in
1368 4048 1475 4097 arietem
1488 4044 1612 4095 incideret

249 4133 411 4198 Hipparchus
424 4135 554 4185 exlatimst
566 4134 705 4196 Usenerus,
725 4135 769 4197 qui
782 4134 814 4184 de
828 4143 1036 4187 astronomorum
1048 4136 1192 4188 rationibus
1211 4148 1258 4185 sua
1276 4149 1316 4184 me
1335 4133 1480 4185 erudltlcne
1499 4131 1611 4197 henigne

247 4219 356 4269 adiuvit.
385 4228 497 4272 ceterum
516 4228 544 4271 nt
561 4229 769 4272 astronomorum
788 4224 895 4274 omnino
918 4240 971 4274 non
994 4232 1093 4275 mutum
1111 4225 1246 4282 intererat,
1271 4221 1342 4284 quod
1363 4222 1464 4285 signum
1481 4219 1610 4285 principa·

247 4312 303 4355 tnm
321 4307 428 4358 haberet
446 4308 524 4359 modo
543 4315 669 4371 quaterna
686 4310 749 4360 anni
767 4312 851 4374 spada
870 4310 1076 4374 observarentur,
1095 4312 1133 4362 ita
1150 4308 1288 4372 asmologis
1306 4307 1356 4357 hoc
1375 4307 1416 4358 vel
1434 4308 1550 4372 inprlmis
1568 4321 1610 4356 rs·

247 4393 406 4457 spiciendum
418 4395 474 4445 fult.
495 4395 526 4445 de
540 4394 679 4446 Chaldaeis
691 4397 804 4460 antiquis
823 4398 854 4448 cf.
867 4399 1027 4449 Lenormant
1040 4397 1179 4465 Asfceagc
1190 4393 1240 4445 der
1254 4391 1348 4445 Cieltcs·
1359 4391 1442 4446 1148.
1465 4394 1525 4445 inde
1537 4393 1610 4446 Sext

246 4478 306 4530 adv.
319 4481 439 4532 matham.
452 4482 477 4532 V
487 4481 511 4533 7.
524 4480 565 4532 11.
578 4478 610 4532 31
635 4490 716 4533 artem
733 4497 823 4534 eorum
842 4487 1007 4550 expositurus
1024 4485 1057 4536 ab
1070 4486 1149 4536 ariete
1162 4483 1253 4547 incipit
1265 4483 1375 4546 itemque
1389 4481 1522 4546 Hippolyt.
1535 4481 1610 4531 reiut.

246 4565 285 4615 IV
301 4564 332 4617 15
351 4584 376 4632 ρ.
389 4566 433 4631 80,
449 4569 481 4620 14
500 4569 571 4622 Gott.
584 4569 609 4619 V
625 4566 657 4620 13
675 4586 700 4635 ρ.
715 4567 774 4633 130,
787 4568 830 4625 36.
843 4570 886 4624 43.
907 4568 966 4634 183,
980 4570 1022 4624 50.
1041 4572 1080 4623 VI
1090 4567 1125 4623 38
1142 4586 1168 4635 ρ.
1181 4566 1241 4632 368,
1258 4567 1299 4621 15.
1317 4570 1429 4634 apertius
1442 4567 1523 4619 schol.
1535 4568 1609 4618 Aret

245 4669 271 4718 p.
281 4652 324 4715 99,
335 4651 369 4705 39
383 4654 466 4706 Behlr.
484 4652 524 4706 διὰ
536 4653 561 4706 τί
572 4651 622 4707 erl
634 4657 679 4706 τοῦ
692 4655 812 4726 καρκίνον
824 4655 916 4728 ἤρξατο
929 4656 1049 4722 [Metus]
1062 4655 1106 4708 καλ
1117 4656 1197 4707 ταῦτα
1209 4657 1262 4706 τῶν
1272 4649 1415 4723 Αίγυτττίων
1427 4651 1465 4704 eu
1477 4649 1526 4705 erl
1538 4653 1611 4722 κριοῦ

244 4735 424 4807 λαμβανόντων
442 4739 488 4808 τὴν
506 4738 600 4810 ἀρχήνς
618 4738 656 4794 ὅτι
673 4740 757 4796 studet
775 4742 813 4795 dcl
832 4741 884 4795 ἀπὸ
895 4747 949 4796 τῶν
962 4743 1065 4815 βορείων
1084 4735 1420 4813 ἅρχεσ3α1,βορετότεροςῦί
1439 4737 1491 4791 ίστι
1509 4739 1610 4791 πάντων

245 4823 259 4876 ὁ
277 4824 403 4894 καρκίνος.
422 4825 445 4877 ο1
463 4824 490 4877 dl
507 4823 676 4898 Aiginetes
694 4829 799 4888 ιίκίαως
811 4829 860 4884 ἀπὸ
872 4835 918 4883 τοῦ
929 4834 1002 4900 κριοῦ
1015 4832 1143 4883 ποιοῦνται
1155 4829 1202 4899 τὴν
1214 4825 1295 4897 ἀρχὴν
1308 4826 1388 4879 πάντα
1400 4823 1432 4878 τὰ
1450 4823 1526 4895 (uidua
1544 4825 1611 4879 sere

244 4910 375 4982 ἀναλογίαν
398 4909 565 4979 λαμβάνοντες
588 4925 640 4970 τῶν
663 4916 755 4986 μελῶν.
793 4921 937 4986 Aegyptios
960 4936 1012 4971 non
1035 4927 1135 4970 veteres
1158 4921 1281 4981 intellego
1308 4918 1353 4979 qui
1376 4929 1393 4966 a
1416 4929 1511 4967 cancro
1535 4914 1609 4981 (Slrli
