3442 5588
636 375 917 426 rnonncounnn
1416 375 1457 436 65

94 541 227 607 saeculo
253 540 451 625 superiorem
479 560 551 606 esse
577 539 724 606 fraudem
751 540 1001 607 demonstratur.
1046 547 1144 624 atque
1174 541 1310 624 primum
1337 559 1378 606 ea
1404 540 1458 605 ria

96 642 264 707 obstructa
286 648 347 713 est.
370 649 405 706 ut
426 661 625 726 anonymum
647 641 790 708 libellum
813 651 945 726 propter
972 643 1100 726 generis
1121 642 1362 707 similitudinem
1386 642 1459 706 Plu·

94 743 236 809 tarcheis
258 743 415 828 additum,
437 752 505 808 tum
526 742 602 808 inde
624 763 742 809 nomen
764 745 902 810 traxisse
926 744 1080 829 dicamus,
1102 744 1137 809 id
1157 745 1244 827 quod
1267 743 1308 808 de
1330 742 1412 807 Vitis
1427 743 1459 806 X

95 852 261 911 oratorum
282 846 400 928 aliquis
422 845 570 911 coniciat.
603 844 662 910 sed
677 845 874 928 singularem
892 846 1007 912 librum
1030 867 1070 912 ex
1090 847 1283 930 antiquitate
1305 844 1458 908 traditum

94 955 291 1030 acceperunt
315 947 496 1033 Byzantini,
520 947 605 1029 quod
629 967 670 1012 ex
692 948 861 1033 archetypi
884 948 1072 1015 condicione
1095 969 1194 1033 supra
1215 946 1307 1014 erici.
1347 953 1381 1010 at
1403 944 1459 1009 ho-

96 1069 284 1134 monymum
311 1049 451 1115 sortasse
473 1049 681 1115 Plutarchum
709 1051 855 1117 afferent.
901 1057 974 1116 sunt
995 1051 1080 1116 enim
1108 1050 1222 1133 quibus
1252 1047 1333 1114 haec
1360 1048 1460 1132 expli-

95 1152 190 1217 candi
204 1152 288 1218 ratio
301 1153 501 1236 perplaceat,
518 1159 688 1236 postquam
700 1153 883 1219 Heroherus
895 1153 1056 1218 Arabibus
1065 1152 1142 1218 fisus
1157 1152 1199 1217 ah
1215 1153 1317 1216 altero
1330 1150 1459 1234 aequali

95 1254 273 1321 Plutarcho
295 1254 441 1319 libellum
456 1253 497 1318 de
520 1253 625 1320 fluviis
641 1256 856 1340 conscriptum
880 1255 1016 1321 coniecit
1039 1255 1145 1321 esse.¹
1177 1262 1212 1319 at
1234 1254 1306 1336 quis
1328 1254 1460 1319 tandem

96 1358 289 1444 Πλουτάρχου
317 1357 479 1441 φιλοσόφου
510 1355 637 1421 titulum
666 1357 709 1422 ad
740 1357 839 1423 alium
866 1358 1025 1424 rettulerit
1053 1377 1150 1441 quam
1178 1356 1461 1424 Chaeronensem?

95 1480 172 1525 nam
196 1459 468 1544 Neoplatonicum
490 1478 533 1524 ne
547 1458 719 1545 Byzantini
742 1461 871 1543 quidem
891 1459 1121 1527 confudissent.
1155 1480 1251 1544 porro
1267 1466 1302 1524 ut
1316 1461 1462 1543 ignotum
1582 1483 1584 1487 ¹

95 1562 262 1645 quendam
278 1562 488 1627 Plutarchum
503 1561 561 1626 illa
575 1569 685 1628 aetate
707 1563 873 1646 scripsisse
896 1562 1016 1644 largiar
1038 1561 1158 1647 (neque
1181 1562 1266 1628 enim
1290 1582 1397 1627 rarum
1412 1568 1462 1628 est

94 1664 246 1749 nomen),
278 1664 351 1747 quis
377 1671 427 1729 tot
447 1683 487 1730 ac
509 1670 575 1729 tam
598 1665 709 1731 variae
731 1666 897 1731 doctrinae
918 1664 1003 1731 fetus
1025 1664 1067 1729 ah
1090 1685 1153 1730 uno
1176 1663 1366 1730 tenebrione
1388 1684 1462 1729 con·

93 1775 189 1835 sutos
216 1787 288 1834 esse
317 1765 379 1832 sibi
407 1767 624 1849 persuadeat?
656 1786 763 1851 apage
783 1761 907 1833 fraudis
927 1767 991 1833 ista
1012 1767 1175 1833 lenocinia
1200 1786 1239 1831 ac
1261 1769 1460 1833 velamenta!

94 1879 247 1937 tenemus
269 1869 514 1953 epitomatorem
537 1890 682 1936 summae
704 1871 846 1936 levitatis
869 1871 1050 1937 convictum
1072 1891 1133 1936 nec
1153 1869 1196 1935 ab
1210 1869 1462 1952 interpolatione

94 1974 251 2040 alienum.
296 1972 372 2056 quid
393 1972 646 2055 tergiversamur
667 1993 709 2038 ne
731 1972 858 2037 titulum
885 1973 989 2039 abeo
1015 1973 1245 2057 interpolatum
1272 1970 1463 2037 credamus?

95 2078 223 2144 seilicet
249 2097 290 2143 ea
317 2077 447 2142 demum
473 2074 562 2139 fraus
588 2076 710 2141 lucrum
735 2075 887 2140 adlatura
913 2083 1000 2160 erat,
1030 2095 1114 2159 quae
1140 2072 1264 2158 pittacii
1290 2071 1463 2157 splendore

96 2179 286 2246 interiorem
309 2175 490 2243 exilitatem
513 2177 644 2243 celaret
689 2197 795 2259 neque
817 2176 963 2261 profecto
986 2197 1060 2243 eum
1082 2177 1164 2243 ratio
1187 2175 1313 2243 fefellit.

182 2279 266 2345 Huic
280 2277 455 2363 suspicioni
471 2277 551 2344 mire
566 2277 655 2345 favet
670 2286 762 2346 aetas
777 2298 842 2362 qua
857 2279 1039 2346 coniectum
1055 2299 1128 2345 esse
1142 2279 1223 2344 illud
1238 2277 1464 2362 compendium

97 2383 169 2449 reri
192 2381 296 2448 simile
317 2386 377 2447 est.
421 2400 497 2446 nam
524 2401 565 2447 ne
588 2382 674 2446 ultra
699 2400 820 2445 annum
843 2381 903 2445 177
932 2380 1167 2448 descendamus
1194 2382 1302 2447 obstat
1322 2379 1465 2445 Athena·

96 2503 207 2567 goras.
245 2489 360 2548 contra
382 2481 439 2548 illo
463 2483 594 2548 saeculo
616 2482 756 2566 priorem
780 2481 936 2565 originem
959 2482 1015 2548 vix
1037 2482 1207 2566 qnisquam
1230 2482 1388 2566 suadebit,
1411 2480 1465 2563 qui

98 2584 268 2653 Plutarchi
290 2584 404 2668 inepta
425 2584 650 2650 additamenta
672 2585 762 2651 velut
782 2585 881 2649 1311
906 2585 1465 2651 31s11413111181111‘ls

99 2689 171 2754 181
195 2695 229 2755 et
243 2688 352 2754 varias
368 2687 526 2754 lectiones
541 2684 642 2773 [velut
655 2688 671 2752 Ι
688 2689 728 2752 13
744 2707 756 2757 1
774 2690 854 2772 πρὶν
870 2688 1033 2773 στοιχείων,
1049 2688 1139 2754 Stob.
1155 2690 1211 2773 πρὸ
1226 2693 1284 2752 τῶν
1301 2683 1465 2772 στοιχείων]

99 2787 368 2855 consideraverit.
402 2809 508 2872 neque
530 2809 608 2855 vero
631 2796 698 2854 tam
720 2790 939 2873 impudentem
958 2789 1055 2857 facile
1071 2791 1200 2857 credam
1214 2789 1319 2856 furem
1333 2793 1370 2852 ut
1390 2787 1465 2854 viro

99 2889 278 2957 Plutarcho
294 2890 507 2958 miserrimam
519 2892 683 2976 epitomen
694 2890 851 2962 subillius
862 2893 992 2959 nomine
1003 2893 1173 2960 venditare
1185 2912 1284 2958 ausus
1296 2889 1345 2955 sit.
1369 2889 1466 2956 immo

99 3001 178 3079 post
203 2993 274 3060 eius
297 3000 432 3060 mortem
460 3015 531 3060 cum
558 2994 673 3059 laudes
700 2994 803 3077 magis
830 2995 864 3059 in
886 2995 956 3060 dies
981 2995 1138 3061 celebrari
1166 3001 1302 3079 coeptae
1328 2999 1402 3056 sunt
1428 3011 1468 3058 ac

101 3095 234 3182 plurimi
255 3094 430 3179 scriptores
444 3104 480 3162 ut
495 3096 678 3163 Favorinus
693 3096 819 3162 Taurus
835 3096 961 3162 Gellius
976 3096 1120 3163 Galenus
1134 3096 1291 3182 Apuleius
1309 3093 1468 3160 Aristides

103 3201 293 3284 Polyaenus
313 3197 348 3263 in
368 3197 533 3264 laudando
555 3197 613 3264 illo
636 3205 669 3265 et
691 3198 896 3283 excerpendo
911 3199 995 3264 inter
1010 3219 1046 3265 se
1061 3205 1276 3281 certaverunt,
1300 3204 1366 3261 turn
1385 3195 1469 3260 frau-

102 3300 230 3367 dulenti
252 3299 383 3383 quidam
405 3299 553 3366 homines
576 3308 611 3366 ut
633 3301 762 3384 legendi
786 3306 819 3367 et
841 3300 986 3367 discendi
1013 3301 1121 3367 ardori
1148 3322 1211 3384 quo
1238 3307 1305 3364 tum
1329 3298 1469 3364 maxime

104 3422 221 3469 omnes
244 3401 427 3485 flagrabant
449 3403 665 3487 consulerent,
688 3424 730 3469 ex
751 3402 841 3468 libris
864 3404 1053 3487 plerumque
1075 3403 1168 3469 bonis
1190 3399 1382 3485 compendia
1404 3421 1471 3467 cor·

103 3503 267 3571 radebant
288 3504 380 3569 nulla
400 3503 468 3568 alia
490 3503 645 3570 novitatis
668 3505 774 3588 gratia
794 3505 858 3570 nisi
879 3504 1006 3571 fallacis
1021 3504 1105 3571 tituli
1120 3502 1355 3570 commendata.
1388 3502 1471 3568 inter

103 3605 168 3671 hos
195 3604 297 3670 libros
323 3605 489 3671 Plutarchi
513 3605 701 3673 ferebantur
723 3606 904 3691 Stromata,
932 3606 974 3672 de
1001 3607 1137 3691 musica,
1165 3607 1207 3672 de
1233 3606 1301 3671 rita
1327 3603 1471 3688 Homeri,

104 3706 249 3774 fortasse
272 3706 584 3790 apophthegmatum
608 3708 825 3794 collectiones,
848 3709 934 3775 unde
954 3709 1065 3774 variae
1080 3715 1196 3792 postea
1211 3714 1382 3790 excerptae
1396 3713 1472 3771 sunt

106 3808 161 3896 [cd
176 3807 417 3876 Schneidewin.
434 3808 536 3893 praef.
552 3810 596 3875 ad
612 3806 708 3894 Corp.
725 3813 873 3879 Paroem.
889 3813 905 3876 I
920 3809 1031 3898 xxxvl,
1054 3811 1151 3895 paulo
1166 3808 1385 3893 impudentius
1399 3829 1472 3873 oon-

105 3910 185 3977 ficta
199 3912 363 3978 Parallela
378 3913 504 3978 minora
523 3917 555 3977 et
570 3912 612 3978 de
626 3912 741 3979 fluviis.
756 3913 767 3942 '
793 3914 908 3980 eadem
921 3912 1036 3977 fraude
1049 3911 1284 3995 Apollodorum
1299 3916 1367 3975 tum
1382 3930 1474 3994 prae

106 4012 255 4096 ligabant
289 4013 511 4099 mythologico
541 4015 750 4098 compendio,
785 4015 870 4098 quod
904 4014 940 4080 C.
967 4013 1127 4080 Robertus
1157 4033 1261 4097 nuper
1292 4010 1389 4079 evicit
1421 4011 1473 4100 [de

184 4341 192 4372 ¹
212 4346 270 4407 quis
288 4345 365 4394 fuerit
383 4338 546 4412 lllohrcpqoc
565 4341 578 4394 b
596 4341 716 4411 νιώτιρσς
735 4357 811 4405 quem
829 4343 861 4392 de
881 4344 972 4393 sirenis
990 4341 1066 4392 affert
1084 4341 1172 4389 Tasta.
1192 4339 1304 4390 chiliad.
1323 4336 1407 4390 1343
1430 4336 1474 4400 [ci.

112 4431 241 4481 Heraclii.
257 4431 357 4481 incred.
373 4430 417 4493 14]
436 4431 469 4480 ad
482 4431 612 4495 Lycophr.
632 4429 684 4484 653
702 4434 799 4481 nescio.
819 4432 943 4481 Hercheri
962 4428 1104 4479 rationibus
1123 4427 1274 4476 adversatus
1293 4435 1331 4475 est
1349 4426 1475 4475 G.Mue1·

111 4518 183 4567 lerus
206 4517 240 4570 G.
259 4518 291 4569 G.
311 4519 349 4568 hl.
367 4519 395 4568 11
413 4534 438 4582 p.
451 4518 511 4568 LII.
547 4533 607 4568 nam
625 4521 669 4581 qui
688 4515 833 4586 συναγωγὴν
851 4515 966 4585 ἱστοριῶν
984 4510 1192 4583 παραλλήλων
1210 4509 1348 4580 1λληνικῶν
1366 4513 1411 4564 rral
1429 4511 1477 4581 ῥω-

110 4607 216 4669 purnes
238 4607 397 4671 composuit,
422 4621 454 4655 ne
479 4606 521 4655 ille
546 4604 678 4655 Plutarchi
702 4606 945 4670 parallelorum
969 4603 1099 4667 scriptoris
1123 4615 1260 4665 personam
1283 4601 1371 4650 irande
1396 4602 1476 4650 maui-

112 4693 257 4742 smmum
275 4693 368 4743 induit.

185 4774 300 4841 'neque
326 4781 395 4829 enim
417 4779 557 4842 quidquam
582 4779 689 4842 impedit
712 4795 745 4829 ne
770 4782 848 4829 istum
872 4778 1080 4842 compilatorem,
1109 4777 1180 4825 cuins
1204 4783 1275 4825 aetas
1300 4775 1366 4823 iuter
1387 4773 1478 4824 Iubam

111 4866 270 4931 Libycos-um
294 4867 456 4930 scriptorem,
481 4865 591 4927 Augusti
616 4867 752 4928 aequalem
775 4873 800 4914 ct
825 4865 984 4915 Clementem
1009 4860 1266 4926 circumscripserat,
1288 4863 1478 4910 Antoninorum

109 4957 199 5018 potins
219 4968 299 5015 qnam
317 4954 426 5003 Traiani
446 4952 487 5002 rel
506 4951 632 5002 Hadriani
653 4952 812 5017 temporibus
830 4955 961 5018 scripsisse
981 4949 1142 5000 arbitremur.

164 5064 262 5108 Diels.
282 5062 427 5114 Dcxogrcphi
447 5064 528 5113 grucel.
1258 5034 1278 5095 1)
