3464 5586
255 320 318 385 492
495 324 754 376 THEOPHRASTI
774 324 922 378 PHYSIC..
932 325 1092 376 OPINION.
1110 326 1163 377 FR.
1179 323 1219 377 15.
1235 325 1274 379 16.
1289 326 1330 377 17.
1346 325 1377 377 18

304 602 489 664 Simplicius
508 602 535 650 in
553 601 626 665 phys.
644 601 661 649 i.
675 596 858 652 165148-50.

331 698 454 784 Ἄδηλον
476 699 526 764 οδν
549 701 597 765 καὶ
620 701 653 763 τδ
676 701 703 763 τί
724 699 816 776 ἐστιν,
846 698 926 783 εἴπερ
949 702 977 763 οἱ
1005 700 1057 783 μὲν
1083 703 1145 785 τὴν
1174 706 1236 764 τοῦ
1265 704 1348 767 όλου
1381 705 1521 787 κίνησιν
1559 706 1617 767 καλ

255 804 444 887 περιφορὰν
468 804 526 866 τδν
549 805 679 889 χρόνον
701 802 936 887 εἶναίφασιν,
959 806 1000 872 ὥς
1019 805 1068 867 τὸν
1091 803 1260 869 Πλάτωνα
1282 806 1445 886 νομίζουσιν
1468 807 1485 870 ό
1507 830 1539 870 τε
1560 805 1617 871 Εὕ-

254 907 346 988 δημος
368 906 416 968 καὶ
440 908 455 969 ό
478 904 707 991 Θεόφραστος
729 905 778 968 καλ
800 902 1028 989 όἈλέΕανδρυς.

917 1195 957 1258 16

310 1301 422 1350 sottus
441 1298 473 1347 de
492 1299 598 1349 Pisonis
613 1297 708 1350 11203
726 1297 763 1363 [p.
776 1296 836 1360 340,
851 1298 893 1362 10]

340 1399 544 1483 Ξενοφάνης
566 1401 600 1463 ἐκ
621 1405 716 1485 νεφῶν
739 1401 955 1485 πεπυρωμένων
977 1400 1050 1464 εἶναι
1072 1403 1120 1464 τὸν
1143 1405 1224 1485 ἥλιον
1249 1404 1558 1488 ...Θεόφραστος
1581 1406 1616 1467 ἐν

224 1510 327 1573 ττοῖς
342 1504 512 1572 Φυσικοῖς
535 1504 691 1588 γέγραφεν,
713 1503 752 1567 ἐκ
774 1504 943 1588 πυριδίων
965 1508 1032 1566 τῶν
1056 1506 1387 1589 συναθροιζομένων
1411 1508 1470 1587 μὲν
1493 1508 1533 1570 ἐκ
1555 1514 1618 1592 τῆς

257 1607 364 1691 ὑγρᾶς
386 1606 687 1688 ἀναθυμιάσεως,
710 1607 1021 1690 συναθροιζόντων
1044 1607 1080 1670 δὲ
1102 1608 1160 1669 τδν
1183 1609 1292 1691 ἥλιον.

915 1894 953 1957 lI

309 2000 457 2049 Lsertius
476 2000 638 2062 Diogenes
658 1999 722 2048 VIII
737 1997 772 2050 48
863 1993 869 2002 ’

340 2099 450 2164 Τοῦτον
472 2098 721 2184 (Pythagoram)
743 2102 758 2164 ό
779 2099 951 2182 Φαβωρῖνός
970 2121 1057 2184 φησιν
1074 2143 1206 2159 ......
1222 2101 1269 2162 καὶ
1290 2101 1339 2163 τόν
1361 2103 1481 2185 οὐρανὸν
1501 2109 1616 2186 πρῶτον

257 2205 398 2286 ὀνομάσαι
414 2203 523 2285 κόσμον
538 2203 585 2265 καὶ
601 2204 662 2286 τὴν
678 2205 742 2285 γῆν
758 2200 984 2285 στρογγύλην·
1009 2204 1049 2271 ὡς
1065 2203 1098 2266 δὲ
1113 2202 1357 2287 Θεόφραστος,
1380 2205 1616 2289 Παρμενίδην.

915 2490 955 2554 18

309 2595 424 2646 Cicero
444 2597 544 2645 Luculli
558 2594 591 2646 39
605 2605 640 2642 120

340 2696 497 2764 Hicetas
513 2694 761 2781 Syracusius,
784 2694 880 2759 nteit
895 2694 1150 2781 Theophrastus,
1173 2698 1320 2763 caelum
1344 2697 1464 2762 solem
1488 2697 1616 2761 lunam

213 2830 237 2868 n
254 2800 393 2865 stellas
419 2817 563 2883 supere
591 2796 758 2879 denique
782 2796 910 2861 omnia
932 2805 1037 2865 stare
1059 2807 1194 2864 censet
1215 2818 1337 2882 nequo
1360 2805 1518 2882 praeter
1540 2809 1617 2864 ter-

254 2922 333 2966 ram
364 2923 439 2968 rom
470 2901 586 2966 ullam
616 2899 654 2963 in
681 2898 821 2963 mundo
850 2899 1009 2966 moveri:
1038 2920 1137 2984 quae
1166 2922 1247 2967 oum
1275 2901 1416 2965 circum
1439 2920 1549 2966 axem
1573 2922 1617 2966 so

254 3043 386 3051 -——-....
409 3044 416 3048 .
447 3043 452 3047 .

294 3108 303 3158 l
336 3110 366 3158 cf.
403 3111 509 3157 ArIstot.
542 3108 613 3171 phys.
632 3108 670 3156 IV
694 3106 725 3158 10
752 3124 777 3171 p.
795 3104 909 3158 918133
960 3119 1032 3162 στος
1059 3105 1089 3157 ὲν
1116 3111 1179 3165 τοῖς
1205 3104 1354 3164 Φυσικοῖς
1380 3105 1434 3157 κτλ.
1463 3109 1523 3157 hinc
1548 3120 1619 3173 putet

254 3195 276 3245 oi
295 3195 340 3262 μὲν
358 3194 404 3263 γὰρ
422 3194 468 3260 τὴν
486 3197 530 3244 τοῦ
553 3190 612 3244 ὅλου
631 3192 726 3260 κίνησιν
749 3190 908 3260 εἶναίφασιν,
959 3194 1132 3259 Theophrasti
1174 3199 1322 3261 opinionem
1364 3213 1416 3246 non
1457 3197 1617 3246 referendam

254 3282 277 3332 oi
296 3280 321 3332 δὲ
340 3281 386 3349 τὴν
405 3287 510 3349 σφαῖραν
529 3278 615 3348 αὐτόν.
645 3281 727 3332 καίτοι
745 3282 790 3348 τῆς
809 3296 907 3348 περιφο-
958 3297 1013 3330 esse
1032 3285 1110 3333 etism
1129 3285 1161 3334 sd
1185 3281 1227 3334 τόν
1250 3281 1353 3350 οὐρανὸν
1376 3287 1476 3350 πρῶτον
1494 3279 1616 3348 ὀνομάσαι

254 3373 297 3437 ρᾶς
316 3369 359 3419 καὶ
377 3366 405 3419 τό
424 3369 498 3436 μέρος
517 3367 604 3437 χρόνος
621 3368 658 3425 τίς
671 3368 731 3429 ἐστι,
749 3367 869 3436 περιφορὰ
882 3365 908 3419 δέ
960 3366 1054 3434 κόσμον
1063 3373 1133 3433 quod
1143 3374 1238 3436 placuit
1249 3374 1311 3421 LII.
1323 3373 1416 3420 Vossin
1428 3371 1493 3420 Krit.
1503 3371 1618 3420 Blaetter

254 3472 280 3524 γε
305 3451 335 3506 οδ
360 3458 463 3507 Pluton.
493 3457 569 3506 defin.
592 3457 703 3520 μ411υ
728 3453 816 3524 χρόνος
837 3453 908 3524 ἡλίου
961 3473 985 3507 υ.
1010 3474 1098 3522 geogr.
1123 3459 1191 3508 Abh.
1215 3477 1239 3524 p.
1255 3458 1312 3510 148.
1344 3459 1435 3507 esdern
1463 3459 1495 3506 lis
1522 3467 1561 3506 est
1584 3459 1616 3508 de

253 3543 347 3610 κίνησις
371 3543 461 3611 μέτρον
482 3547 568 3611 φορᾶς.
593 3560 626 3593 ex
645 3544 825 3608 Theophrasto
844 3560 908 3608 pen·
961 3546 1077 3610 Vespero
1090 3548 1176 3597 baert.
1192 3548 1257 3596 VIII
1272 3545 1304 3596 14
1323 3542 1423 3612 πρῶτόν
1441 3560 1468 3594 τε
1482 3545 1551 3611 (φασὶ
1566 3540 1616 3595 Πυ-

255 3633 316 3681 dent
330 3634 399 3681 Astii
412 3633 512 3682 Placits
525 3632 536 3680 I
550 3629 603 3682 221
624 3625 730 3680 Πλάτων
749 3627 833 3681 choico
851 3629 908 3698 ιχρό-
961 3627 1080 3700 θαγόραν)
1098 3628 1220 3701 Ἕσπερον
1243 3632 1287 3682 καλ
1310 3628 1449 3698 Φωσφόρον
1477 3629 1518 3680 τόν
1541 3629 1618 3682 αὑτὸν

253 3734 296 3768 νου
323 3721 370 3786 την
396 3722 441 3768 τοῦ
475 3716 579 3785 οὐρανοῦ
607 3716 702 3783 κίνησιν
734 3714 747 3783 Η
777 3717 792 3768 9
820 3717 910 3786 χρόνον
961 3717 1036 3769 εἰπεῖν
1059 3718 1095 3777 ὥς
1118 3735 1178 3789 φησι
1198 3716 1352 3787 Παρμενίδης
1370 3716 1449 3780 [corr.
1470 3717 1493 3767 οἱ
1512 3716 1538 3768 δέ
1558 3734 1618 3785 φασι

255 3803 316 3857 εἶναί
339 3822 411 3873 φασιν
435 3808 511 3856 uEF:
542 3803 602 3855 εἶναι
632 3822 682 3854 om.
707 3808 767 3856 Par.
793 3805 859 3858 1907
885 3816 909 3855 et
963 3801 1118 3876 Παρμενίδην
1137 3811 1191 3858 sive
1210 3806 1245 3863 ὡς
1264 3805 1290 3857 δι’
1309 3801 1530 3874 φησιΦαβωρῖνος
1550 3801 1617 3872 Παρ-

255 3895 355 3945 Usener
961 3891 1059 3961 μενίδης
1078 3895 1218 3959 Karsten],
1247 3896 1289 3944 ubi
1319 3895 1385 3944 conl.
1414 3895 1485 3943 Plsc.
1504 3894 1533 3943 11
1554 3892 1617 3945 15:

290 3982 307 4032 4
325 3982 430 4032 Stobsei
451 3983 525 4046 culpe
543 3979 716 4045 Theophrasti
736 3982 909 4030 testimonium
962 3984 1058 4032 Lssrtii
1068 3985 1122 4033 sive
1136 3983 1259 4032 Favorini
1270 3999 1314 4032 ore
1324 3982 1531 4045 Theophrastum
1544 3983 1616 4044 loqui

255 4080 384 4133 tsmqusm
403 4084 473 4119 πονε
486 4071 574 4133 opinio
588 4077 742 4118 recensetur.
762 4064 778 4133 ἡ
799 4064 834 4123 ὡς
850 4062 909 4118 Θεό·
962 4072 1077 4134 suspicor
1096 4073 1127 4121 cl.
1146 4073 1180 4120 etl
1199 4073 1229 4121 ir.
1247 4071 1277 4120 lu

255 4169 362 4223 φραστος
390 4158 501 4206 coniecit
525 4158 623 4207 Usener
647 4152 661 4221 Η
692 4173 705 4206 e
730 4156 910 4219 Theophrasto
998 4157 1013 4208 9
1043 4160 1073 4208 cl.
1103 4159 1173 4207 Prol.
1198 4175 1221 4222 p.
1238 4155 1283 4207 121
1306 4159 1391 4207 Lucrt.
1405 4157 1470 4205 VIII
1484 4155 1518 4207 85
1543 4157 1616 4216 (Plri-

252 4243 327 4293 fluxit
350 4244 455 4307 Hippoi.
473 4242 525 4293 14³
551 4240 593 4293 τόν
618 4240 643 4293 δὲ
665 4240 735 4309 ἥλιον
761 4239 790 4291 ἐκ
809 4245 908 4309 μικρῶν
963 4245 1057 4306 Iolaus)
1086 4244 1129 4295 καλ
1151 4243 1198 4312 τὴν
1220 4247 1267 4312 γῆν
1290 4240 1410 4293 κινεῖσθαι
1434 4241 1500 4292 κατὰ
1523 4239 1617 4294 κδκλον

253 4328 370 4398 πυριδίων
389 4327 573 4398 ἀθροιζομένων
590 4326 699 4397 γίνεσθαι
719 4324 776 4378 καθ’
801 4327 908 4396 ἑκάστην
960 4336 1059 4399 πρῶτος
1084 4329 1162 4393 εἶπεν,
1191 4331 1214 4382 si
1237 4329 1260 4382 δ’
1283 4328 1377 4381 'Istron
1400 4326 1442 4380 τόν
1465 4325 1617 4395 Συρακόσιόν

253 4416 358 4484 ἡμέραν,
376 4421 436 4468 item
455 4420 523 4469 Plut.
537 4418 661 4469 Strom.4
680 4414 741 4484 φησλ
760 4412 785 4465 δὲ
805 4416 847 4466 καὶ
866 4413 908 4466 τὸν
960 4431 1033 4484 φασιν
1045 4420 1117 4469 Plsc.
1129 4422 1169 4470 111
1183 4419 1318 4471 merum
1333 4427 1391 4484 post
1403 4419 1550 4469 Philolsum
1565 4421 1617 4469 ile·

253 4501 323 4571 ῆλιον
342 4502 371 4554 ἐκ
390 4509 488 4572 μικρῶν
507 4505 549 4556 καὶ
562 4503 682 4556 πλειόνων
695 4499 812 4569 πυριδίων
825 4499 908 4570 ἀθροί-
961 4507 1069 4556 reclides
1089 4509 1210 4558 Ponticus
1230 4516 1255 4557 et
1274 4507 1423 4570 Ecphantus
1442 4508 1617 4567 nominentur,

254 4587 337 4650 ζεσθαι
365 4593 395 4642 cf.
424 4593 495 4642 I'rol.
523 4609 548 4656 p.
566 4589 617 4643 990
646 4587 659 4658 Η
688 4590 704 4641 5
729 4589 774 4655 μιν
795 4601 854 4641 snts
878 4590 908 4641 ἐκ
961 4609 1036 4656 quem
1054 4609 1086 4643 ex
1111 4610 1155 4644 ore
1175 4597 1289 4657 magistri
1308 4596 1415 4643 Hicetse
1435 4594 1501 4642 hanc
1520 4595 1617 4644 doctri·

254 4680 336 4730 Plus:
355 4687 413 4729 ante
432 4683 485 4730 τῶν
503 4680 576 4730 Stob.
960 4695 1020 4730 uem
1040 4682 1158 4745 vulgasse
1183 4684 1293 4732 coniecit
1312 4682 1419 4732 Boechh
1439 4681 1528 4729 Kosm.
1548 4682 1617 4746 Syst

290 4765 307 4815 'I
325 4767 410 4815 Lsert.
423 4768 463 4816 lx
476 4764 506 4817 21
524 4765 664 4829 (Permsn.)
684 4769 784 4832 πρῶτος
795 4761 820 4815 δ’
835 4762 908 4824 οὗτος
960 4767 985 4818 tl.
1004 4768 1072 4818 Plst.
1088 4766 1145 4819 199.
1165 4771 1197 4820 cl.
1217 4770 1412 4834 Schispsrellil
1432 4773 1576 4834 precursori
1591 4770 1617 4819 di

254 4850 301 4919 τὴν
328 4854 374 4918 γῆν
407 4852 517 4920 ἀπέφηνε
544 4849 686 4919 σφαιροειδῆ
713 4851 757 4902 καλ
784 4851 810 4902 ὲν
838 4853 907 4921 μέσῳ
959 4856 1024 4919 Cep.
1043 4854 1145 4920 μ1030

255 4936 412 4990 κεῖσθαι...
427 4976 433 4990 .
448 4934 509 4988 καθ’
526 4937 542 4988 h
560 4938 685 5007 μίμνηται
701 4937 745 4988 καὶ
764 4934 906 5007 Θεόφρα·
