3442 5588
646 313 922 365 rsonacounns
1333 366 1349 393 .
1423 309 1464 372 73

229 485 262 549 Π
303 483 516 568 Ἀριστοτέλους
538 482 585 545 καὶ
607 485 666 544 τῶν
688 485 798 545 λοιπῶν
821 481 1059 565 Περιπατητικῶν
1082 482 1233 563 δογμάτων
1255 482 1378 564 ἐπιτομή

305 590 323 651 1
368 587 482 668 λογικόν

304 690 324 754 2
367 689 488 773 φυσικόν

305 793 326 856 3
370 792 475 875 ἠθικόν

213 894 261 958 III
305 892 441 978 Ζήνωνος
464 896 512 958 καὶ
534 898 593 957 τῶν
614 896 724 956 λοιπῶν
747 891 886 955 Στωικῶν
908 893 1060 974 δογμάτων
1082 891 1207 974 ἐπιτομή

306 1000 320 1061 l
367 998 482 1078 loquaris

304 1101 325 1164 2
368 1099 490 1183 φυσικόν

302 1204 322 1266 3
367 1201 471 1286 ἠθικόν

211 1305 256 1369 IV
300 1302 556 1387 Epicureorum?

97 1406 257 1473 Praemisi
287 1405 372 1470 banc
395 1405 559 1488 tabulam,
589 1405 680 1470 cuius
706 1405 788 1470 ratio
820 1404 945 1486 reliqua
972 1403 1192 1487 disputatione
1225 1405 1352 1488 planius
1381 1426 1465 1470 com-

97 1509 295 1595 probabitur
324 1507 478 1590 ouiusque
504 1508 615 1573 titulos
638 1507 777 1592 exempli
808 1507 914 1590 gratia
935 1507 1080 1591 explevi,
1110 1513 1144 1572 ut
1167 1527 1230 1572 uno
1254 1508 1366 1573 obtutu
1388 1508 1464 1591 quid

98 1612 229 1679 intersit
250 1611 336 1676 inter
357 1609 469 1675 Arium
492 1616 525 1675 et
546 1609 674 1674 Attium
699 1616 856 1694 patescat.
892 1609 943 1675 bic
958 1609 1165 1695 physicorum
1182 1611 1350 1694 opiniones
1365 1611 1464 1675 minu-

98 1715 299 1780 tissimorum
322 1714 464 1797 capitum
479 1712 663 1778 carceribus
679 1710 808 1777 inclusit
822 1710 979 1793 neglectis
994 1712 1175 1778 scholarum
1191 1713 1345 1795 terminis,
1369 1713 1465 1778 Arius

95 1838 164 1882 non
196 1816 395 1899 singulorum
425 1814 710 1899 pbilosophorum,
740 1813 798 1879 sed
829 1812 1053 1897 principalium
1084 1820 1243 1880 sectarum
1277 1816 1464 1898 generalem

95 1919 282 1984 doctrinam
305 1917 456 1984 liberiore
483 1917 658 2000 partitione
685 1922 718 1982 et
743 1936 808 1981 uno
831 1915 1032 1999 potissimum
1060 1922 1172 1982 tenore
1200 1916 1367 2000 percurrit.
1412 1917 1465 1983 hic

96 2020 253 2103 antiquos
277 2020 453 2105 praecipuo
475 2039 586 2084 amore
608 2020 778 2103 amplexus
800 2024 860 2101 est,
883 2017 939 2084 ille
960 2018 1022 2083 nisi
1044 2018 1077 2083 in
1100 2019 1341 2103 prolegomenis
1357 2021 1465 2086 nullos

98 2122 163 2188 nisi
187 2123 318 2188 illarum
340 2122 533 2188 familiarum
549 2121 732 2206 participes.
767 2120 842 2185 hinc
864 2121 1019 2187 orationis
1041 2128 1200 2205 cognatae
1222 2123 1381 2206 quaedam
1402 2123 1466 2189 dis·

99 2225 225 2291 cordia.
258 2225 355 2290 Arius
382 2224 547 2290 remissior
567 2223 735 2290 verbosior
757 2224 899 2308 planior,
927 2222 1066 2289 maiores
1089 2224 1240 2308 periodos
1267 2226 1464 2310 complexus,

96 2329 186 2393 alter
201 2327 407 2410 contractior,
431 2327 464 2391 in
480 2326 657 2392 breviando
673 2347 772 2410 saepe
794 2325 921 2409 nimius,
943 2334 1104 2393 commata
1119 2327 1265 2393 minutim
1281 2347 1464 2393 conserens.

189 2430 255 2496 Sed
281 2430 361 2494 illud
387 2428 473 2511 quod
502 2429 667 2512 coepimus
689 2429 867 2495 videamus.
904 2429 1087 2512 quicunque
1108 2430 1303 2496 Placitorum
1326 2429 1462 2495 formam

98 2533 184 2599 bene
194 2532 400 2598 informatam
414 2530 521 2612 babet,
539 2530 703 2596 lleinekei
718 2531 932 2596 temeritatem
947 2551 989 2595 ne
1004 2540 1157 2614 punctum
1169 2531 1297 2616 quidem
1310 2532 1465 2616 temporis

97 2634 262 2700 desendet
297 2653 397 2718 quare
421 2633 560 2698 candido
584 2632 702 2697 iudicio
725 2632 762 2697 R.
778 2633 1012 2714 Volkmannus,
1035 2634 1088 2716 qui
1111 2641 1210 2701 antea
1232 2656 1305 2701 eum
1328 2635 1465 2700 calidius

101 2743 234 2802 secutus
252 2743 333 2822 erat,
353 2756 453 2801 causa
474 2736 639 2817 recognita
660 2735 874 2819 patrocinium
896 2741 1079 2820 susceptum
1094 2738 1238 2804 deseruit
1259 2722 1465 2824 [Fleckeisen

96 2838 207 2922 jabrb.
231 2839 312 2904 1871
337 2860 368 2922 p.
383 2839 446 2903 683
460 2835 529 2924 sql.
563 2838 621 2903 sed
644 2844 752 2903 tamen
775 2838 820 2903 sic
843 2839 963 2904 erravit
986 2838 1176 2906 Meinekeus
1199 2846 1234 2903 ut
1256 2840 1315 2905 viri
1338 2839 1464 2905 subacti

101 2940 223 3023 ingenii
246 2959 356 3007 errare
378 2942 500 3024 solent,
523 2961 587 3005 non
611 2939 680 3004 sine
702 2959 821 3021 magno
843 2941 886 3004 ad
909 2943 977 3007 veri
1000 2942 1215 3025 cognitionem
1237 2943 1464 3008 emolumento.

100 3063 178 3108 nam
207 3043 373 3109 verissime
401 3043 482 3109 vidit
508 3042 605 3108 etiam
633 3041 666 3105 in
693 3040 837 3125 physicis
860 3043 991 3109 Stobaei
1022 3045 1144 3128 eclogis
1166 3044 1307 3109 Arianae
1331 3043 1464 3126 originis

99 3145 303 3228 aliquantum
326 3145 481 3211 insertum
504 3165 586 3210 esse.
621 3150 775 3226 quantum
797 3145 914 3210 lateret
930 3147 1108 3230 quibusque
1123 3145 1252 3212 indiciis
1267 3166 1307 3212 ea
1321 3145 1364 3211 ab
1378 3144 1464 3210 Accii

98 3247 236 3313 Placitis
258 3247 474 3313 discernenda
496 3255 617 3329 essent,
639 3265 706 3310 non
728 3246 878 3330 pervidit.
922 3268 998 3313 nam
1020 3250 1081 3315 ctsi
1111 3250 1164 3332 qui
1187 3249 1222 3313 in
1244 3247 1377 3313 loannis
1400 3267 1465 3311 mu·

98 3348 172 3415 sivo
194 3370 294 3434 opere
316 3349 425 3414 varios
446 3348 608 3413 variorum
631 3347 823 3431 scriptorum
846 3349 976 3433 lapillos
998 3371 1094 3417 sensu
1117 3371 1156 3416 ac
1172 3350 1373 3416 divinatione
1388 3367 1466 3432 qua·

96 3452 177 3516 dam
204 3452 395 3536 dignoscere
417 3451 580 3519 didicerit.
608 3471 673 3516 non
702 3451 793 3517 nulla
815 3457 902 3517 recte
923 3452 1011 3518 baud
1037 3453 1135 3519 dubie
1158 3452 1376 3538 expiscabitur
1398 3450 1465 3535 (ve-

97 3555 148 3618 lut
169 3554 361 3620 Meinekeus
382 3554 415 3618 in
437 3553 585 3636 florilegii
608 3561 629 3618 t.
646 3554 687 3618 28
711 3564 752 3618 14.
772 3562 804 3615 15
824 3553 948 3620 Ariana
968 3556 1135 3622 verissime
1157 3553 1332 3640 cognovit),
1355 3559 1464 3618 tamen

96 3657 210 3722 sensui
233 3657 293 3722 soli
316 3656 416 3723 fidere
438 3658 663 3740 periculosum.
697 3676 797 3740 quare
817 3655 871 3739 qui
886 3657 959 3722 aliis
974 3659 1171 3742 persuadere
1186 3658 1324 3724 voluerit
1339 3654 1465 3738 sibique

95 3777 218 3823 cavere
239 3777 261 3823 a
283 3758 416 3825 Stobaei
438 3759 595 3844 artificiis,
625 3761 654 3825 ci
678 3765 767 3825 certa
790 3765 864 3823 sunt
886 3759 1173 3845 circumspicienda
1194 3761 1328 3843 indicia,
1356 3757 1465 3842 qualia

96 3859 162 3924 buc
185 3880 283 3943 quam
306 3860 498 3927 brevissime
512 3862 671 3945 congessi.
705 3860 830 3926 numeri
847 3867 921 3926 sunt
935 3869 1067 3929 nostrae
1082 3863 1290 3949 physicorum
1305 3862 1464 3945 fragmen-

95 3969 206 4028 torum
229 3964 383 4048 sylloges.

183 4064 282 4129 IArii
298 4071 349 4130 est
371 4066 473 4131 maior
495 4067 565 4133 fere
589 4067 730 4151 capitum
747 4065 896 4149 ambitus,
919 4065 984 4132 vid.
1007 4067 1045 4131 fr.
1062 4069 1092 4132 3.
1118 4067 1167 4131 10.
1190 4069 1240 4132 11.
1264 4069 1313 4133 12.
1337 4069 1385 4132 13.
1409 4069 1459 4131 14.

94 4169 147 4232 21.
173 4170 225 4233 26.
250 4170 301 4233 27.
325 4168 376 4232 28.
400 4170 450 4233 29.
474 4170 524 4235 31.
550 4170 601 4235 37.
625 4171 667 4235 38

183 4270 216 4334 Π
238 4272 373 4353 eclogae
394 4279 430 4336 ut
452 4292 492 4338 ex
514 4271 583 4336 Arii
605 4271 762 4356 ampliore
785 4291 910 4338 conexu
933 4272 1081 4338 divulsae
1104 4269 1262 4353 incipiunt
1281 4291 1302 4335 a
1320 4272 1352 4335 δέ
1368 4272 1464 4355 parti-

93 4373 181 4454 cula,
204 4378 239 4436 ut
260 4372 334 4438 fal
360 4377 424 4458 περὶ
448 4377 480 4438 δὲ
502 4380 560 4437 τῶν
583 4375 668 4438 ἰδεῶν
688 4422 696 4437 .
714 4419 722 4433 .
738 4423 762 4451 .,
785 4375 920 4458 2ἐπειδὴ
944 4374 965 4437 δ’
986 4378 1004 4458 i,
1022 4376 1073 4457 μὲν
1089 4374 1184 4456 φύσις,
1208 4374 1227 4435 3
1244 4374 1349 4444 ταύτας
1365 4376 1464 4445 δὲτὰς

94 4478 192 4560 ἀρχάς
212 4483 246 4541 et
269 4476 315 4540 sic
337 4475 375 4541 fr.
391 4480 421 4543 5.
445 4482 474 4543 6.
499 4478 528 4543 8.
552 4479 581 4540 9.
607 4481 657 4542 11.
682 4480 731 4543 12.
757 4480 806 4542 14.
832 4480 881 4542 15.
907 4478 957 4541 16.
983 4477 1031 4540 17.
1057 4476 1106 4540 18.
1131 4476 1182 4539 20.
1203 4476 1255 4539 21.
1275 4478 1325 4541 22.
1343 4478 1395 4542 23.
1411 4478 1462 4542 25.

94 4579 145 4643 2ῑ.
170 4579 221 4644 28.
247 4580 299 4642 29.
323 4581 374 4644 31.
399 4581 449 4645 32.
474 4580 524 4644 35.
548 4581 589 4644 38
755 4658 760 4670 Ι

182 4681 230 4746 111
261 4680 487 4746 conclusiones
521 4688 682 4766 apparent
708 4681 900 4764 ampliorum
933 4680 1075 4764 capitum
1110 4679 1147 4745 fr.
1170 4681 1209 4745 12
1242 4683 1306 4765 περὶ
1334 4684 1386 4764 μὲν
1413 4681 1462 4746 οὖν

95 4784 205 4846 τούτων
228 4786 390 4847 διετάττετο
414 4785 517 4854 οὕτως.
546 4784 584 4851 fr.
602 4786 640 4850 13
664 4785 712 4848 καὶ
736 4785 799 4868 περὶ
823 4785 875 4865 μὲν
897 4789 956 4847 τῶν
979 4788 1107 4867 σεισμῶν
1132 4785 1260 4846 καὶτῶν
1284 4782 1381 4847 ἄλλων
1404 4791 1462 4847 τῶν

97 4885 160 4970 περὶ
182 4887 235 4970 τὴν
257 4892 311 4971 γῆν
335 4887 518 4970 παθημάτων
541 4887 587 4950 ἐπὶ
610 4891 757 4952 τοσοῦτον.
793 4884 833 4951 cf.
856 4885 894 4951 fr.
912 4888 950 4951 ll
