3442 5588
655 312 931 364 Pnonnsonnns
1428 308 1469 373 75

194 484 273 548 VIII
296 482 477 547 Stoicorum
498 480 658 545 formulae
681 480 847 545 immixtae
870 488 945 546 aunt
966 480 1172 546 Aristoteleis
1194 481 1283 547 velut

193 584 232 650 fr.
248 587 270 650 4
292 583 395 655 couci
422 586 596 667 ἀσωμάτους
610 585 712 667 λόγους
728 582 759 646 εἴ
770 582 843 652 τινές
858 583 913 647 εἰσι
928 585 1007 667 λόγοι
1032 583 1071 648 cf.
1088 584 1146 662 ecl.
1164 583 1258 649 ethin.
1274 606 1305 667 p.
1318 584 1403 648 60H.
1420 583 1469 665 19,

107 687 145 750 31
173 687 282 770 Mein„
308 687 384 752 snb
405 689 456 757 τὰς
478 692 537 750 τῶν
559 689 719 770 δραστικῶν
742 687 790 749 καὶ
813 685 864 755 τὰς
886 692 945 749 τῶν
966 688 1137 770 παθητικῶν
1160 687 1277 771 φύσεις,
1302 686 1377 750 fr.9
1399 686 1469 749 θεὸν

190 792 356 854 συνεκτικὸν
383 791 430 852 καὶ
454 792 641 872 προνοητικὸν
664 794 722 852 τῶν
746 787 886 871 οὐρανίων
910 788 948 852 cf.
967 786 1086 876 [Arist]
1109 790 1150 854 de
1173 787 1281 854 mund.
1305 809 1336 872 p.
1352 787 1469 852 397b9

193 892 241 956 IX
264 891 298 956 in
322 891 710 973 meteorologicorum.
735 892 785 955 12.
809 891 859 956 13.
884 891 925 955 14
945 890 1129 957 Aristotelis
1151 891 1250 956 libros
1271 890 1314 955 ad
1337 888 1470 955 verbum

105 994 297 1076 plerumque
320 993 508 1078 compilavit

193 1098 226 1162 X
248 1097 283 1161 in
304 1095 421 1161 Stoicis
443 1094 564 1177 loquax
587 1102 637 1161 est
658 1115 729 1160 cum
752 1095 826 1178 illis,
850 1093 1096 1162 molestissimus
1117 1096 1156 1162 fr.
1172 1100 1211 1162 21
1230 1097 1249 1162 ¹.

191 1200 264 1265 Hac
291 1197 484 1262 indiciorum
511 1198 635 1264 decade
663 1196 812 1281 (quorum
833 1197 992 1262 rationem
1023 1218 1062 1263 ex
1084 1198 1196 1264 Ariani
1224 1198 1296 1263 libri
1322 1195 1468 1259 instituto

106 1301 307 1384 Stobaeique
331 1302 528 1384 compilandi
547 1320 637 1365 more
652 1300 815 1384 explicare
830 1300 1027 1383 supersedeo
1043 1301 1170 1366 lectoris
1184 1301 1303 1366 iudicio
1318 1292 1470 1379 conlisus)

105 1424 171 1468 uon
193 1403 326 1469 difficile
351 1411 402 1469 est
423 1404 513 1469 velut
532 1402 629 1467 hamo
645 1402 812 1486 Epitomes
827 1402 1009 1485 fragmenta
1023 1403 1193 1487 expiscari.
1226 1422 1332 1485 neque
1347 1405 1471 1464 tantum

104 1526 222 1573 vereor
244 1526 287 1571 ne
309 1505 386 1588 quid
411 1504 494 1569 falso
516 1504 550 1568 in
574 1505 723 1588 syllogen
745 1505 922 1588 receperim
950 1513 1103 1588 quantum
1130 1527 1172 1572 ne
1199 1506 1315 1571 omnia.
1360 1501 1470 1569 curavi

104 1613 215 1674 tamen
238 1609 271 1673 in
294 1608 380 1673 notis
402 1606 445 1671 ad
467 1606 595 1671 Attium
619 1614 654 1671 ut
676 1608 822 1689 legentes
843 1608 959 1673 saltem
981 1607 1224 1675 monerentur.⁹
1398 1689 1403 1701 ἱ

187 1709 393 1794 Fragmentis
408 1708 613 1793 perlustratis
629 1708 743 1773 mirum
759 1709 856 1775 alicui
870 1710 1020 1776 rideatur
1034 1712 1119 1794 quod
1136 1711 1297 1779 Stobaeus
1312 1730 1378 1774 non
1393 1708 1467 1792 plus

102 1813 207 1878 semel
230 1815 400 1880 Platonem
423 1811 536 1878 citavit
558 1831 599 1876 ex
620 1810 709 1876 Ario.
744 1811 833 1894 atqui
857 1820 983 1878 constat
1004 1821 1038 1878 ut
1061 1814 1113 1897 qui
1135 1814 1275 1880 maxime
1298 1833 1370 1878 eum
1393 1830 1466 1877 esse

102 1919 310 2000 φιλοπλάτωνα
333 1913 383 2002 [cl.
400 1932 500 1997 supra
515 1934 545 1997 p.
558 1910 621 1999 58].
654 1912 712 1978 sed
727 1913 803 1979 inde
824 1912 962 1981 fortasse
983 1937 1051 1982 rem
1074 1916 1297 2001 explicaveris.
1330 1912 1467 1998 primum

102 2017 189 2083 netu
212 2017 384 2083 Platonica
405 2013 577 2098 excerpsit,
601 2021 667 2078 tum
688 2015 760 2098 ipse
782 2016 953 2083 Platonem
976 2019 1210 2086 studiosissime
1232 2018 1312 2101 legit
1333 2025 1366 2082 et
1386 2015 1468 2080 αὐτο

101 2121 177 2190 letti
200 2119 406 2205 compilavit,
428 2117 479 2182 oui
502 2116 588 2182 bono
611 2116 708 2199 igitur
730 2118 861 2184 easdem
886 2141 938 2186 res
960 2141 1000 2186 ex
1023 2123 1172 2206 Epitome
1194 2120 1352 2206 petiturus
1374 2117 1469 2185 erat?

101 2229 225 2305 quanto
250 2229 359 2288 autem
376 2220 484 2286 studio
501 2220 647 2286 Platonis
662 2229 871 2288 monumenta
886 2223 1034 2308 volverit,
1049 2245 1114 2290 non
1129 2223 1233 2290 solum
1249 2243 1289 2290 ex
1304 2224 1470 2303 excerpto-

102 2345 173 2388 rum
197 2323 403 2389 multitudine
426 2325 532 2389 elucet
553 2323 606 2388 rel
628 2322 704 2390 inde
725 2325 811 2408 quod
834 2325 903 2391 eius
925 2327 1142 2392 testimonium
1164 2326 1237 2391 aliis
1259 2323 1380 2406 eclogia
1397 2322 1468 2405 ipse

101 2426 252 2491 adiunxit
273 2448 304 2510 p.
321 2426 431 2492 318Η.
447 2426 469 2510 ³,
491 2425 549 2491 sed
571 2425 669 2490 etiam
696 2426 783 2510 quod
805 2446 846 2492 en
873 2427 937 2492 illis
964 2429 1044 2494 locis
1071 2430 1255 2514 opinionem
1282 2430 1467 2508 excerptam

101 2529 196 2613 quasi
227 2529 356 2593 titulum
381 2527 569 2611 praemittit.
614 2529 704 2593 velut
725 2550 756 2612 p.
772 2529 836 2594 438
860 2530 902 2593 ότι
926 2532 958 2594 δὲ
984 2532 1016 2593 τὸ
1044 2536 1101 2595 πᾶν
1128 2534 1219 2595 ἀίδιον
1247 2533 1332 2614 δηλοῖ
1356 2532 1469 2611 σαφῶς·

101 2633 177 2715 λέγει
200 2637 271 2714 γοῦν
293 2632 323 2694 ἐν
346 2637 389 2716 τῷ
413 2630 529 2715 Τιμαίῳ
552 2632 655 2699 οὕτως.
689 2630 728 2694 cf.
751 2631 825 2696 498.
850 2633 912 2697 812
937 2638 970 2698 et
991 2633 1119 2716 plenius
1141 2656 1172 2718 p.
1188 2635 1252 2698 438
1276 2633 1398 2697 Πλάτων
1419 2631 1469 2692 τὸν

102 2736 214 2817 κόσμον
239 2732 332 2818 ἔφησε
355 2738 430 2818 ζῷον
454 2733 585 2819 ἔμψυχον
609 2731 705 2796 ἔννουν
720 2757 753 2796 τε
768 2735 811 2799 ότι
834 2758 865 2797 τε
887 2734 933 2819 ἀφ’
962 2736 1066 2799 ἑαυτοῦ
1090 2737 1234 2821 τρέφεται,
1256 2739 1289 2800 τὸ
1311 2736 1344 2799 δὲ
1366 2737 1469 2818 ἠγεμο·

102 2840 181 2901 νικὸν
208 2842 261 2900 τοῦ
288 2837 400 2918 κόσμου
426 2837 456 2899 ἐν
479 2838 594 2920 οὐρανῷ
617 2837 737 2899 τίλλεται.
775 2836 869 2923 parili
897 2836 1014 2902 ardore
1040 2839 1272 2922 PythagoreiS,
1302 2857 1382 2921 quos
1412 2834 1469 2899 ille

102 2939 271 3022 credebat,
293 2938 384 3003 libris
407 2937 566 3004 studebat.
612 2936 699 3002 unde
721 2940 855 3006 eaedem
882 2939 1041 3005 formulae
1068 2948 1229 3024 apparent
1249 2963 1280 3026 p.
1295 2940 1359 3005 418
1382 2938 1469 3001 Φιλο-

102 3044 175 3105 λάου
191 3039 393 3124 Πυθαγορείου
417 3041 450 3102 ἐκ
472 3046 524 3103 τοῦ
547 3042 612 3124 περὶ
627 3029 735 3126 ψυχῆς.
766 3042 911 3111 Φιλόλαος
927 3041 1076 3126 ἄφθαρτον
1092 3046 1141 3106 τὸν
1157 3044 1265 3126 κόσμον
1281 3042 1363 3105 εἶναι.
1392 3039 1468 3121 λέγει

102 3148 171 3224 γοῦν
195 3145 289 3213 οὕτως
312 3145 406 3227 ἐντῷ
429 3143 494 3226 περὶ
517 3148 614 3227 ψυχῆς
637 3143 690 3207 vel
712 3163 743 3226 p.
759 3143 823 3207 418
841 3141 1009 3228 Ἀρισταίιυν
1033 3144 1139 3230 ἔφησεν
1160 3124 1308 3230 ἅφθοιρίον
1324 3143 1396 3207 εἶναι
1418 3144 1467 3205 τὸν

102 3248 227 3328 κόσμον.
259 3247 335 3328 λέγει
350 3250 417 3329 γοῦν
433 3247 463 3309 ἐν
478 3251 520 3330 τῷ
537 3247 600 3329 περὶ
617 3248 754 3329 ἁρμονίας
770 3247 861 3316 orire<
883 3247 937 3313 vel
952 3269 983 3332 p.
1000 3249 1064 3314 422
1080 3246 1216 3318 Ὄκελλος
1239 3250 1329 3311 ἀίδιον
1350 3248 1399 3309 τόν
1421 3246 1468 3309 κό-

101 3371 194 3431 σμον·
219 3351 271 3413 ὡδὶ
288 3351 342 3432 γὰρ
358 3350 387 3412 ἐν
409 3354 468 3418 τοῖς
491 3350 554 3432 περὶ
570 3354 622 3432 τῆς
637 3354 688 3412 τοῦ
705 3351 810 3418 παντὸς
825 3350 927 3434 φόσιος
943 3352 1028 3434 λέγει.
1063 3349 1223 3416 cumulavi
1239 3349 1389 3432 exempla
1403 3368 1469 3413 non

100 3451 240 3535 inritus,
270 3451 389 3534 quippe
415 3451 501 3516 unde
529 3450 735 3516 salsissimam
765 3451 949 3536 opinionem
980 3454 1147 3536 explosum
1169 3453 1206 3517 iri
1235 3472 1344 3536 spero,
1372 3471 1468 3539 quam

100 3553 203 3635 vulgo
232 3553 274 3618 de
302 3551 436 3617 Stobaei
465 3551 579 3618 labore
607 3552 777 3618 finxerunt.
823 3575 957 3636 quorum
979 3554 1097 3620 iudicio
1126 3574 1147 3619 a
1174 3555 1281 3620 scriba
1305 3553 1360 3619 ille
1388 3552 1469 3618 nihil

99 3655 215 3720 distat.
259 3674 364 3737 neque
390 3654 592 3720 Meinekeo⁴
625 3654 689 3720 cito
717 3656 886 3722 credemus
909 3656 988 3722 talia
1010 3657 1177 3742 prooemia
1199 3656 1276 3722 Ario
1305 3653 1467 3720 tribuenti.

98 3758 202 3824 immo
225 3764 353 3824 constat
376 3764 463 3822 certo
487 3757 622 3822 consilio
647 3758 850 3824 Platonicum
874 3758 960 3823 illius
982 3759 1098 3824 librum
1121 3759 1292 3843 sprevisse.

177 3949 184 3978 ¹
206 3950 342 4015 Chrysippi
371 3951 491 3999 videlicet
514 3951 664 4013 garrulitate
687 3950 813 4013 perfusus,
839 3951 908 4012 quod
931 3959 1038 4000 excusat
1063 3952 1176 4001 Galenus
1200 3950 1232 3998 de
1256 3950 1327 3999 Plac.
1346 3949 1423 4011 Elpp.
1443 3953 1469 3994 ct

99 4039 171 4088 Pur.
198 4055 222 4103 p.
240 4035 336 4089 31811.
359 4034 438 4103 ἔγωγε
463 4033 506 4087 οὖν
529 4032 691 4104 ἠναγκάσθην
714 4033 762 4086 ὐπὸ
785 4038 829 4085 τοῦ
852 4035 880 4097 [l.
900 4036 958 4102 τῆς]
984 4032 1130 4103 Χρυσίππου
1153 4031 1302 4103 προσχυθτὶς
1324 4030 1469 4099 ἀδολεσχίας

100 4120 254 4191 ἐξηγεῖσθαι.

175 4207 314 4261 'frustula
333 4228 365 4260 ex
384 4212 498 4275 Didymo
518 4213 633 4262 admixta
654 4211 729 4258 eredo
750 4209 789 4260 17
804 4219 826 4256 31
849 4205 1092 4260 18e23211117
1112 4209 1152 4260 2³
1172 4211 1219 4262 74.

175 4295 186 4327 ²
205 4297 299 4346 talibus
317 4299 370 4349 fere
388 4300 504 4348 formulis
525 4316 587 4350 usus
610 4295 674 4364 λέγει
696 4295 742 4364 γὰρ
766 4295 792 4346 ίν
814 4301 850 4363 τῷ
870 4290 969 4363 Τιμαίῳ
989 4291 1069 4353 οὕτως
1088 4315 1112 4362 p.
1124 4295 1176 4348 390
1199 4299 1239 4346 rel
1263 4295 1326 4364 λέγει
1348 4301 1406 4363 γοῦν
1426 4297 1469 4346 καλ

101 4385 128 4434 ἐν
146 4391 185 4452 τῷ
205 4379 349 4452 Παρμενίδῃ
368 4403 392 4449 ρ.
409 4382 469 4436 330.
483 4383 542 4437 492.
557 4383 617 4436 354.

174 4469 185 4500 ⁴
203 4481 272 4522 errat
292 4475 361 4522 enlm
380 4473 502 4523 Meinelrc
516 4471 657 4536 [Muetzell.
671 4472 792 4522 Zeitachr.
806 4473 873 4522 XIII
888 4471 965 4535 564]:
985 4472 1141 4523 Stobaeus
1161 4475 1207 4521 ist
1225 4474 1329 4522 rriclrts
1349 4475 1397 4522 als
1416 4475 1468 4522 ein

102 4560 577 4624 lingerfertigerCompilator
595 4560 656 4610 und
676 4561 785 4609 wedcr
802 4563 833 4609 in
853 4561 922 4608 dem
940 4560 1140 4623 florilegium
1160 4561 1240 4610 noch
1256 4563 1286 4609 in
1300 4560 1359 4610 den
1373 4561 1467 4609 Ecle-

103 4651 149 4712 gis
173 4648 321 4712 physicis
344 4649 450 4696 findet
472 4649 541 4698 sich
567 4649 645 4698 auch
670 4647 757 4696 nicht
781 4646 810 4708 [l.
834 4646 908 4709 nur]
932 4649 982 4696 eiu
1007 4649 1151 4712 einziges
1175 4655 1307 4711 excerpt
1329 4648 1383 4695 dus
1408 4663 1468 4696 von

104 4736 164 4784 ihm
182 4735 287 4784 selbot·
306 4717 377 4784 redi
384 4737 470 4798 glert
493 4735 584 4783 ware.
621 4736 657 4784 sic
674 4736 698 4783 ei
722 4749 824 4797 quoque
844 4749 951 4798 peccare
971 4734 1056 4783 solent
1074 4735 1249 4785 adulescentes
1269 4736 1311 4798 qui
1331 4736 1468 4797 quotannis

103 4827 127 4871 in
144 4823 328 4872 historicorum
348 4823 460 4870 fontium
479 4823 645 4872 renationem
671 4823 813 4871 mittuntur.
848 4821 983 4886 explorato
1003 4823 1072 4870 enim
1091 4823 1220 4887 scriptoris
1239 4833 1342 4888 stupore
1367 4821 1468 4888 quidvis

104 4911 177 4959 lacile
195 4909 356 4976 persuadere
376 4909 470 4959 solent.
