3442 5588
658 349 933 400 ruonsoousua
1431 349 1473 412 35

109 538 150 581 ex
173 516 199 580 B
221 514 383 579 simillime
407 515 615 581 transiectam
638 515 808 582 lectionem
837 518 886 579 τὸν
908 516 1013 600 αἰθέρα
1040 515 1193 581 observes
1215 517 1281 580 III
1303 525 1327 589 o,
1350 522 1472 582 rectum

109 617 216 682 locum
238 616 272 680 in
286 615 344 702 (Α)
361 616 387 680 Β
403 623 620 700 occupaverat
643 625 827 702 corruptum
848 620 897 681 τὸν
919 617 1002 701 ἀέρα.
1036 618 1087 682 hic
1101 618 1261 684 Eusebius
1275 638 1385 684 verum
1402 639 1475 683 con·

109 716 263 783 firmavit.
307 718 470 783 interdum
493 727 602 784 tamen
625 738 745 803 pravas
767 739 893 802 quoque
915 725 951 783 ut
971 718 1006 783 lit
1029 719 1184 786 lectiones
1211 721 1372 802 suggessit
1393 719 1474 784 illud

1210 807 1320 875 εώδους

106 889 274 971 antiquum
294 888 470 972 exemplar.
495 889 586 953 velut
599 889 645 954 IV
661 890 680 954 3
699 900 729 951 11
751 889 827 954 olim
843 890 997 973 scriptum
1011 889 1072 955 fuit
1094 807 1364 974 ποιοζγπυρώδους,
1387 889 1473 972 quod

106 991 251 1057 servavh
273 991 310 1074 B,
333 991 474 1075 ineptius
496 995 581 1054 ποιοῦ
603 1015 644 1074 γε
666 993 820 1075 πυρώδους
841 991 880 1056 Α.
918 999 1005 1058 reete
1027 1012 1063 1057 se
1086 991 1185 1057 habet
1210 994 1371 1076 πυρώδους.
1415 992 1473 1058 sed

106 1095 187 1158 talla
209 1114 274 1158 non
297 1093 421 1159 crebra
454 1112 551 1176 quam
573 1092 708 1176 antiqua
727 1092 810 1158 haec
826 1092 1000 1159 lectionum
1024 1094 1066 1158 sit
1080 1094 1244 1178 memoria,
1267 1093 1343 1159 inde
1358 1094 1473 1176 elucet,

105 1195 194 1279 quod
209 1195 236 1259 B
252 1215 317 1260 non
339 1215 515 1278 numquam
535 1215 602 1260 non
625 1194 730 1259 solum
745 1194 773 1257 A
799 1201 831 1261 et
855 1197 1006 1279 vulgatos
1028 1196 1156 1263 codices
1177 1196 1236 1261 sed
1258 1195 1356 1261 etiam
1378 1196 1474 1262 Gale-

105 1318 182 1363 num
198 1296 309 1362 vincit.
343 1298 494 1381 exempla
510 1304 586 1363 sunt
601 1297 650 1362 III
667 1298 687 1361 5
707 1307 724 1359 8
744 1301 852 1379 μᾶλλον
877 1299 932 1364 ubi
946 1299 973 1363 B
989 1301 1077 1365 solus
1096 1318 1168 1363 cum
1183 1297 1308 1364 Galeno
1331 1297 1420 1381 facit,
1442 1305 1475 1364 et

105 1401 191 1465 1113
209 1400 227 1451 4
246 1403 436 1484 νεφελομιγεῖ,
459 1399 511 1464 ubi
533 1400 620 1465 idem
635 1400 727 1465 solus
742 1420 854 1466 veram
870 1402 1071 1485 scripturam,
1094 1420 1177 1482 quae
1192 1399 1331 1465 divinari
1353 1399 1473 1484 nequit,

104 1504 251 1569 servavit
265 1522 337 1567 cum
353 1502 507 1586 Stobaeo,
525 1501 670 1568 Galenus
685 1521 757 1566 cum
773 1503 889 1568 ceteris
904 1503 1116 1587 interpolavit
1130 1504 1313 1588 νερελυενδεῖ.
1335 1502 1474 1568 maxime

104 1624 184 1669 vero
208 1604 417 1670 memorabile
439 1611 490 1670 est
503 1605 566 1670 hoo
581 1604 667 1668 154
690 1607 778 1689 δῆλον
801 1607 853 1670 ὅτι
875 1607 909 1670 ἐκ
930 1611 982 1670 τοῦ
1004 1607 1109 1690 ἄπειρα
1131 1607 1167 1669 τὰ
1187 1604 1265 1668 αἴτια
1279 1603 1362 1667 εἶναι.
1390 1604 1473 1669 sicB

104 1706 205 1771 totius
220 1705 379 1771 enuntIati
394 1712 554 1772 structura
570 1706 784 1772 claudicante.
820 1707 999 1774 rectissime
1013 1708 1043 1772 A
1057 1729 1129 1773 cum
1144 1708 1278 1790 vulgata
1293 1708 1336 1772 ὅτι
1356 1705 1473 1789 omisit,

104 1808 194 1890 quod
221 1806 389 1872 confirmat
411 1807 581 1876 Stohaeus.
615 1809 680 1874 iam
709 1807 819 1874 confer
838 1808 1024 1875 Eusebiana
1049 1813 1137 1894 δῆλον
1161 1811 1204 1875 ὅτι
1226 1809 1331 1892 ἄπειρα
1345 1810 1382 1872 τὰ
1396 1808 1474 1913 αἴτια

105 1977 194 2042 alsus:
218 1983 328 2043 nou‘ne
350 1984 467 2061 sponte
490 1979 654 2045 emendati
669 1979 741 2043 libri
758 1979 906 2045 enitescit
921 1980 996 2046 talis
1011 1980 1185 2064 scriptura:
1207 1895 1354 2064 balobpdd
1370 1918 1474 2064 dhhpe

107 2083 144 2143 τὰ
166 2079 247 2143 αἴτια
269 2080 368 2144 alnus?
393 2100 469 2147 eece
493 2081 600 2148 denuo
623 2083 801 2167 ἀδιόρθωτον
823 2081 908 2164 quod
932 2101 1031 2166 saepe
1053 2082 1120 2147 dixi
1142 2081 1274 2148 Eusebii
1296 2082 1473 2166 exemplar.

107 2183 275 2265 antiquum
297 2182 389 2248 illum
411 2191 625 2250 correctorem
648 2205 721 2251 esso
744 2183 841 2250 facile
863 2184 1031 2250 concedes.
1064 2184 1151 2250 addo
1173 2183 1292 2250 aetatis
1311 2185 1474 2267 quandam

107 2294 230 2351 notam.
275 2285 420 2350 Galenus
443 2305 515 2350 oum
537 2287 630 2371 Lydo
652 2289 742 2353 1125
762 2298 779 2349 4
800 2286 1009 2371 interpolavit
1030 2288 1246 2371 πεπυρωμένον.
1291 2305 1404 2352 verum
1426 2293 1475 2352 est

109 2389 306 2471 πεπιλημένον
328 2387 415 2471 quod
438 2387 536 2453 etiam
558 2396 626 2454 tum
648 2390 808 2456 Eusebius
830 2388 917 2472 legit.
951 2388 1017 2452 iam
1039 2409 1111 2453 cum
1133 2388 1261 2454 codices
1281 2386 1382 2452 nostri
1404 2407 1475 2470 par-

108 2490 164 2554 tim
187 2488 342 2575 (vulgati)
363 2491 569 2573 πεπιλημένον,
590 2492 707 2575 partim
730 2491 784 2577 (B)
806 2491 1013 2575 πεπυρωμένον
1036 2489 1212 2556 exhibeant
1232 2489 1321 2555 nullo
1343 2489 1474 2571 negotio

109 2658 247 2726 efficitur
269 2659 439 2743 archetypi
460 2660 568 2743 imago
590 2661 686 2728 baec:
719 2579 942 2748 Ξῖυἲνῗνμένον,
970 2661 1056 2726 unde
1081 2660 1116 2724 in
1138 2659 1167 2724 Α
1189 2659 1306 2743 supina
1327 2658 1475 2725 socordia

110 2768 291 2827 monstrum
313 2761 394 2827 illud
417 2766 680 2848 πευπορωλημένον
703 2764 877 2829 conflatum
897 2769 947 2828 est
968 2762 1007 2828 cf.
1029 2783 1061 2845 p.
1075 2763 1126 2827 16.
1152 2761 1358 2844 consequitur
1379 2760 1476 2843 igitur

109 2863 343 2948 antigraphum
366 2872 457 2930 sexto
481 2867 611 2932 saeculo
634 2867 782 2951 superius
804 2886 826 2930 a
847 2863 1013 2930 diorthota
1040 2863 1084 2928 ad
1105 2863 1364 2929 emendationem
1387 2861 1477 2928 adhi-

110 2964 214 3031 bitum
235 2987 320 3032 esse.

197 3067 328 3133 Nullius
343 3076 393 3134 est
408 3069 504 3151 pretii
520 3070 731 3135 Parisinus
748 3071 832 3136 1734
851 3090 876 3135 s
890 3068 967 3133 XIV
982 3066 1182 3150 chartaceus,
1198 3066 1385 3152 quadratus,
1401 3066 1477 3132 olim

110 3170 226 3236 Iacchi
241 3170 384 3236 Antonii.
421 3171 566 3236 continet
580 3181 654 3255 post
671 3171 869 3258 Thucydidis
883 3171 983 3236 vitum
1005 3167 1026 3235 f.
1044 3171 1082 3235 l'v
1105 3169 1280 3233 Θουκυδίδου
1303 3170 1364 3254 βίος
1379 3203 1422 3214 -
1436 3169 1478 3232 ἐν·

111 3274 189 3337 buda
210 3278 303 3338 κεῖται
324 3274 346 3338 f.
362 3275 408 3356 4⁸,
435 3281 503 3339 tum
531 3293 737 3357 programma
762 3276 784 3341 l.
799 3278 839 3340 4ν
862 3275 887 3337 ‹i›
914 3273 997 3359 φίλος
1019 3273 1044 3336 εἰ
1067 3273 1157 3356 σοφὸς
1178 3306 1221 3316 -
1242 3272 1415 3355 cauponibus
1442 3273 1477 3335 τὸ

109 3376 214 3458 γένος,
246 3374 365 3441 deinde
397 3375 419 3440 l.
438 3378 518 3440 5¹-
531 3378 616 3442 342ν
649 3376 848 3462 Thucydidis
880 3377 950 3440 Ι-
963 3375 1023 3440 VII
1038 3376 1081 3439 50
1113 3375 1144 3438 lv
1175 3373 1291 3436 τουτων.
1334 3371 1478 3455 sequitur

110 3479 136 3543 s.
152 3477 366 3543 elev-381*
389 3478 494 3543 Procli
523 3478 681 3545 institutio
710 3478 908 3561 theologica,
936 3483 1099 3560 postremo
1130 3476 1201 3541 loco
1223 3474 1245 3540 f.
1262 3474 1477 3539 sear-eaor

112 3579 283 3647 Plutarchi
306 3580 348 3645 ds
371 3579 500 3663 placitis
521 3580 787 3665 philosophorum
810 3579 973 3645 1-1118.
1017 3578 1130 3643 ultima
1161 3576 1224 3641 situ
1250 3582 1403 3658 corrupta
1423 3575 1478 3639 vix

112 3683 157 3748 ab
192 3680 410 3747 oculatissimo
442 3682 592 3764 cognosci
622 3691 767 3767 possunt.
812 3680 919 3747 Procli
949 3687 982 3746 et
1004 3677 1168 3744 Plutarchi
1198 3677 1320 3761 scripta
1344 3676 1387 3742 ab
1414 3676 1478 3742 alio

113 3784 223 3850 scriba
249 3783 283 3848 in
311 3782 379 3848 alia
404 3781 518 3847 charta
545 3791 680 3849 exarata
707 3804 728 3849 a
751 3783 937 3867 bibliopega
958 3780 1112 3845 adiuncta
1133 3787 1217 3846 sunt.
1261 3779 1356 3844 simul
1377 3778 1400 3844 f.
1416 3779 1479 3844 384

113 3886 240 3953 scheda
266 3884 456 3951 candidiore
482 3886 591 3951 colore
612 3893 760 3952 recenter
788 3885 909 3968 scripta
935 3882 1055 3964 eclogis
1077 3901 1118 3947 ex
1141 3880 1306 3947 Plutarchi
1330 3879 1480 3946 Caesaris

116 3996 150 4055 et
171 3985 403 4054 Demosthenis
429 3985 505 4051 vitis
530 3987 666 4071 impleta
692 4007 769 4053 casu
795 3986 909 4051 addita
930 3991 989 4050 est.
1034 3982 1160 4048 Placita
1181 3982 1263 4047 nihil
1284 3981 1377 4047 nobis
1398 3982 1480 4047 utili·

116 4091 195 4155 tatis
216 4088 386 4173 praebent,
407 4093 520 4170 utpote
541 4108 625 4171 quae
653 4110 694 4155 ex
718 4089 829 4155 codice
851 4087 877 4151 Β
900 4084 1095 4168 transcripta
1118 4085 1191 4149 sint.
1236 4083 1323 4165 quod
1346 4102 1417 4147 curn
1439 4103 1480 4148 ex

116 4191 294 4259 lectionum
316 4207 441 4254 summa
462 4187 671 4256 similitudine
693 4198 760 4255 turn
782 4189 858 4255 inde
874 4187 1009 4255 efficitur
1032 4186 1118 4271 quod
1140 4185 1162 4251 f.
1178 4187 1260 4251 385v
1282 4183 1387 4250 scriba
1409 4204 1481 4250 ocu·

117 4296 221 4360 lorum
244 4292 315 4357 sive
338 4310 453 4355 manus
476 4310 585 4358 errore
605 4311 626 4356 a
648 4291 902 4357 Marcionita
924 4289 1029 4355 subito
1051 4288 1095 4354 ad
1116 4287 1137 4353 f.
1153 4291 1194 4353 4ν
1216 4286 1394 4370 aberravit,
1417 4307 1480 4369 quo

116 4415 228 4463 errore
249 4393 480 4460 animadverso
503 4393 574 4478 ipse
596 4394 745 4459 lacunam
769 4392 923 4476 deinceps
946 4412 987 4458 ex
1009 4390 1123 4457 eodem
1141 4390 1305 4456 Marciano
1328 4388 1481 4473 explevit.

116 4496 243 4562 scholia
264 4495 383 4562 eadem
404 4513 490 4577 quae
513 4493 540 4559 B
562 4496 714 4578 continet,
737 4495 796 4560 sed
819 4493 975 4559 breviata.

195 4597 367 4664 Gemellus
381 4603 431 4662 est
445 4595 650 4662 Parisinus
666 4597 751 4662 2423
774 4617 800 4660 s.
812 4596 892 4660 XIII
912 4600 947 4659 ut
961 4595 1063 4660 fertur
1078 4602 1231 4660 exaratus
1245 4592 1337 4658 varia
1352 4591 1482 4675 scripta,

118 4699 286 4766 Plutarchi
308 4699 383 4764 sola
403 4698 528 4763 Placita
550 4697 729 4764 continens.
764 4696 918 4782 usurpari
939 4696 1095 4762 lectiones
1110 4715 1131 4761 a
1146 4695 1250 4760 Cento
1272 4695 1315 4760 ad
1336 4692 1483 4759 libruml

119 4809 288 4883 enotatas,
319 4799 407 4864 unde
434 4797 622 4864 manifestus
653 4819 725 4863 cum
755 4800 861 4882 priore
884 4797 1033 4863 Parisino
1063 4817 1239 4863 consensus
1266 4795 1482 4880 cognoscitur.

119 4904 301 4969 accuratius
324 4920 398 4966 euru
419 4900 578 4984 inspicere
600 4899 777 4984 supersedi.

1229 4998 1281 5067 ρο
