3442 5588
687 357 962 409 ruennccuuus
1438 357 1501 420 255

138 525 333 607 simulatque
355 523 554 589 lastinianus
577 543 634 590 eos
654 524 780 590 famoso
795 524 967 591 interdicto
983 525 1017 590 in
1033 526 1163 592 exilium
1179 526 1314 611 pepulit,
1336 525 1399 591 nisi
1416 524 1502 608 quod

138 627 369 693 monachorum
400 628 531 692 lacerna
560 625 712 711 τριβωνίου
743 646 861 693 nomen
890 629 1004 712 traxit,
1036 628 1142 712 quode
1170 628 1432 694 Boissonnadeus
1458 627 1501 693 ad

139 730 282 795 Pscllum
304 729 345 794 de
368 748 457 812 oper.
473 726 578 793 daem.
601 747 632 810 p.
649 729 723 814 251,
746 729 790 794 ad
811 731 937 812 Eunap.
963 751 994 813 p.
1012 732 1086 814 rte,
1109 731 1184 796 Not.
1206 738 1238 796 et
1258 738 1340 797 extr.
1356 732 1403 795 XI
1426 753 1456 815 p.
1470 732 1501 814 2,

138 832 181 897 56
203 830 388 897 doctissime
409 829 570 895 disseruit.
617 830 658 896 de
681 831 798 898 Geloni
825 831 922 915 igitur
943 837 1053 897 aetate
1076 871 1117 881 -
1140 852 1217 898 nam
1238 833 1315 898 illno
1338 832 1436 898 redeo
1459 869 1502 879 -

137 932 219 999 nihil
241 934 413 1017 lucramur,
437 931 499 997 nisi
524 931 610 1014 qnod
632 932 667 996 in
689 932 942 1018 Byzantinorum
963 942 1104 1001 aetatem
1127 935 1326 1002 descendere
1344 943 1501 1000 vetamur.

225 1035 339 1101 Latius
361 1035 462 1101 etiam
485 1041 624 1117 vagatur
646 1036 730 1102 alter
751 1036 916 1103 terminus.
956 1037 1031 1101 nam
1053 1037 1133 1101 nihil
1157 1045 1206 1105 cst
1228 1038 1315 1121 quod
1337 1038 1378 1103 dc
1401 1038 1501 1103 Sexto

137 1145 295 1221 tanquam
324 1136 441 1202 Galeni
469 1136 559 1202 sonte
587 1136 663 1202 olim
690 1139 941 1222 disputaveram.
986 1139 1045 1204 scd
1067 1139 1113 1203 uti
1144 1141 1218 1207 licet
1248 1140 1414 1206 Plutarchi
1437 1140 1502 1225 epi-

136 1247 224 1306 tome
252 1242 356 1305 altero
379 1244 520 1305 exeunte
542 1240 674 1304 sacculo
697 1241 855 1308 confecta.
896 1241 1100 1307 accuratiora
1125 1250 1232 1309 autem
1261 1263 1303 1308 ne
1328 1243 1410 1307 illud
1436 1242 1502 1325 qui-

137 1342 212 1409 dem
234 1343 344 1427 docet,
376 1341 463 1424 quod
490 1340 531 1406 dc
552 1341 861 1426 Neoplatonicorum
887 1351 920 1410 et
943 1343 1199 1410 Christianorum
1221 1351 1332 1429 spreta
1353 1345 1501 1410 doctrina

137 1444 323 1512 observavi.
357 1444 484 1509 illorum
507 1444 652 1511 sublimis
674 1465 713 1512 ac
732 1447 911 1512 concitatus
926 1448 1055 1512 volatus
1078 1447 1174 1528 longe
1196 1446 1238 1511 ab
1262 1446 1312 1510 his
1334 1446 1437 1511 triviis
1455 1467 1501 1513 re·

137 1548 234 1615 cedit.
276 1568 337 1614 nco
359 1546 554 1613 christianus
581 1547 641 1613 fuit
667 1549 721 1632 qui
748 1549 830 1616 hacc
852 1549 1065 1616 concinnavit.
1101 1567 1174 1614 sero
1198 1548 1283 1613 enim
1306 1548 1434 1613 omnino
1457 1549 1500 1614 ad

139 1657 229 1717 artes
250 1670 357 1716 novae
379 1649 546 1716 doctrinae
568 1652 730 1734 aptandas
752 1650 990 1718 descenderunt
1011 1651 1058 1715 illi
1079 1671 1118 1716 ac
1133 1649 1214 1714 mira
1229 1648 1412 1715 scholarum
1428 1671 1501 1716 con-

137 1752 317 1838 temptione
339 1774 416 1818 suos
438 1752 493 1817 diu
514 1752 557 1818 ab
579 1754 716 1821 ethnicis
738 1752 941 1840 philosophie
964 1752 1083 1818 erudiri
1106 1753 1194 1837 passi
1217 1758 1302 1818 sunt.
1335 1753 1425 1836 atqui
1447 1774 1501 1820 ne·

37 1899 40 1903 -
137 1856 299 1921 cassarius
330 1856 428 1940 plane
458 1857 548 1921 locus
577 1856 684 1923 fuerat
711 1858 907 1923 christianae
935 1854 1147 1938 professionis
1173 1856 1207 1920 in
1234 1855 1418 1940 prooemio,
1445 1854 1500 1920 nbi

137 1956 405 2042 philosophorum
430 1960 604 2026 ostentatio
627 1960 806 2044 sugillatur.
851 1958 939 2023 haud
964 1957 1078 2039 ignoro
1100 1959 1134 2022 in
1157 1957 1403 2023 christianorum
1426 1977 1500 2041 poe-

137 2065 243 2124 tarum
273 2066 306 2125 et
333 2061 496 2128 rhetorum
525 2063 687 2146 opusculis
709 2063 855 2129 consulto
882 2059 1070 2141 religionem
1092 2060 1303 2145 dissimulari,
1333 2061 1498 2143 antiquam

137 2161 234 2227 fidem
260 2163 415 2229 affectari.
459 2165 517 2229 scd
545 2165 623 2230 illud
651 2186 692 2231 ex
713 2170 784 2230 arto
806 2163 1028 2247 repetendum,
1052 2182 1135 2247 quae
1157 2171 1271 2229 vetera
1293 2163 1443 2246 exempla
1464 2164 1499 2229 in

136 2264 201 2329 illis
231 2284 358 2348 quoque
389 2266 584 2332 imitabatur.
629 2266 672 2331 ab
702 2271 772 2332 arto
800 2272 910 2332 antem
941 2265 1086 2332 Galenus
1115 2265 1177 2331 fuit
1207 2265 1307 2348 longe
1339 2266 1500 2349 longeque

137 2373 291 2433 remotus.

223 2469 267 2534 ht
288 2471 398 2536 nescio
421 2472 498 2555 quid
520 2470 686 2538 christiani
710 2470 834 2554 spirant
854 2470 935 2536 haec
958 2492 984 2536 ο.
1002 2473 1022 2536 6
1044 2473 1137 2557 τρίτον
1160 2473 1192 2535 τὸ
1215 2472 1330 2534 πάντων
1349 2474 1500 2556 ἀναγκαιο-

137 2595 222 2636 τατον
245 2573 293 2636 καὶ
316 2577 377 2644 τοῖς
404 2575 613 2660 ἐπιτηδεύμασι
636 2576 860 2660 χρησιμώτατον
882 2575 916 2637 τὸ
938 2575 1058 2658 ἠθικόν,
1081 2573 1119 2638 δι’
1147 2575 1181 2637 οὔ
1206 2574 1389 2657 μανθάνομεν
1413 2578 1499 2660 ἀλλή-

138 2678 198 2745 λοις
222 2677 332 2758 ὁμιλεῖν
359 2677 408 2740 καὶ
438 2679 611 2763 σομβαλλειν
634 2680 802 2762 προσηνῶς,
829 2677 877 2740 κοιλ
902 2677 970 2746 τοὺς
997 2678 1048 2760 μὲν
1077 2678 1274 2760 θρασυτάτους
1302 2679 1443 2762 ὑπερορᾶν
1465 2677 1500 2740 ot

139 2781 297 2858 μισοῦντες,
320 2778 465 2842 ἀλλὰκαὶ
487 2783 626 2862 γελῶντες
648 2781 697 2842 καὶ
719 2780 879 2856 ἐλεοῦντες,
902 2779 968 2848 τοὺς
991 2780 1024 2842 δὲ
1045 2781 1289 2848 σπουδοιοτοίτοος
1311 2779 1359 2841 καὶ
1382 2778 1500 2841 ἐπιεικε·

138 2880 260 2949 οτοῐτοος
282 2881 445 2965 στέργοντες
468 2886 528 2946 κτλ.
556 2881 616 2946 fuit
631 2880 759 2963 quidem
781 2880 835 2963 qni
858 2879 940 2945 hacc
962 2879 1157 2947 christianae
1180 2881 1207 2945 si
1230 2880 1335 2944 minus
1357 2879 1500 2964 originis,

138 2987 172 3046 at
200 2981 319 3046 aetatis
350 2983 467 3048 saltem
492 2982 612 3048 indicia
639 2989 776 3065 putaret
819 3002 914 3064 quem
943 2981 1125 3048 Stoicorum
1158 2982 1305 3048 doctrina
1338 2981 1500 3046 simillima

138 3082 229 3165 fugit.
262 3103 328 3148 non
351 3083 424 3150 dico
446 3092 590 3151 veterem
612 3085 702 3149 illam
725 3083 898 3169 Chrysippi
921 3084 1196 3169 praefracticrem,
1219 3103 1302 3168 qnae
1325 3083 1501 3149 misericor·

140 3185 214 3251 dem
237 3203 311 3250 esse
333 3186 514 3270 sapientem
536 3186 670 3252 vetabat
692 3187 994 3271 [Laert.V11123]‚
1017 3187 1076 3253 sed
1091 3186 1260 3271 mitiorem,
1283 3185 1373 3251 cuins
1388 3191 1500 3250 auctor

140 3286 317 3353 Panaetius
328 3287 547 3371 perhibendue
563 3298 621 3357 est.
639 3290 752 3356 Cicero
768 3289 897 3372 quidem
913 3309 984 3354 cum
999 3289 1080 3354 talia
1093 3289 1193 3354 tradit
1207 3288 1261 3372 [de
1277 3287 1358 3353 offic.
1372 3286 1499 3374 12588]

138 3410 199 3455 nec
225 3410 284 3455 suo
312 3409 373 3456 nec
398 3390 544 3473 proiecto
571 3393 717 3458 Romano
746 3410 850 3475 more,
884 3390 942 3456 sed
972 3391 1149 3457 secundnm
1174 3390 1261 3455 illius
1290 3397 1500 3474 praeceptum

138 3491 291 3574 loquitur.
327 3492 511 3558 memineris
545 3494 630 3559 enim
658 3514 755 3578 quam
781 3494 824 3559 sit
849 3494 948 3578 paulo
975 3499 1050 3577 post
1070 3494 1103 3557 ΙΙ
1120 3495 1161 3558 14
1177 3502 1212 3555 50
1240 3491 1288 3557 eui
1315 3491 1417 3575 ipsius
1444 3492 1501 3557 inr-

138 3613 272 3659 memor.
305 3593 440 3659 similius
463 3594 638 3662 Seneoa¹
662 3598 704 3663 de
724 3596 774 3661 ira
796 3597 885 3662 1132
908 3606 919 3657 1
943 3596 1151 3672 inhumanum,
1174 3594 1286 3678 inquit,
1310 3596 1434 3657 certam
1456 3606 1500 3658 est

139 3705 168 3759 et
190 3698 313 3779 quidem
331 3718 392 3779 pro
413 3700 495 3760 iusto
517 3708 672 3781 receptum
694 3697 783 3786 [ultio
806 3697 845 3786 et]
869 3701 945 3762 totio
968 3745 1025 3761 ...
1049 3701 1154 3779 mopsi
1180 3700 1277 3761 animi
1299 3708 1343 3760 est
1365 3701 1501 3762 iniurias

140 3800 308 3880 despicere.
331 3798 393 3865 hoc
416 3800 574 3881 despicere
596 3800 722 3867 Galcno
745 3807 796 3866 est
818 3803 961 3886 ὑπερορᾶν
984 3807 1020 3865 ut
1040 3800 1160 3865 frustra
1182 3799 1355 3865 coniecerit
1377 3798 1500 3865 Usene-

139 3920 193 3966 rus
221 3901 396 3985 ὑπεραίρειν.
434 3907 469 3965 at
495 3903 640 3986 proxime
670 3903 755 3968 alter
783 3902 929 3968 Senecae
959 3904 1049 3968 locus
1077 3902 1204 3968 accedit
1230 3903 1271 3968 de
1297 3901 1346 3967 ira
1368 3903 1400 3966 ΙΙ
1424 3904 1500 3967 105

139 4004 317 4067 Heraclitus
338 4005 478 4085 quotiens
497 4007 660 4086 prodierat
682 4016 710 4068 et
733 4014 850 4069 tamtam
872 4009 959 4068 circa
980 4027 1015 4069 sc
1029 4008 1111 4069 mate
1124 4008 1289 4068 cineratum
1307 4008 1398 4067 immo
1420 4007 1500 4068 mata

138 4109 330 4188 pereuntium
357 4108 494 4182 viderat,
524 4109 627 4188 debat,
660 4109 863 4173 miserebatur
896 4111 1030 4171 omnium
1058 4156 1065 4170 .
1090 4154 1097 4171 .
1122 4155 1130 4170 .
1159 4110 1367 4171 Democritum
1390 4119 1500 4171 contra

139 4329 252 4400 φωτινὸν
275 4327 364 4399 θρόνον
388 4326 528 4399 ἀναχθῆναι
546 4327 661 4381 Λεόντιον
684 4326 755 4382 οὔπω
774 4327 901 4382 ἐθέλοντα.
936 4327 1001 4399 λέγει
1019 4327 1045 4381 δὲ
1064 4330 1107 4382 κοιλ
1125 4330 1242 4400 περὶτοῦ
1260 4329 1380 4399 τρίβωνος
1399 4329 1434 4387 ὡς
1452 4329 1500 4382 oda

139 4416 197 4487 ἐξῆν
220 4416 287 4468 κατὰ
309 4417 353 4475 τὰς
374 4414 478 4485 Ἀθήνας
501 4433 555 4468 πει
532 4412 676 4487 ριβαλέολλαι
699 4414 774 4468 αὑτόν
797 4434 850 4469 τινα
874 4417 918 4468 καὶ
941 4415 1047 4485 μάλιστα
1072 4404 1183 4476 ξένονιι
1162 4438 1183 4487 ιρ
1207 4417 1242 4486 μὴ
1265 4423 1317 4469 τῶν
1341 4418 1499 4488 οοφιστῶνὴ

139 4504 227 4573 γνώμη
247 4503 365 4573 ἐπέτρεπε
384 4504 428 4556 καὶ
447 4503 472 4555 ul
490 4504 558 4555 κατὰ
574 4521 633 4561 τους
651 4502 808 4573 οοφιστιιιους
826 4502 916 4571 νόμους
934 4503 1030 4556 τελεταὶ
1048 4503 1089 4573 ἐβε
1078 4502 1176 4572 eduinus
1193 4503 1223 4555 τὸ
1241 4502 1348 4572 ἀξίωμα.
1385 4510 1514 4575 sequitur

139 4597 232 4644 rituum
252 4596 366 4644 narratio
385 4594 490 4658 (pugna,
512 4590 642 4653 balneum)
662 4592 754 4655 qulbus
773 4592 806 4642 ad
825 4594 896 4657 pallii
915 4595 1066 4657 dignitatem
1085 4593 1203 4642 initiandi
1223 4594 1449 4657 praeparabantur.
1468 4597 1499 4646 ef

138 4683 234 4745 Agath.
249 4682 307 4731 hist.
320 4681 348 4730 Il
362 4678 396 4731 29
416 4696 440 4744 p.
455 4679 520 4732 680.
538 4681 602 4745 pulli
621 4681 693 4744 pallii
711 4682 867 4729 mentionem
886 4681 938 4729 iam
957 4682 1025 4730 Plut.
1039 4681 1136 4730 Antan.
1150 4678 1184 4729 80
1202 4681 1234 4730 de
1251 4681 1411 4731 Philostrato
1430 4683 1499 4732 Aes

138 4770 238 4819 demico
257 4770 358 4818 locutus
376 4767 439 4816 tacit
456 4764 547 4831 [supra
564 4785 589 4833 p.
604 4765 660 4830 80].
680 4767 712 4816 cf.
730 4768 862 4830 Diog.VI
823 4764 934 4817 v1102.

211 4851 349 4905 ¹‘Sericas
366 4868 445 4918 saepe
463 4853 559 4904 norter'
578 4855 686 4904 Tertull.
706 4854 731 4902 d.
750 4855 828 4904 anim.
842 4850 885 4904 20.
904 4855 935 4903 er.
954 4855 984 4904 O.
1004 4854 1108 4905 Martha
1126 4857 1163 4903 les
1182 4857 1327 4906 moralistes
1346 4872 1406 4906 sona
1429 4859 1500 4908 l'em-

54 4924 62 4935 ⁸
139 4945 192 5007 pire
210 4944 285 4994 Rom.
313 4944 388 4991 Paris
404 4937 470 4992 1872
490 4958 514 5005 p.
532 4940 571 4991 10.
