3442 5588
217 345 282 409 464
336 426 342 431 ¹
523 332 601 391 1111
633 342 768 398 DIDYMI
786 346 970 399 EPITOMES
989 347 1042 399 ΕΒ.
1060 347 1162 398 PHYS.
1176 345 1218 400 28.
1232 343 1266 399 29

215 513 455 599 συνεκφαίνεσθαι
477 512 531 597 γάρ
554 512 587 576 ἐκ
610 519 664 599 τῆς
686 516 816 598 κράσεως
837 515 891 598 τήν
912 516 1036 579 ἑκάστου
1058 521 1117 579 τῶν
1139 515 1359 600 συγκραθέντων
1383 517 1480 600 όγρῶν
1503 513 1585 578 ποιό-

215 639 288 700 τητα
315 615 375 680 οίον
403 615 481 680 οίνου
510 614 626 699 μέλιτος
654 617 758 687 ύδατος
785 616 867 686 όίους
892 623 951 681 τῶν
978 619 1199 703 παραπλησίων.
1237 619 1280 682 ότι
1309 615 1334 682 δ’
1368 619 1416 683 έπί
1443 616 1584 682 τοιούτων

216 720 347 802 κράσεων
370 717 551 801 διαμένουσιν
574 720 604 782 αί
627 720 778 803 ποιότητες
800 725 859 783 τῶν
882 721 1118 805 συγκραθέντων,
1146 721 1292 805 πρόδηλον
1314 721 1348 784 ἐκ
1368 725 1421 784 τού
1443 720 1585 790 πολλάκις

217 818 514 906 ἐξέπιμηχανήσεως
536 822 775 905 ἀποχωρίζεσθαι
797 825 887 886 ταῦτα
910 822 960 886 ἀπ’
988 824 1133 908 ἀλλήλων.
1171 824 1222 887 ἐὰν
1244 828 1312 906 γοῦν
1334 824 1459 907 σπόγγον
1475 824 1584 907 ήλαιω-

189 923 305 1008 σμένον
327 923 408 1006 καθῇ
431 946 474 992 τις
495 922 536 992 εἰς
559 922 634 986 υίνον
658 925 739 988 ύδατι
762 924 954 1009 κεκραμένον,
981 926 1162 1011 ἀποχωρίσει
1183 927 1216 990 τὸ
1240 927 1318 1010 ύδωρ
1339 931 1391 990 τού
1414 924 1494 989 οἴνου
1518 925 1586 989 ἀνα·

216 1025 374 1112 δραμόντυς
395 1030 448 1089 τού
470 1027 573 1096 ύδατος
595 1025 636 1095 εἰς
658 1028 707 1090 τδν
733 1028 868 1111 σπόγγον.
903 1030 956 1112 τὴν
984 1029 1017 1092 δὲ
1046 1028 1184 1114 σύγχυσιν
1212 1029 1263 1093 δύο
1290 1027 1337 1113 (ἢ)
1362 1029 1411 1092 καὶ
1439 1027 1585 1092 πλειόνων

217 1130 379 1212 ποιοτήτων
406 1128 470 1212 περί
496 1128 533 1191 τὰ
560 1131 684 1212 σώματα
711 1132 873 1216 μεταβολὴν
898 1130 940 1201 εἰς
961 1129 1061 1217 ἑτέρας
1083 1132 1275 1216 διαφερούσης
1295 1133 1404 1196 τούτων
1428 1129 1586 1212 ποιότητος

218 1231 338 1314 γένεσιν,
361 1233 403 1300 ῶς
426 1230 473 1294 ἐπί
495 1235 548 1315 τῆς
570 1233 736 1303 συνθέσεως
757 1232 820 1319 ἔχει
844 1238 902 1297 τῶν
925 1233 1023 1318 μύρων
1045 1235 1094 1298 καί
1116 1238 1175 1296 τῶν
1198 1234 1333 1319 ἰατρικῶν
1355 1236 1531 1320 φαρμάκων.

281 1624 395 1675 Ευεεί).
413 1625 445 1676 P.
458 1626 490 1676 Ε.
504 1627 555 1675 XV
571 1624 671 1678 151-ιι
880 1524 922 1590 29

302 1743 403 1799 Ὁποίαν
425 1744 498 1805 δόξαν
520 1744 652 1814 ἐπάγονται
675 1746 698 1798 οἰ
721 1743 829 1799 Στωικοὶ
849 1748 903 1816 περί
926 1751 970 1799 τού
989 1744 1048 1799 θεοῦ
1067 1746 1110 1799 καί
1128 1747 1183 1816 περί
1202 1747 1342 1804 συστάσεως
1359 1748 1405 1797 τού
1423 1742 1519 1801 παντὸς
1537 1741 1586 1794 ἀπό

177 1849 201 1886 10
218 1841 272 1887 τῶν
291 1831 403 1903 Ἀρείου
421 1829 563 1899 Διδύμυυ.

297 1933 386 2001 Ὅλον
414 1937 447 1999 δὲ
473 1936 522 1999 τὸν
550 1935 658 2018 κόσμον
686 1937 738 2000 σὺν
764 1941 824 2007 τοῖς
846 1938 951 2001 ἑαυτοῦ
979 1937 1078 2021 μέρεσι
1105 1936 1351 2023 προσαγορεύουσι
1373 1935 1458 1999 θεόν·
1482 1937 1585 1997 τοῦτον

220 2041 252 2104 δὲ
275 2040 326 2103 ἕνα
350 2038 437 2121 μόνον
459 2038 533 2101 εἶναί
555 2060 625 2123 φασι
648 2040 696 2102 καί
718 2040 935 2124 πεπερασμένον
958 2040 1005 2104 καί
1029 2044 1105 2126 ζῷον
1128 2043 1177 2104 καί
1199 2041 1291 2104 ἀίδιον
1309 2040 1356 2102 καί
1373 2037 1451 2102 θεόν.
1484 2036 1516 2100 ἐν
1531 2036 1585 2121 γάρ

222 2141 316 2227 τούτιρ
338 2143 431 2204 πάντα
453 2140 641 2226 περιέχεσθαι
661 2142 698 2205 τά
721 2145 854 2226 σώματα,
876 2145 957 2208 κενὸν
980 2145 1012 2207 δὲ
1034 2144 1124 2228 μηδὲν
1147 2144 1287 2227 ὑπάρχειν
1309 2142 1339 2205 ἐν
1354 2141 1448 2226 αύτῷ.
1476 2140 1511 2202 τὸ
1530 2139 1584 2223 γάρ

181 2264 204 2302 ιι
222 2244 256 2308 ἐκ
284 2245 380 2328 πάσης
409 2248 461 2327 τής
488 2243 588 2314 ούσίας
610 2245 692 2307 ποιδν
717 2246 983 2331 προσαγορεύεσθαι
1012 2245 1135 2330 (κόσμον
1163 2245 1225 2331 καὶ)
1252 2246 1286 2308 τδ
1313 2244 1386 2307 κατὰ
1412 2245 1465 2327 τὴν
1490 2242 1585 2306 διακό-

178 2350 323 2431 2σμησιν
345 2348 397 2430 τήν
420 2348 554 2430 τοιαύτην
569 2346 693 2416 διάταξιν
713 2346 795 2434 έχον.
874 2351 919 2413 διὸ
935 2350 1009 2413 κατὰ
1027 2351 1078 2432 μὲν
1101 2350 1154 2434 τήν
1176 2347 1318 2434 προτέραν
1334 2346 1475 2411 ἀπόδυσιν
1492 2346 1583 2410 ἀίδιον

215 2452 264 2515 τὸν
291 2450 401 2534 κόσμον
428 2449 502 2512 εἶναί
527 2472 613 2535 φασι,
639 2450 713 2514 κατὰ
739 2452 772 2515 δὲ
800 2453 853 2535 τὴν
879 2452 1070 2536 διακόσμησιν
1093 2453 1210 2536 γενητόν
1233 2451 1281 2514 καί
1305 2450 1485 2535 μεταβλητὸν
1509 2448 1582 2511 κατά

178 2555 198 2619 3
216 2553 366 2639 περιόδους
388 2553 522 2636 ἀπείρους
543 2553 690 2637 γεγονυίας
710 2577 742 2616 τε
763 2555 812 2616 καί
834 2554 985 2637 ἐσομένας.
1066 2556 1114 2618 καὶ
1136 2556 1170 2618 τό
1186 2555 1238 2638 μὲν
1254 2554 1288 2617 ἐκ
1303 2558 1356 2637 τῆς
1370 2553 1468 2635 πάσης
1482 2550 1582 2620 ούσίας

214 2656 296 2719 ποιόν
325 2655 434 2738 κόσμον
461 2655 552 2717 ἀίδιον
580 2653 653 2719 εἶναι
679 2656 727 2719 καὶ
755 2656 840 2719 θεόν·
872 2655 1008 2738 λέγεσθαι
1037 2657 1069 2720 δὲ
1091 2656 1200 2739 κόσμον
1228 2654 1303 2740 (καί)
1325 2655 1461 2738 σύστημα
1483 2651 1514 2722 ἐξ
1537 2653 1581 2716 οδ

215 2761 304 2842 ρανού
325 2758 374 2821 καί
396 2757 481 2841 ἀέρος
503 2757 552 2820 καί
574 2763 628 2842 γής
649 2761 699 2822 καί
721 2758 869 2843 θαλάττης
889 2760 938 2822 καὶ
960 2764 1020 2823 τῶν
1042 2759 1072 2822 ἐν
1098 2758 1197 2828 αὐτοῖς
1222 2759 1354 2844 φύσεων·
1381 2757 1522 2841 λέγεσθαι
1549 2757 1579 2819 δὲ

172 2881 197 2921 κο
214 2859 323 2942 κόσμον
346 2861 394 2924 καί
420 2861 453 2923 τδ
482 2859 647 2943 οἰκητήριον
670 2860 748 2924 θεῶν
776 2862 824 2925 καί
853 2861 1018 2945 ἀνθρώπων
1045 2860 1078 2945 (ἢ
1100 2862 1150 2925 τὸν
1171 2861 1205 2924 ἐκ
1229 2861 1308 2925 θεῶν
1331 2860 1379 2923 καί
1401 2857 1579 2944 ἀνθρώπων)

176 2959 261 3026 4καί
282 2966 341 3026 τῶν
368 2963 453 3026 ἕνεκα
474 2962 583 3026 τούτων
609 2962 770 3046 γενομένων
792 2969 967 3029 συνεστῶτα.
1053 2964 1086 3028 ὃν
1115 2964 1170 3048 γὰρ
1207 2963 1312 3048 τρόπον
1349 2961 1433 3030 πόλις
1468 2959 1577 3044 λέγεται

213 3067 304 3151 διχῶς
330 3066 363 3129 τό
390 3089 422 3128 τε
452 3064 617 3149 οἰκητήριον
639 3066 740 3129 καὶτὸ
763 3066 877 3130 ἐκτῶν
899 3066 1086 3130 ἐνοικούντων
1113 3067 1164 3131 σὺν
1186 3071 1246 3136 τοῖς
1280 3066 1411 3133 πολίταις
1434 3063 1577 3146 σύστημα,

214 3169 291 3232 οὕτω
319 3168 368 3232 καί
399 3171 415 3233 ὁ
441 3167 551 3250 κόσμος
578 3167 665 3230 οίονεί
691 3169 774 3238 πόλις
801 3169 877 3233 ἐστίν
900 3169 933 3233 ἐκ
955 3170 1034 3233 θεῶν
1057 3170 1104 3233 καί
1127 3170 1292 3254 ἀνθρώπων
1315 3171 1500 3244 συνεστῶσα,
1520 3170 1577 3229 τῶν

174 3272 267 3354 ὃμὲν
290 3271 368 3334 θεῶν
389 3271 442 3355 τήν
465 3270 620 3354 ἡγεμονίαν
642 3271 781 3355 ἐχόντων,
803 3269 903 3335 τῶνδ’
924 3271 1088 3354 ἀνθρώπων
1105 3271 1352 3355 ὑποτεταγμένων.
1429 3271 1576 3334 κοινωνίαν

171 3398 197 3437 τι
215 3370 243 3436 δ’
272 3375 411 3458 ὑπάρχειν
434 3373 505 3456 πρὸς
527 3373 671 3456 ἀλλήλους
693 3373 741 3436 διὰ
768 3375 801 3436 τὸ
828 3375 915 3457 λόγου
944 3373 1089 3459 μετέχειν,
1119 3376 1150 3444 ός
1177 3375 1237 3438 ἐστι
1259 3374 1343 3459 φύσει
1365 3373 1469 3456 νόμος·
1492 3372 1529 3436 τά
1548 3370 1572 3435 δ’

212 3473 288 3538 ἀλλα
311 3476 404 3538 πάντα
426 3474 570 3558 γεγονέναι
593 3475 703 3538 τούτων
731 3476 826 3539 ἕνεκα.
861 3477 904 3546 οἷς
930 3477 1103 3547 ἀκολούθως
1124 3476 1275 3559 νομιστέον
1297 3480 1429 3559 προνοεῖν
1450 3479 1511 3538 τῶν
1533 3475 1577 3538 ἀν

212 3578 342 3662 θρῶπων
368 3579 418 3641 τὸν
445 3578 481 3641 τά
507 3579 562 3642 όλα
588 3579 750 3641 διοικοῦντα
778 3577 861 3655 θεόν,
888 3579 1066 3664 εὐεργετικόν
1094 3578 1162 3643 ὄντα
1189 3579 1237 3642 καί
1260 3581 1388 3664 χρηστόν
1411 3578 1460 3642 καί
1482 3577 1577 3663 φιλάν·

174 3682 195 3747 6
214 3681 333 3764 θρωπον
356 3681 466 3745 δίκαιόν
488 3703 520 3744 τε
543 3680 591 3743 καί
614 3682 709 3750 πάσας
730 3678 837 3766 έχοντα
857 3683 909 3754 τὰς
931 3683 1046 3767 ἀρετάς.
1124 3684 1169 3745 διὸ
1196 3683 1233 3765 δὴ
1261 3682 1311 3745 καί
1332 3680 1406 3750 Ζεὺς
1427 3681 1541 3764 λέγεται
1561 3683 1578 3744 ό

214 3830 318 3837 —.-.--..
325 3832 355 3836 1...-
375 3832 411 3838 ...-

250 3904 262 3957 1
286 3909 339 3956 τῶν
362 3905 477 3974 κράσεων
502 3906 559 3956 eod.
580 3906 661 3955 Varie.
685 3915 785 3956 secutus
803 3906 869 3956 Mei·
920 3901 1039 3975 όΖήνιυν
1056 3903 1099 3957 τὸν
1116 3906 1172 3975 περί
1190 3904 1278 3975 ἀρχῶν
1290 3902 1406 3956 ἀπεδίδου
1424 3902 1508 3974 λόγον.
1531 3902 1577 3957 ἀπό

210 3993 276 4044 ποίεε
297 3990 309 4059 ΙΙ
330 3992 347 4044 4
366 3989 409 4043 οὖν
427 3995 465 4043 A:
485 4009 549 4043 corr.
568 3986 689 4044 Meineke
710 3989 723 4061 11
743 3989 870 4058 ἰλαιούμε·
919 3995 964 4043 τοῦ
993 3989 1017 4052 ζ’
1045 3993 1100 4063 περὶ
1128 3991 1273 4062 φιλοσοφίας
1297 3989 1483 4062 Ἀριστοκλέους
1512 3996 1575 4044 Ado

210 4096 251 4130 νυν
264 4082 302 4131 A:
322 4096 388 4131 corr.
408 4082 538 4132 Meineko.
557 4083 588 4132 cf.
601 4082 679 4132 Philo
699 4081 716 4130 Ι.
730 4097 752 4130 ο.
770 4075 869 4146 σπόγγῳ
920 4081 1033 4146 Didymo
1043 4081 1164 4132 adscribit
1173 4080 1347 4146 Wyttenbaeh
1357 4082 1435 4133 lexic.
1445 4080 1575 4132 Plutarch.

209 4166 255 4237 γὰρ
278 4165 424 4236 ἰλαιωμίνῳ
443 4167 471 4231 [1.
493 4166 656 4236 ήλαιωμένῳ]
682 4165 711 4218 τὸ
733 4164 779 4234 μὲν
802 4163 869 4235 ὕδωρ
922 4162 1019 4219 11354.
1042 4168 1087 4217 sed
1112 4168 1197 4218 obstat
1216 4170 1307 4219 indicis
1326 4177 1449 4220 accurata
1467 4168 1574 4218 adnot:-

210 4250 440 4323 ἀναλαμβάνεσθαι,
461 4252 504 4305 τὸν
527 4253 552 4306 δὲ
575 4253 640 4306 οἰνον
658 4249 833 4305 ὑπολείπεσθαι
854 4251 867 4321 Η
920 4259 956 4307 tio
977 4253 991 4323 Η
1013 4255 1046 4307 14
1064 4256 1109 4307 καί
1126 4257 1226 4306 addidit
1245 4259 1329 4308 Ηοίου
1347 4258 1408 4307 coll.
1426 4257 1508 4319 Βίας.
1526 4254 1576 4306 vn

209 4340 250 4410 ύῆ
265 4359 298 4393 ex
317 4360 340 4407 p.
354 4340 415 4405 463,
427 4341 460 4394 29
472 4344 532 4392 add.
548 4340 821 4410 Μοίπελεγίἰίτίρατ
834 4343 867 4393 C:
921 4341 1052 4396 137.138.
1071 4345 1179 4409 praefixi
1198 4341 1293 4411 κόσμον
1313 4341 1326 4411 γ]
1351 4342 1383 4394 18
1402 4341 1448 4393 καί
1465 4338 1575 4394 anteob-

208 4428 332 4497 έτίρανΕ
358 4426 371 4497 Η
398 4429 415 4482 8
436 4430 591 4498 φαρμάκωνι
620 4435 765 4482 accuratius
788 4432 865 4482 Philo
919 4427 1073 4499 στημαοάό.
1087 4433 1179 4483 Ηείιιε.
1199 4434 1230 4483 ef.
1247 4433 1357 4495 Diog.1.
1371 4447 1392 4481 ε.
1407 4432 1574 4482 εεῦἰοάοειιι

207 4519 224 4568 l.
243 4534 264 4569 υ.
293 4514 329 4574 ὡς
351 4515 391 4569 ἰπί
414 4520 461 4586 τῆς
483 4517 509 4570 ίν
534 4516 632 4587 ἰατρική
655 4517 865 4587 τετραφαρμάκου
914 4535 957 4585 ap.
970 4521 1064 4570 Achill.
1083 4538 1108 4586 ρ.
1123 4517 1196 4571 129³
1217 4518 1301 4582 [Ptol.
1320 4537 1345 4584 p.
1358 4516 1406 4583 20]
1429 4515 1493 4584 1120
1512 4533 1574 4582 qm

207 4605 351 4674 συντέτευχε
916 4608 1125 4658 homoeoteleuto
1158 4608 1341 4658 interciderant
1370 4623 1404 4657 ox
1437 4603 1489 4668 §4
1517 4620 1573 4656 σου·

245 4693 261 4746 9
287 4695 385 4744 titulum
409 4696 498 4759 ουρίιίε
517 4694 625 4759 praefixi
644 4710 676 4745 ex
695 4697 805 4759 capitum
824 4695 862 4743 in·
915 4697 973 4745 latis
1011 4696 1139 4760 Diogenis
1177 4704 1203 4744 ετ
1239 4695 1352 4744 Diodori
1391 4695 1457 4744 locis
1496 4695 1573 4744 υἰτεάι

209 4781 265 4831 dice
278 4782 437 4833 Eusebiano.
468 4783 601 4832 deforma
619 4783 651 4832 cf.
664 4783 736 4832 Prol.
749 4799 773 4846 p.
784 4779 862 4844 73sq.
914 4779 995 4845 [Prol.
1014 4799 1039 4847 p.
1050 4780 1093 4844 20,
1112 4779 1218 4846 1123]
1237 4783 1335 4832 restitui
1355 4782 1388 4832 cf.
1407 4781 1439 4831 fr.
1454 4777 1490 4832 31
1511 4777 1524 4848 ΙΙ
1543 4777 1572 4831 θ1

210 4884 219 4920 ι
234 4885 257 4920 11
272 4884 310 4920 ιν.
329 4871 399 4934 quod
412 4871 439 4919 in
452 4871 514 4921 Eun.
528 4872 579 4920 XV
594 4869 626 4921 14
641 4871 773 4935 praecedit
785 4878 862 4934 caput
913 4874 1053 4920 συνεστῶτα
1071 4872 1138 4932 libri,
1159 4870 1228 4932 quod
1247 4870 1376 4919 editorum
1388 4870 1493 4919 inscitia
1502 4868 1573 4932 vulgo

208 4957 264 5026 περί
286 4959 332 5026 τῆς
354 4962 407 5008 τῶν
429 4952 552 5008 Στωικῶν
574 4953 719 5026 φιλοσοφίας
742 4953 811 5013 όπως
834 4973 861 5007 τε
911 4959 1036 5007 omittitur
