3442 5588
455 338 712 388 FRAGMENTUM
730 338 780 387 Dll
800 336 976 390 SENSIBUS
994 336 1089 400 §1-4

496 802 725 861 ΘΕΠΦΡΑΣΤΠΥ
744 802 827 859 ΠΕΡΙ
846 801 1051 860 ΑΙΣΘΠΣΕΩΝ.

244 977 314 1063 Περὶ
330 977 356 1041 δ’
376 979 544 1062 αἰσθήσεως
563 980 592 1040 αἱ
610 979 661 1059 μὲν
677 978 782 1041 πολλαὶ
803 978 852 1041 καί
874 977 1003 1041 καθόλου
1026 977 1105 1047 δὸίαι
1128 977 1171 1043 δύ’
1192 979 1276 1042 εἰσίν·
1300 981 1326 1042 οἱ
1351 980 1402 1062 μὲν
1422 989 1436 1041 1

142 1082 196 1165 γὰρ
217 1087 260 1167 τῷ
284 1082 378 1166 ὁμοίῳ
400 1085 541 1157 ποιοῦσιν,
562 1081 589 1142 οί
612 1080 645 1142 δὲ
666 1085 708 1164 τῷ
737 1079 867 1164 ἐναντίῳ.
906 1079 1126 1163 Παρμενίδης
1151 1081 1201 1162 μὲν
1224 1078 1404 1162 καλἘμπε-

144 1184 275 1267 δοκλῖης
290 1182 337 1246 καλ
354 1182 497 1246 Πλάτων
520 1186 563 1266 τῷ
580 1181 685 1266 ὁμοίῳ,
706 1182 733 1243 οί
748 1183 781 1245 δέ
795 1181 860 1264 περὶ
872 1178 1102 1265 Ἀναξαγόραν
1118 1184 1165 1244 καὶ
1177 1181 1405 1266 Ἡράκλειτον

142 1290 185 1370 τῷ
201 1285 332 1369 ἐναντίῳ.
368 1285 401 1346 τδ
419 1285 452 1347 δέ
466 1283 588 1347 πιθανὸν
604 1280 707 1368 ἔλαβον
727 1285 754 1345 οἱ
778 1284 830 1366 μὲν
852 1284 896 1347 ὁτι
918 1289 976 1346 τῶν
998 1283 1094 1346 ἀλλων
1116 1306 1148 1346 τε
1169 1284 1205 1346 τά
1226 1286 1346 1347 πλεῖστα
1367 1291 1405 1368 τῇ

114 1385 296 1469 ιὸμοιὸτητι
319 1386 472 1470 θεωρεῖται
495 1386 543 1448 καί
566 1385 609 1449 ὁτι
632 1384 779 1468 σύμφυτόν
802 1385 862 1448 ἐστι
881 1389 952 1448 πᾶσι
967 1389 1027 1453 τοῖς
1042 1383 1128 1470 ζῴοις
1150 1387 1186 1449 τά
1202 1392 1321 1469 συγγενῆ
1336 1410 1406 1469 γνω·

145 1488 243 1574 ρίζειν,
265 1485 307 1550 έτι
323 1485 349 1552 δ’
371 1491 411 1558 ώς
431 1490 464 1551 τδ
487 1488 539 1570 μὲν
562 1486 754 1550 αἰσθάνεσθαι
775 1491 813 1569 τῇ
836 1486 977 1570 ἀπορροίη
999 1487 1115 1569 γίνεται,
1136 1490 1169 1551 τδ
1193 1485 1220 1550 δ’
1240 1489 1339 1568 ὁμοιον
1358 1489 1407 1573 φέ·

144 1613 222 1673 ρεται
237 1592 309 1674 πρδς
323 1591 356 1653 τὸ
373 1590 483 1672 ὁμοιον.
613 1590 640 1653 οί
664 1589 696 1652 δὲ
717 1589 770 1672 τὴν
790 1585 925 1670 αἴσθησιν
941 1588 1191 1674 ὑπολαμβάνοντες
1206 1589 1235 1652 ἐν
1251 1589 1404 1653 ἀλλοιώσει
1424 1597 1439 1649 ‘l

142 1691 272 1774 γίνεσθαι
287 1693 335 1754 καὶ
357 1693 391 1755 τδ
408 1693 460 1774 μὲν
476 1692 575 1774 ὁμοιον
591 1690 704 1759 ἀπαθὲς
721 1691 778 1752 ὁπδ
794 1693 845 1751 τοῦ
859 1691 972 1772 ὁμοίου,
996 1691 1029 1752 τδ
1046 1688 1071 1753 δ’
1092 1691 1217 1754 ἐναντίον
1231 1691 1406 1773 παθητικόν,

143 1793 238 1877 τοὸτῳ
253 1794 434 1878 προσέθεσαν
449 1794 501 1877 τἠν
515 1796 648 1876 γνώμην·
672 1793 873 1876 ἐπιμαρτυρεῖν
896 1792 929 1854 δέ
944 1791 1050 1855 οίονται
1070 1793 1118 1856 καὶ
1133 1795 1166 1856 τὸ
1182 1794 1246 1878 περὶ
1260 1795 1312 1878 τὴν
1329 1794 1406 1878 ἁφὴν

103 1922 127 1959 ιυ
146 1895 316 1979 συμβαῖνον·
344 1897 376 1958 τδ
403 1896 458 1979 γὰρ
486 1895 594 1978 ὁμοίως
613 1899 651 1976 τῇ
675 1894 758 1977 σαρκί
781 1891 889 1976 θερμδν
913 1893 932 1976 ἢ
956 1896 1068 1979 ψυχρὸν
1090 1894 1125 1959 οδ
1147 1900 1239 1959 ποιεῖν
1261 1893 1407 1977 αἴσθησιν.

145 1995 274 2059 καθὸλυυ
291 1997 343 2077 μὲν
358 1994 407 2060 οὖν
424 1997 488 2080 περὶ
505 1997 672 2081 αἰσθήσεως
687 1993 772 2058 αὸται
791 1994 1000 2079 παραδέδονται
1016 1996 1107 2066 δόξαι.
1143 1997 1208 2080 περὶ
1229 1997 1354 2079 ἑκάστης
1376 1998 1409 2060 δὲ

143 2105 202 2162 τῶν
216 2099 290 2161 κατὰ
306 2097 392 2182 μέρος
407 2100 434 2161 ol
451 2099 502 2181 μὲν
518 2098 599 2162 ἀλλοι
617 2098 723 2182 σχεδὸν
739 2096 953 2175 ἀπολείπουσιν,
972 2094 1208 2182 Ἐμπεδοκλῆς
1228 2099 1261 2161 δὲ
1275 2103 1408 2182 πειρᾶται

144 2202 192 2264 καὶ
207 2200 313 2269 ταὸτας
328 2202 441 2283 ἀνάγειν
457 2201 497 2270 εἰς
513 2201 565 2283 τὴν
581 2199 750 2281 ὁμοιότητα.
781 2198 982 2283 [παρμενίδου]
1112 2198 1330 2284 Παρμενίδης
1354 2202 1406 2283 μὲν
1424 2209 1440 2262 3

145 2304 199 2386 γὰρ
224 2303 301 2371 ὁλως
329 2302 413 2366 οὐδὲν
440 2305 585 2387 άφώρικεν
614 2301 689 2364 ἀλλά
712 2299 798 2381 μὸνον
826 2301 868 2364 ὁτι
892 2302 970 2363 δυοῖν
993 2299 1085 2364 ὄντοιν
1108 2303 1260 2387 στοιχείοιν
1282 2304 1408 2367 κατὰτὸ

103 2433 127 2470 ιο
146 2405 325 2490 ὑπερβολλον
341 2405 416 2468 ἐστὶν
432 2406 451 2488 ἡ
466 2410 580 2487 γνῶσις·
612 2402 662 2466 ἐὰν
678 2402 732 2487 γὰρ
748 2403 889 2486 ὑπεραίρῃ
904 2403 938 2464 τδ
953 2401 1061 2485 θερμὸν
1077 2402 1096 2487 ἢ
1119 2404 1153 2466 τὸ
1175 2404 1297 2489 ψυχράν,
1318 2405 1409 2488 ἀλλην

146 2507 275 2590 γίνεσθαι
304 2509 357 2590 τὴν
383 2508 523 2583 διάνοιαν,
545 2505 649 2591 βελτίω
671 2505 704 2567 δέ
726 2504 775 2566 καὶ
798 2503 1005 2588 καθαρωτέραν
1027 2505 1080 2588 τὴν
1102 2505 1150 2568 διὰ
1170 2507 1204 2568 τδ
1226 2507 1348 2591 θερμὸν·
1372 2507 1407 2570 οδ

146 2611 203 2694 μὴν
218 2608 294 2673 ἀλλά
316 2608 364 2671 καὶ
385 2608 491 2692 ταὸτην
512 2607 628 2670 δεῖσθαί
647 2630 721 2676 τινος
744 2605 932 2688 συμμετρίας·

248 2715 289 2781 ώς
310 2712 363 2795 γὰρ
386 2712 525 2775 ἑκάστοτε
539 2746 581 2756 -
595 2708 682 2794 φησίν
698 2744 739 2755 -
755 2705 819 2792 ἔχει
841 2711 941 2791 κρᾶσιν
965 2707 1076 2791 μελέων
1097 2710 1333 2792 πολυπλάγκτων,

247 2816 306 2883 τὼς
329 2812 393 2881 νὸος
415 2812 595 2895 ἀνθρώποισι
617 2811 809 2895 παρέστηκεν·
831 2811 864 2872 τδ
886 2810 940 2892 γάρ
962 2810 1034 2874 αδτὸ

103 2944 128 2982 νο
247 2914 323 2979 έστιν
346 2914 417 2998 ὅπερ
439 2912 552 2998 φρονέει
575 2912 686 2995 μελέων
708 2912 793 2996 φύσις
814 2911 994 2996 ἀνθρώποισι

248 3018 296 3080 καὶ
318 3020 404 3079 πᾶσιν
427 3015 476 3078 καί
498 3014 595 3076 παντί·
619 3016 652 3077 τὸ
674 3015 728 3098 γάρ
750 3014 837 3077 πλέον
860 3014 920 3077 ἐστὶ
943 3013 1049 3097 νὸημα.

146 3120 180 3183 τὸ
195 3121 250 3203 γὰρ
265 3116 457 3182 αἰσθάνεσθαι
472 3115 520 3178 καλ
536 3118 569 3179 τὸ
592 3120 706 3200 φρονεῖν
730 3119 770 3185 ώς
790 3115 878 3179 ταύτὸ
900 3115 986 3198 λέγει,
1009 3118 1053 3180 διδ
1075 3116 1123 3180 καὶ
1145 3118 1197 3201 τὴν
1220 3120 1336 3202 μνήμην
1358 3122 1442 3185 καλε

148 3222 202 3306 τἠν
224 3220 321 3305 λήθην
344 3220 403 3282 ἀπδ
425 3217 535 3281 τοὸτων
557 3217 686 3300 γίνεσθαι
708 3218 755 3281 διὰ
776 3223 828 3301 τῆς
849 3217 993 3300 κράσεως·
1016 3215 1051 3280 ἀν
1074 3215 1099 3281 δ’
1121 3219 1242 3292 ίσάζωσι
1263 3225 1301 3302 τῇ
1325 3221 1408 3303 μίξει,

136 3446 224 3494 titulus
246 3437 425 3509 γθεοηράστου
448 3438 504 3508 περὶ
523 3435 692 3508 αίσθησεωνγ
710 3441 754 3492 ΡΠ
807 3438 891 3508 δμοιον
904 3440 940 3503 [ν.
954 3439 982 3504 8]
999 3436 1068 3490 κτλι
1086 3442 1178 3491 iterata
1191 3442 1280 3492 eadem
1293 3444 1319 3493 in
1332 3453 1400 3493 cont
1413 3445 1435 3496 Π
1446 3442 1459 3511 ΙΙ

97 3533 129 3582 εί.
148 3532 221 3582 Ptol.
239 3546 265 3595 p.
281 3529 346 3581 114¹
365 3530 410 3580 sed
428 3527 485 3596 περὶ
500 3522 640 3595 αἰσθήσεως
659 3530 684 3577 in
704 3528 755 3579 flue
807 3523 931 3584 8ἀπαθίς
943 3529 978 3579 P:
998 3523 1134 3583 ἅπαντεςΠ
1145 3523 1159 3595 ΙΙ
1171 3522 1312 3595 παθητικὸν
1324 3531 1360 3581 P:
1379 3528 1462 3600 παθη·

96 3619 179 3669 libelli
201 3619 223 3668 Π
247 3612 260 3683 ΙΙ
288 3617 299 3668 1
327 3611 350 3666 δ’
378 3632 429 3668 om.
452 3616 585 3666 Camotius
605 3611 618 3681 ΙΙ
638 3610 677 3664 δί’
698 3612 756 3665 τίσιν
807 3619 886 3667 τικιῖιν
895 3616 1064 3680 ρπΠοεάειυ
1074 3631 1151 3666 manu
1163 3623 1305 3666 correctum
1321 3613 1333 3684 ΙΙ
1353 3616 1463 3688 9τοὸτῳ

97 3706 157 3758 PF:
178 3705 255 3769 vulgo
273 3699 316 3754 δὸο
329 3701 388 3753 είσίν
408 3699 421 3771 ΙΙ
441 3701 568 3752 ποιοῦνται
580 3703 706 3753 Wimmer
724 3702 756 3752 cf.
807 3721 843 3755 sc.
861 3708 898 3772 τῷ
911 3701 1013 3770 ἐναντίῳ
1033 3705 1064 3753 cf.
1082 3702 1137 3754 ν.4
1157 3700 1171 3769 ΙΙ
1190 3697 1342 3771 προσέθεσαν
1355 3705 1465 3756 offendit

96 3793 171 3843 Ptol.
190 3808 215 3856 p.
232 3787 296 3841 118¹
317 3788 331 3855 ΙΙ
351 3788 425 3841 ὁκαὶ
437 3785 595 3856 Δημόκριτον
608 3789 680 3838 malit
692 3788 755 3839 Phi·
807 3790 1005 3852 Πολυοίδετοιιι,
1042 3793 1086 3853 qui
1113 3784 1262 3856 προσέθεντο
1293 3791 1422 3843 desiderat
1450 3787 1464 3859 ΙΙ

98 3881 215 3945 lippam,
239 3878 284 3927 sed
307 3879 350 3928 ille
373 3886 490 3928 neutram
518 3885 612 3925 sectam
639 3877 757 3938 sequitur
807 3875 981 3945 ίπιμαρτυριῑν
1004 3873 1030 3926 δὲ
1053 3878 1088 3928 Ρι
1112 3874 1294 3944 ίπιμαρτυροῦν
1315 3880 1464 3944 rescriptum

97 3967 131 4016 cf.
144 3966 159 4028 ξ
172 3964 216 4028 49,
234 3967 328 4015 rectius
341 3964 373 4014 ἀο
386 3963 504 4013 Clidemo
519 3964 616 4025 cogites
631 3962 716 4024 quode
730 3979 755 4010 ν.
807 3965 828 4014 Π
848 3962 861 4030 ΙΙ
884 3964 915 4016 10
937 3960 966 4014 οδ
989 3967 1054 4012 ποιεῖ
1074 3964 1109 4013 P:
1133 3967 1197 4013 ποιεῖ
1213 3964 1247 4015 F:
1273 3981 1338 4015 corr.
1356 3965 1464 4016 Schnei-

98 4049 161 4115 §38
181 4048 195 4116 ΙΙ
215 4048 232 4104 ὁ
251 4047 325 4110 ζώοις
343 4051 364 4101 Ρ
384 4051 416 4100 cf.
436 4052 481 4099 Ar.
502 4050 580 4099 Anal.
599 4057 665 4113 post.
679 4048 706 4098 11
726 4046 757 4099 19
808 4053 853 4101 der
869 4048 883 4116 ΙΙ
904 4048 936 4101 13
954 4046 1105 4116 παρμενίδου
1124 4057 1184 4100 ante
1201 4048 1353 4118 παρμενίδης
1372 4054 1467 4102 iterant

98 4157 125 4205 p·
139 4136 248 4192 991352
276 4132 404 4205 αἰσθητοῖς
432 4140 458 4188 in
482 4138 541 4186 loco
568 4137 690 4200 rescripto
716 4133 759 4198 [ef.
809 4138 853 4188 ΡΠ
873 4134 887 4203 ΙΙ
910 4136 942 4188 14
965 4135 1032 4187 δυσὶν
1056 4137 1089 4187 F:
1112 4133 1167 4187 δυσὶ
1190 4139 1211 4189 Ρ
1232 4134 1244 4205 ΙΙ
1267 4136 1300 4190 18
1319 4140 1466 4189 Parmenid.

102 4225 205 4292 μέθ’ί]
224 4228 253 4276 Π.
278 4226 380 4275 videtur
399 4240 431 4275 ex
450 4218 614 4290 αίσθητικοῖς,
633 4222 703 4286 quod
721 4230 760 4272 εει
810 4221 1093 4276 v.145-1481<mt.
1115 4223 1353 4277 149—15lstein.
1374 4222 1388 4292 ΙΙ
1408 4224 1466 4277 έκά-

101 4316 302 4379 interpretantis,
317 4322 400 4362 ortum
413 4313 445 4361 cf.
458 4310 505 4361 Ar.
518 4320 599 4373 categ.
611 4309 626 4360 7
639 4327 664 4375 p.
680 4308 731 4361 δεῖ
745 4303 758 4374 ΙΙ
811 4324 882 4362 στοτε
900 4311 945 4362 ΡΠ
963 4313 995 4362 cl.
1014 4313 1094 4361 Arist.
1106 4312 1222 4377 Metaph.
1238 4305 1258 4362 Γ
1271 4310 1287 4364 5
1305 4328 1330 4376 p.
1344 4310 1466 4364 1009122

100 4401 173 4466 Gpr.
192 4402 214 4452 P
233 4407 292 4465 post
309 4397 338 4449 τὸ
356 4396 377 4448 δ’
398 4394 483 4464 ὁμοιον
501 4415 526 4447 ν.
540 4398 570 4459 6,
595 4413 661 4459 quae
680 4410 758 4446 νοεε·
811 4398 886 4448 codd.
914 4396 1029 4448 SBbet
1056 4396 1155 4466 ἑκάστῳ
1187 4398 1332 4448 Camotius:
1363 4394 1467 4455 ίκαστος

103 4488 237 4538 δυΙοεοοο
253 4495 368 4536 extrema
381 4487 464 4547 quarti
485 4487 601 4535 versiculi
616 4486 632 4533 f.
647 4482 716 4534 279Γ
732 4485 758 4533 in
810 4485 965 4534 Aristoteles
991 4486 1109 4550 vulgatus
1135 4495 1161 4534 ει
1182 4485 1333 4535 Alexander
1361 4482 1375 4552 Η
1403 4483 1468 4555 ἔχειν

104 4589 168 4639 mrg.
187 4576 324 4625 continuat
341 4572 431 4622 eadam
450 4589 526 4622 manu
540 4571 642 4640 φέρεται
654 4567 713 4639 πρὸς
730 4565 760 4619 τὸ
811 4572 855 4623 ΡΠ
875 4568 889 4638 ΙΙ
909 4571 996 4640 κράσιν
1014 4572 1058 4622 ΡΠ
1077 4572 1244 4622 Απίεισίελεεε
1269 4573 1356 4640 κρᾶσις
1378 4576 1468 4624 verisi-

101 4657 185 4729 ὁμοιον
210 4658 278 4711 οἱδὶ
301 4658 348 4727 τὴν
367 4653 480 4724 αἴσθησιν
499 4655 714 4726 ὑπολαμβάνοντες
733 4655 759 4708 ἐν
810 4660 905 4708 militer
923 4658 1069 4724 Stephanus
1089 4653 1103 4724 ΙΙ
1124 4657 1157 4711 19
1176 4656 1319 4725 παρέστηκε
1336 4660 1380 4711 ΡΠ
1399 4655 1413 4725 ΙΙ
1434 4658 1466 4711 θλ

101 4744 233 4799 ἀλλοιώσει
250 4743 360 4814 γίνεσθαι
377 4747 409 4812 τῆ
429 4743 548 4812 ἀπορροία
566 4745 665 4814 γίνεται.
688 4741 718 4795 τὸ
736 4740 756 4793 δ’
810 4749 871 4796 πᾶσι
884 4746 928 4797 ΡΠ
943 4741 956 4812 {l
978 4742 1012 4795 22
1031 4746 1063 4794 cf.
1082 4759 1107 4809 p.
1119 4742 1205 4805 483,1
1228 4741 1241 4811 ΙΙ
1261 4743 1295 4795 24
1312 4742 1408 4797 τοίιτων
1426 4764 1469 4799 ex·

100 4831 201 4903 ὅμοιον,
225 4845 278 4884 tum
303 4833 381 4882 habet
405 4835 509 4894 quintus
527 4841 662 4884 contextus
680 4833 759 4882 νετοί-
811 4834 890 4898 plicat
909 4833 1021 4882 Karsten
1040 4847 1065 4895 p.
1083 4828 1134 4884 267
1157 4834 1209 4881 τών
1228 4831 1369 4900 στοιχείων,
1392 4837 1470 4885 immo

99 4924 173 4972 culus
199 4920 307 4990 φέρεται.
336 4916 396 4985 πρὸς
424 4916 452 4969 τὸ
471 4915 564 4986 ὅμοιον.
597 4919 640 4970 καλ
661 4916 691 4969 τὸ
715 4916 760 4985 μέν
811 4914 860 4968 ἀπὸ
878 4919 922 4969 τοῦ
941 4913 1100 4970 αἰσθάνεσθαι
1120 4917 1164 4970 καὶ
1182 4920 1227 4969 τοῦ
1245 4925 1342 4991 φρονεῖν

1199 5004 1265 5068 32*
