3442 5588
628 330 729 379 Αετιι
750 330 852 381 perc.
865 327 933 379 ιιι
1402 328 1463 392 281

255 394 1227 485 plumncrffwfflrcm
1247 432 1316 484 1012

145 592 195 638 τος
231 569 403 654 φιλοσοφίαν
441 570 536 655 τούτῳ
574 574 617 656 τῷ
652 572 760 656 ῥήματι
811 571 1054 656 προσαγορεύσας,
1076 572 1171 658 ἀρχὰς
1192 573 1259 641 τοὺς
1280 571 1423 656 ἀριθμούς

146 672 390 757 προσαγορεύσας,
413 673 508 760 ἀρχάς
528 674 595 743 τοῦς
617 673 759 757 ἀριθμούς
811 675 860 737 καὶ
881 675 934 745 τὰς
948 675 1124 760 συμμετρίας
1137 675 1188 745 τάς
1203 674 1233 738 ἐν
1249 674 1369 751 τούτοις,
1389 672 1424 743 ἀς

147 773 197 837 καὶ
222 774 275 844 τάς
302 776 478 860 συμμετρίας
503 776 555 846 τάς
580 776 610 840 ἑν
639 777 759 851 τούτοις,
810 799 888 848 τινας
909 777 1048 862 ἁρμονίας
1068 780 1162 855 καλεῖ,
1184 778 1220 840 τά
1241 775 1299 859 (δ’)
1320 775 1350 844 ἐξ
1370 776 1423 857 άμ-

147 875 182 946 ἀς
213 877 260 940 καὶ
295 878 433 962 ἁρμονίας
464 881 562 957 καλεῖ,
595 878 633 942 τά
664 879 697 941 δὲ
730 878 760 948 ἐξ
811 879 941 964 φοτέριον
964 880 1090 945 σύνθετα
1112 884 1252 963 στοιχεῖα.
1284 880 1369 942 παλιν
1391 879 1424 940 δὲ

125 978 322 1064 ιάμφοτέριυν
345 980 471 1045 σύνθετα
492 984 637 1066 στοιχεῖα,
659 981 761 1045 καλού-
812 983 864 1066 τὴν
892 984 1003 1064 μονάδα
1030 983 1079 1046 καί
1100 983 1154 1066 τὴν
1176 981 1309 1066 ἀύριστον
1331 982 1423 1044 δυάδα
1447 1000 1459 1035 υ

148 1103 221 1162 μενα
249 1081 283 1144 δὲ
309 1084 500 1167 γεωμετρικά.
533 1085 619 1146 πολιν
649 1083 682 1146 δὲ
708 1084 761 1167 τὴν
812 1083 844 1146 έν
865 1088 928 1153 ταῖς
947 1085 1063 1169 ἀρχαῖς.
1089 1084 1206 1148 σπεύδει
1221 1084 1254 1147 δὲ
1268 1084 1349 1168 αὐτῷ
1365 1087 1423 1145 τῶν

147 1182 260 1265 μονάδα
274 1184 323 1247 καὶ
338 1185 390 1268 τὴν
407 1184 541 1269 ἀόριστον
554 1186 647 1249 δυάδα
657 1185 688 1248 έν
699 1190 762 1256 ταῖς
813 1186 914 1270 ἀρχῶν
936 1187 957 1270 ἡ
980 1186 1032 1268 μὲν
1055 1186 1103 1249 ἐπὶ
1121 1187 1154 1248 τδ
1169 1187 1318 1269 ποιητικὸν
1333 1182 1424 1247 αἴτιον

148 1286 267 1370 ἀρχαῖς·
295 1285 412 1350 σπεύδει
433 1286 467 1350 δὲ
487 1285 569 1372 αύτῷ
585 1290 643 1350 τῶν
659 1289 760 1372 ἀρχῶν
813 1287 861 1350 καί
884 1288 986 1366 ἀίδιον,
1009 1288 1080 1372 ὅπερ
1103 1288 1163 1352 ἐστὶ
1178 1293 1245 1357 νοῦς
1264 1290 1279 1351 ὑ
1297 1287 1380 1356 θεύς·
1403 1286 1423 1369 ἡ

148 1391 169 1473 ἡ
198 1388 251 1471 μὲν
279 1388 326 1451 ἐπὶ
355 1390 389 1452 τδ
418 1389 568 1472 ποιητικὸν
595 1388 685 1452 αἴτιον
712 1390 762 1453 καὶ
814 1389 847 1452 δὲ
869 1389 916 1452 ἐπὶ
943 1391 976 1453 τδ
1002 1390 1164 1475 παθητικόν
1185 1412 1217 1452 τε
1242 1390 1290 1453 καὶ
1316 1387 1425 1462 ὑλικύν,

115 1512 139 1550 ιν
150 1490 268 1568 εἰδικόν,
291 1491 362 1574 ὑπερ
384 1491 446 1555 ἐστὶ
468 1494 534 1561 νοῦς
557 1493 573 1555 ὑ
592 1492 671 1568 θεδς,
694 1492 763 1574 ἡδὲ
814 1493 885 1577 ὑπερ
907 1493 983 1556 ἐστίν
1006 1494 1142 1578 ὑὺρατδς
1157 1492 1277 1574 κόσμος.
1303 1489 1375 1553 εἶναι
1391 1490 1424 1552 δὲ
1436 1506 1460 1544 10

150 1594 199 1657 ἐπὶ
219 1594 253 1656 τδ
272 1593 434 1676 παθητικόν
449 1617 481 1656 τε
496 1595 544 1657 καὶ
560 1594 669 1671 ὑλικύν,
691 1594 762 1677 ὑπερ
813 1596 865 1679 τὴν
877 1595 963 1680 φύσιν
975 1594 1040 1679 <ted
1052 1594 1192 1679 ἀριθμοῦ)
1203 1594 1319 1657 δεκάδα·
1338 1591 1414 1676 μέχρ

152 1697 228 1760 ἐστὶν
251 1696 267 1759 ὑ
291 1697 395 1779 ύρατδς
415 1696 534 1779 κύσμος.
561 1695 633 1760 εἶναι
656 1696 762 1779 δὲτὴν
812 1698 867 1782 ῃάρ
890 1703 948 1761 τῶν
966 1698 1037 1762 δέκα
1051 1699 1156 1768 πάντες
1171 1696 1354 1782 ἀριθμοῦσιν,
1376 1691 1418 1778 ἐφ’

150 1798 233 1883 φύσιν
248 1801 300 1862 τοῦ
315 1797 443 1883 ἀριθμοῦ
459 1800 580 1863 δεκάδα·
608 1798 695 1885 μέχρι
709 1798 764 1883 γὰρ
814 1800 834 1863 ἀ
866 1800 1001 1871 ἐλθόντες
1032 1803 1119 1865 πολιν
1151 1800 1344 1862 ἀναποδοῦσιν
1377 1795 1426 1859 ἐπὶ

150 1907 208 1964 τῶν
240 1900 312 1964 δέκα
341 1900 445 1969 πάντες
471 1897 627 1985 Ἓλληνες,
659 1903 764 1970 πάντες
813 1904 866 1987 την
900 1904 1021 1985 μονάδα.
1058 1904 1107 1967 καί
1137 1905 1196 1965 τῶν
1229 1899 1299 1964 δέκα
1330 1900 1427 1975 πολιν,

117 2024 141 2061 ιι
152 2003 290 2088 βάρβαροι
312 2001 495 2087 ἀριθμοῦσιν,
518 2002 560 2087 ἐφ’
587 2003 763 2073 ἀέλθύντες
813 2006 916 2089 φησίν,
941 2007 961 2089 ἡ
985 2004 1106 2087 δύναμίς
1130 2004 1206 2068 ἐστιν
1232 2003 1263 2066 έν
1284 2005 1344 2071 τοῖς
1365 1997 1424 2062 τέτ-
1437 2018 1461 2057 ιο

150 2108 234 2171 πολιν
264 2106 457 2170 ἀναποδοῦσιν
485 2104 533 2168 ἐπὶ
560 2107 612 2190 την
642 2106 763 2189 μονάδα.
813 2128 923 2192 ταρσιν.
948 2108 983 2171 ἐκ
1003 2108 1058 2192 γὰρ
1079 2111 1132 2192 τῆς
1153 2107 1289 2191 τετράδος
1303 2104 1351 2168 καί
1367 2107 1426 2166 τῶν

150 2210 271 2273 καὶτῶν
287 2209 358 2272 δέκα
372 2209 468 2286 πολιν,
490 2206 589 2293 φησίν,
610 2208 765 2292 ἡδύναμίς
814 2209 906 2294 αὑτῆς
934 2214 1030 2294 μερῶν
1057 2211 1287 2293 ἀναπληροῦται·
1317 2206 1369 2270 έάν
1395 2203 1421 2270 δ’

150 2312 225 2376 ἐστιν
248 2312 278 2374 ἐν
293 2315 353 2381 τοῖς
368 2311 504 2395 τέσσαρσι
523 2312 572 2374 καὶ
587 2315 623 2392 r?
640 2311 763 2394 τετράδι.
815 2312 966 2397 ὑπερβάλῃ
987 2310 1037 2373 τδν
1059 2315 1112 2395 τῆς
1132 2312 1277 2396 τετράδος,
1300 2311 1349 2373 καὶ
1367 2312 1426 2372 τῶν

151 2415 184 2477 τδ
207 2413 240 2477 δὲ
261 2412 362 2476 αἴτιον·
385 2411 475 2483 εἴτις
498 2413 556 2476 ἀπδ
573 2418 626 2497 τῆς
642 2413 765 2495 μονάδος
815 2413 887 2479 δέκα
909 2414 1154 2498 ὑπερεκπεσεῖται.

116 2518 328 2601 κο1ἀναποδιῖιν
340 2516 414 2579 κατὰ
425 2514 581 2599 πρόσθεσιν
592 2515 687 2597 τιθείη
698 2514 765 2583 τοὺς

152 2620 304 2704 ἀριθμούς,
326 2618 395 2703 ἄχρι
415 2623 473 2682 τῶν
494 2619 642 2703 τεσσάρων
664 2620 764 2702 προελ-

153 2724 214 2786 θὼν
242 2721 425 2807 ἐκπληρώσει
452 2721 500 2784 τδν
528 2720 599 2783 δέκα
621 2719 762 2804 ἀριθμύν·

152 2826 202 2888 ἐὰν
225 2824 258 2886 δὲ
276 2825 472 2910 ὑπερβάληται
487 2824 536 2886 τὸν
551 2828 604 2908 τῆς
618 2822 763 2904 τετράδος,

153 2927 201 2990 καί
222 2930 280 2990 τῶν
303 2926 376 2990 δέκα
390 2927 634 3011 ὑπερεκπεσεῖται.
661 2924 722 2988 οἷον
737 2921 769 2986 εἴ

148 3118 179 3170 10
197 3120 254 3174 νοῦς
271 3115 314 3167 καὶ
332 3110 389 3173 θεὸς
407 3116 429 3167 Β
451 3112 464 3182 11
487 3115 519 3167 14
538 3110 659 3184 Ἕλληνες
677 3113 766 3171 πάντες
852 3106 868 3160 3
886 3105 912 3159 δ’
933 3109 1034 3159 addidit
1053 3110 1153 3159 Heeren

111 3203 230 3274 βάρβαροι
247 3206 278 3255 cl.
297 3203 432 3269 Speusipp.
451 3218 492 3268 ep.
507 3200 623 3266 [Iambl]
637 3201 764 3265 Theolog.
852 3195 869 3248 8
888 3193 949 3246 ἴδιον
968 3197 1004 3254 A:
1024 3210 1090 3245 corr.
1109 3195 1213 3246 Heeren

110 3312 134 3360 p.
145 3294 187 3347 61.
201 3295 280 3343 Απίει.
294 3293 376 3357 probl.
388 3290 439 3344 910
449 3289 462 3329 b
474 3287 516 3341 23.
535 3290 636 3340 Febrie.
649 3290 682 3339 ad
692 3288 765 3341 Sext.
853 3283 868 3336 θ
888 3279 973 3333 ὑλικόν
991 3282 1108 3332 Heeren:
1127 3276 1189 3331 ἴδιον
1206 3282 1232 3330 A

110 3383 169 3432 adv.
189 3383 240 3444 log.
253 3381 281 3429 11
301 3378 349 3431 187
371 3374 383 3444 11
405 3379 437 3431 16
456 3375 620 3429 ἀναποδοῦσιν
643 3378 674 3426 cl.
693 3377 765 3427 Prol.
854 3370 883 3422 ll
904 3372 950 3420 τοῦ
968 3363 1076 3436 ἀριθμοῦ
1094 3367 1154 3418 εδδ.
1173 3368 1276 3417 Heeren

110 3466 184 3534 p.51.
195 3466 229 3519 59
244 3464 256 3531 11
272 3464 306 3518 20
319 3464 451 3517 ἀναποδῶν
464 3473 618 3529 corruptum.
632 3473 649 3514 α
661 3459 766 3530 μονάδος
855 3456 888 3510 15
906 3455 979 3526 φασίν
998 3459 1035 3505 A:
1055 3470 1120 3505 corr.
1139 3456 1242 3504 Heeren

110 3571 179 3606 nune
192 3557 314 3619 proponit
323 3555 431 3616 Usener,
446 3548 561 3618 μονάδων
575 3553 654 3602 Ιειοτε
664 3553 765 3602 conicio
854 3544 887 3598 18
905 3538 1048 3613 ὑπερβάλλῃ
1064 3542 1086 3591 Il
1100 3536 1115 3607 11
1128 3538 1175 3608 τὴν
1186 3544 1232 3609 τῆς
1246 3544 1283 3591 A:
1297 3556 1334 3597 τις
1346 3542 1392 3607 τῆς
1404 3543 1471 3591 coni.

110 3660 143 3693 ex
156 3644 261 3707 Hippol.
271 3642 316 3691 rel.
330 3657 354 3706 p.
361 3638 421 3700 264,
434 3637 468 3691 23
478 3640 548 3691 (ἔστι.
564 3635 576 3706 11
592 3636 626 3691 23
638 3634 765 3705 ὑπερβάλῃ
818 3635 920 3685 Heeren
940 3628 954 3698 11
973 3631 1027 3680 τῶν
1045 3626 1107 3680 δέκα
1126 3628 1160 3680 C:
1178 3631 1230 3686 τοῖς
1248 3625 1310 3679 δέκα
1327 3629 1348 3679 F

111 3731 201 3780 melius
218 3729 341 3779 scribetur
362 3723 375 3793 11
396 3724 430 3777 24
447 3730 499 3778 τῶν
511 3724 573 3778 δέκα
584 3726 621 3777 B:
640 3722 682 3776 τὸν
700 3722 726 3788 [δ
739 3727 766 3776 in

110 3832 161 3867 ree.
177 3833 209 3867 ex
224 3813 255 3880 ῶ]
271 3813 332 3866 δίκα
348 3816 382 3865 G:
397 3810 440 3864 τδν
454 3811 516 3864 δίκα
527 3815 552 3863 A
568 3809 580 3881 11
597 3810 766 3879 ἐκπεσεῖταιβ

111 3970 339 4023 TESTIMONIA
357 3968 570 4021 PLUTARGHI

110 4054 190 4123 θμοὺς
208 4056 251 4108 καὶ
269 4056 314 4113 τὰς
331 4056 482 4124 συμμετρίας
503 4054 547 4106 καὶ
568 4053 613 4112 τὰς
636 4052 662 4106 lv
684 4050 768 4111 αὐτοῖς

110 4144 228 4213 ἁρμονίας
250 4141 323 4195 καλεῖ
343 4143 375 4194 τά
397 4147 419 4195 τ’
443 4139 469 4202 ἐξ
493 4141 642 4211 ἀμφοτέρων
664 4136 769 4191 σύνθετα

110 4237 228 4301 στοιχεῖα·
246 4229 288 4300 Ιἔτι
306 4231 391 4299 μέντοι
408 4227 504 4298 μονάδα
526 4229 570 4281 καὶ
592 4227 638 4297 τὴν
656 4226 769 4296 ἀόριστον

111 4318 196 4371 δυάδα.
232 4315 314 4374 Philo
329 4321 347 4370 l.
361 4335 382 4369 α.
396 4317 419 4367 Ρ
424 4335 443 4385 y
452 4317 503 4369 ιλα
506 4332 601 4385 ῃοναε
614 4314 770 4368 Μπεεανοίιέ

104 4407 185 4476 filiun
204 4421 326 4458 numeror
345 4404 612 4457 commensuratione
624 4413 649 4455 ει
661 4403 767 4455 harmo-

110 4496 181 4548 οῖσι.
217 4490 415 4550 Μυθαιιιιιιοθὶυ
430 4494 556 4544 Fihrlet
572 4492 618 4543 ed.
632 4493 768 4556 Fluegel

111 4601 136 4648 p.
147 4579 246 4642 mle
262 4591 339 4632 vert.
354 4583 386 4632 A.
400 4582 542 4632 Mueller
554 4579 616 4643 [die
630 4595 672 4644 gr.
686 4580 768 4630 Phil.

112 4671 137 4720 d.
156 4671 240 4721 areb.
255 4670 381 4720 Ueberl.
400 4670 495 4720 Helle
512 4667 578 4721 1873
591 4666 669 4734 p.5]:
687 4664 767 4716 Plu·

114 4755 244 4807 taretros
263 4754 326 4806 aber
343 4764 401 4822 ιαῃί
416 4754 482 4806 dare
495 4752 700 4820 Pythagoraa
719 4752 768 4804 der

112 4853 180 4894 erm
192 4860 257 4905 war,
276 4843 387 4894 ιοείείιεν
405 4843 450 4894 dle
465 4840 627 4910 philosophie
646 4843 693 4892 mie
711 4841 766 4893 die·

113 4946 166 4981 rem
184 4948 280 4982 namen
299 4930 468 4986 δαεοίαὑπειε.
