3442 5588
262 340 325 406 242
551 341 644 390 xviii
681 338 729 389 DE
750 339 886 389 canani
906 339 1077 390 HISTORIA
1096 336 1329 389 PHILOSOPHA

261 517 330 576 tota
352 509 536 593 scriptionis
559 509 663 574 forma
685 511 832 589 patescat
847 513 914 570 tum
929 506 1000 590 ipse
1014 505 1237 574 commentarii
1252 490 1391 589 scriptor
1405 525 1471 570 non
1487 503 1621 570 obscure

261 613 378 696 prodit.
421 614 511 677 velut
533 614 596 678 at
618 609 810 693 προίιθέμεθα
833 608 875 686 δέ,
898 607 1010 693 inquit,
1034 611 1227 696 διαλεχθῆναι
1248 609 1314 693 περὶ
1335 608 1439 672 rubroc
1462 607 1545 672 οὐδὲν
1569 609 1620 690 μὲν

261 711 332 778 ἴδιον
347 714 512 798 εὑρηκότες,
533 715 570 777 τὰ
585 712 711 797 δὲπαρά
729 714 788 779 τοῖς
803 708 953 794 προτέροις
967 713 1115 796 σποράδην
1131 712 1270 796 εἰρημένα
1285 711 1503 795 συναγαγόντες,
1519 715 1621 796 σαφῶς

258 840 290 880 τε
312 819 360 881 καὶ
376 818 525 899 συντόμως
541 817 754 882 σπουδάσαντες
776 814 841 897 περὶ
862 811 966 875 τοότου
988 814 1192 899 διαλεχθῆναι,
1212 815 1260 878 ἵνα
1275 816 1303 879 ei
1318 815 1493 900 φιλομαθεῖς
1508 815 1619 884 τοότοις

260 925 535 1008 προεντυγχάνοντες
564 921 605 1003 μὴ
633 916 743 981 δέοιντο
772 921 831 978 τῶν
858 915 1056 998 ἐξηγουμένων
1084 917 1159 979 ἀλλὰ
1181 915 1217 979 δι’
1246 918 1357 981 ἑαυτῶν
1380 921 1564 1002 γιγνώσκοιεν
1584 918 1621 980 τὰ

260 1025 328 1089 καθ’
357 1027 465 1089 ἕκαστα
491 1026 549 1085 τῶν
577 1019 736 1104 εἰρημένων
766 1018 952 1103 σαφέστερον.
984 1037 1025 1084 ao
1051 1018 1149 1101 paulo
1176 1018 1261 1084 infra
1275 1020 1488 1105 Ιἁπλουστέρως
1510 1021 1544 1084 δὲ
1566 1020 1621 1084 ὅσα

260 1128 340 1211 παρὰ
364 1132 423 1189 τῶν
451 1123 684 1188 πεπαιδευκότων
711 1123 790 1205 ἡμᾶς
816 1120 984 1204 ἀκηκόαμεν
1007 1122 1055 1184 καὶ
1078 1121 1115 1185 δι’
1143 1124 1377 1206 ἀναγνωσμάτων
1400 1123 1550 1205 ἐμάθομεν
1571 1126 1620 1186 νῶν

260 1231 389 1312 συνάγειν
413 1229 646 1313 ἐπιχειρήσομεν.
683 1223 913 1306 discipulerum
937 1222 1034 1305 igilur
1055 1223 1127 1288 usui
1151 1222 1233 1290 hacc
1253 1223 1508 1290 chrestomalhia
1525 1224 1621 1290 desti·

260 1336 338 1394 nata
361 1335 447 1412 erat,
477 1349 541 1412 qua
563 1327 650 1392 viam
672 1325 716 1391 ad
737 1324 875 1409 physica
897 1324 1077 1392 muniturus
1098 1326 1236 1410 scriptor
1257 1326 1395 1411 primum
1417 1328 1458 1393 de
1481 1327 1621 1411 philoso

259 1431 358 1514 phiae
385 1431 573 1498 inventione
598 1426 855 1494 successionibus
881 1426 1064 1494 nominibus
1090 1429 1123 1494 ri
1145 1430 1291 1513 partibus
1313 1430 1411 1497 scetis
1432 1449 1530 1514 quam
1552 1429 1621 1496 bre

259 1534 391 1599 vissimc
406 1531 572 1617 praefatus
591 1529 629 1618 [c.
647 1527 741 1616 1-8]
757 1535 824 1594 tum
840 1531 925 1592 breui
940 1550 980 1592 cc
994 1531 1160 1596 dialectico
1176 1534 1351 1610 libamento,
1372 1540 1409 1598 ut
1423 1532 1470 1598 ait
1485 1532 1620 1616 Gellius,

260 1636 428 1703 interiecto
451 1632 489 1721 [c.
505 1631 630 1720 9-15]
652 1633 757 1717 ipsam
785 1632 826 1697 de
848 1630 991 1716 physicis
1017 1633 1270 1718 disputationem
1291 1635 1480 1719 ingreditnr.
1525 1636 1621 1700 anxie

260 1746 390 1804 cautum
412 1745 462 1803 est
483 1758 525 1803 nc
548 1735 729 1820 compendii
757 1733 900 1800 brevitas
929 1745 1136 1819 superaretur
1157 1759 1184 1805 c.
1201 1739 1244 1805 24
1265 1742 1312 1804 isa
1335 1741 1375 1823 μὴ
1398 1741 1447 1802 τὸν
1469 1743 1523 1823 τῆς
1545 1738 1620 1802 εἰσα-

261 1846 358 1925 γωγῆς
379 1841 484 1924 τρόπον
508 1840 686 1925 ὑπερβαίνειν
708 1841 850 1919 δοκῶμεν,
873 1856 957 1904 ncvc
978 1837 1051 1903 libri
1074 1843 1235 1927 συμμετρία
1262 1842 1447 1908 laederetur
1467 1861 1495 1906 o.
1514 1840 1555 1904 16
1578 1840 1619 1904 ἐν·

259 1945 356 2008 ταϋθα
378 1945 411 2007 δὲ
434 1947 519 2028 ἡμεῖς
541 1945 747 2024 συντομώτατα
769 1940 834 2024 περὶ
856 1940 965 2002 τούτων
989 1942 1191 2028 διαλεχθέντες
1213 1946 1243 2009 ἐν
1259 1944 1420 2030 συμμετρίᾳ
1442 1945 1491 2007 καὶ
1515 1944 1563 2007 ἐπὶ
1585 1943 1620 2006 τά

259 2050 444 2132 φυσικῶτερα
467 2046 672 2133 yutprjeopss·¹
701 2062 765 2126 qua
786 2040 912 2108 ratione
935 2051 1045 2127 sperat
1065 2045 1186 2112 factum
1208 2046 1247 2112 iri
1270 2054 1306 2114 ut
1326 2048 1448 2113 tirones
1470 2044 1619 2111 initiandi

259 2147 330 2234 [τοῖς
353 2156 455 2235 πρῶτα
478 2145 632 2234 μαθοῦσιν]
655 2145 807 2212 citissime
828 2142 1013 2229 philosophi
1036 2149 1176 2216 colerem
1196 2150 1317 2215 ducant
1331 2169 1391 2216 nec
1405 2149 1619 2233 interpretum

258 2254 325 2318 ulle
353 2253 474 2318 auxilie
503 2257 630 2334 egeant.
674 2269 716 2314 ne
740 2248 796 2313 ille
824 2247 946 2330 regiam
974 2249 1018 2314 ad
1039 2251 1233 2335 sapientiam
1255 2252 1353 2337 viam,
1376 2270 1473 2335 quam
1496 2250 1620 2334 antiqui

257 2354 433 2438 negabant,
456 2354 641 2421 felicissime
661 2350 796 2416 invenit.
836 2357 870 2415 at
892 2371 976 2434 quac
998 2345 1278 2438 sapientiaquem
1302 2355 1432 2421 humilis
1454 2372 1552 2437 quam
1573 2352 1620 2417 iu-

259 2463 334 2522 eata
355 2476 452 2539 quam
474 2456 617 2539 undique
638 2472 786 2536 corrasa,
816 2459 852 2517 ut
873 2454 991 2520 miselli
1011 2455 1157 2539 magistri
1173 2475 1293 2522 vanam
1309 2456 1517 2523 iactationem
1531 2455 1617 2521 illice

259 2559 446 2643 perspicias.
488 2558 589 2623 nihile
617 2555 717 2621 setius
744 2575 810 2620 non
840 2556 1024 2622 ostentandi
1045 2565 1137 2643 voto,
1164 2559 1223 2625 sed
1245 2559 1383 2626 docendi
1405 2558 1512 2625 studio
1534 2558 1619 2624 hune

259 2661 403 2727 laborem
425 2682 461 2727 se
483 2659 665 2743 suscepisse
688 2657 856 2740 praedicat
877 2661 940 2724 οἳ
964 2661 1178 2747 ἀσφαλέστερον
1201 2663 1233 2726 δὲ
1248 2663 1421 2747 πειρώμεθα
1436 2663 1501 2746 περὶ
1517 2662 1618 2725 τοότου

257 2764 347 2826 εἰπεῖν
375 2765 412 2827 τὰ
438 2763 591 2847 σοφιστικὰ
616 2762 664 2825 καὶ
690 2763 765 2824 πάνυ
787 2760 992 2843 κεκοσμημένα
1013 2768 1072 2825 τῶν
1095 2765 1283 2827 διαλεκτικῶν
1305 2765 1552 2849 παρεληλυθότες.
1584 2765 1617 2828 eb

257 2867 311 2950 γὰρ
334 2865 536 2935 ἐπιδείξεως
559 2861 687 2927 ένεκα’
709 2863 956 2947 προόστησάμεθα
971 2865 1024 2949 τὴν
1038 2868 1103 2950 περὶ
1120 2867 1223 2930 τούτου
1237 2868 1376 2951 σπουδήν,
1393 2867 1469 2930 ἀλλὰ
1484 2868 1619 2952 χρηστὰ

256 2969 298 3031 τὰ
319 2967 391 3051 ἤθη
414 2974 533 3052 ποιῆσαι
556 2966 746 3052 βουληθέντες
767 2970 827 3034 τοῖς
849 2965 882 3028 ἐκ
902 2968 1073 3052 φιλοσοφίας
1088 2971 1186 3054 λαβεῖν
1202 2993 1229 3031 τι
1245 2971 1391 3054 χρήσιμον
1406 2969 1618 3053 προεγνωκόσιν

256 3071 423 3153 νομίσαντες
450 3074 618 3156 φιλοσοφεῖν
646 3069 681 3132 οὐ
703 3069 790 3151 μόνον
817 3069 884 3136 τοὺς
909 3069 946 3132 τὰ
968 3072 1104 3155 τριβώνια
1126 3071 1353 3156 περιημμένους,
1382 3072 1458 3134 ἀλλὰ
1480 3073 1530 3134 καὶ
1552 3073 1619 3141 rubr

256 3175 309 3257 τὴν
335 3175 459 3258 πρόοδον
483 3175 535 3256 μὲν
558 3178 617 3241 τοῖς
638 3175 756 3240 πολλοῖς
779 3169 881 3251 όμοίαν
905 3171 1150 3262 ἐνστησαμένους,
1174 3176 1227 3258 τὴν
1250 3175 1283 3237 δὲ
1305 3175 1432 3237 διάνοιαν
1454 3176 1617 3259 φιλοσοφω

256 3276 341 3361 πέραν
357 3275 435 3362 ἔχειν
452 3277 679 3342 σπουδάσαντας.
701 3271 848 3337 similiter
863 3293 889 3337 c.
908 3274 949 3336 16
964 3275 1011 3337 καὶ
1027 3277 1091 3361 περὶ
1107 3277 1209 3340 τοότου
1231 3277 1345 3340 δυνατοὶ
1367 3274 1440 3338 εἶναι
1462 3276 1617 3359 νομίζομεν

256 3379 347 3460 λέγειν
375 3403 411 3441 τι.
446 3380 645 3459 σπουδάζομεν
672 3377 726 3460 γὰρ
753 3375 907 3459 ἐγνωκέναι
934 3381 1025 3439 ταῦτα
1053 3378 1100 3441 καὶ
1127 3383 1187 3448 τοῖς
1209 3377 1307 3448 ἄλλοις
1329 3378 1523 3463 ἀνεπίφθονον
1546 3378 1617 3442 εἰναι

256 3482 409 3563 νομίζομεν
432 3481 548 3565 ἐμφανῆ
570 3481 752 3543 καθιστάναι.
786 3498 827 3543 en
851 3497 1002 3559 magnum
1026 3501 1063 3544 os
1078 3478 1283 3545 insulsissimi
1305 3479 1466 3564 cerdonis,
1489 3480 1543 3563 qui
1560 3499 1618 3545 sua

255 3583 363 3648 aliena
386 3583 549 3648 intellecta
570 3603 636 3647 non
658 3581 824 3646 intellecta
838 3580 952 3662 gravia
966 3579 1086 3647 futtilia
1106 3582 1178 3666 pari
1202 3580 1398 3649 confidentia
1419 3582 1548 3649 effutire
1569 3604 1618 3647 so·

255 3687 310 3752 let.
333 3707 393 3751 nes
405 3705 482 3751 vere
497 3706 564 3749 non
579 3684 753 3749 admodum
769 3682 960 3766 dolebimus,
982 3685 1068 3765 quod
1084 3685 1227 3749 eiusdem
1244 3685 1463 3768 compilatoris
1478 3685 1617 3768 logicum

328 3874 334 3905 ¹
354 3878 470 3926 similiter
488 3878 618 3939 praefatur
631 3877 790 3941 Porphyrius
808 3876 888 3925 scbel.
909 3876 988 3926 Arist.
1007 3893 1033 3940 p.
1050 3875 1109 3928 lab
1122 3878 1166 3928 Br.
1186 3873 1307 3945 oisrepds
1325 3892 1363 3930 σοι
1379 3875 1514 3947 παράδοσιν
1532 3874 1617 3928 ποιεό-

255 3979 327 4029 μενος
339 3963 490 4030 παιράσομαι
502 3961 542 4012 διὰ
556 3961 671 4031 βραχέων
690 3959 774 4030 ῶσπερ
793 3960 822 4011 ἐν
841 3960 1014 4030 εἰσαγωγῆς
1031 3960 1134 4031 τρόπιρ
1152 3963 1184 4015 τὰ
1201 3965 1269 4034 παρὰ
1285 3969 1338 4023 τοῖς
1355 3962 1529 4035 πρεσβυτέροις
1548 3961 1617 4015 ἐπιλ-

254 4045 315 4113 θεῖν,
332 4055 385 4100 τῶν
404 4049 449 4116 μὲν
464 4046 610 4119 βαθυτέρων
623 4047 775 4117 ἀπεχόμενος
793 4046 954 4117 ζητημάτων,
971 4053 1024 4099 τῶν
1037 4047 1063 4100 ti
1076 4048 1252 4121 ἁπλουστέρων
1265 4053 1452 4122 συμμέτρως
1464 4050 1617 4120 στοχαζόμε·

253 4153 302 4193 νος.
321 4140 486 4202 isagogarum
499 4139 595 4188 scholis
608 4138 775 4188 creberrimus
792 4145 831 4186 ast
851 4153 919 4187 usus.
943 4139 988 4198 sic,
1008 4147 1037 4186 ut
1053 4155 1136 4203 panea
1154 4140 1273 4204 delibem,
1292 4142 1360 4193 Geli.
1372 4143 1439 4192 XVI
1450 4139 1492 4190 81
1509 4155 1572 4190 σιισι
1588 4139 1618 4190 ia

253 4223 413 4289 disciplinas
432 4224 588 4277 dialectices
606 4224 791 4288 induciasque
804 4222 886 4273 itabat
903 4221 1035 4286 οείἰειπιιι,
1054 4240 1178 4276 arcessas
1190 4226 1249 4293 fait
1267 4227 1345 4279 adire
1363 4236 1442 4294 atque
1462 4242 1620 4294 σοριιοεεετο

253 4326 318 4373 qaas
337 4319 431 4361 cecant
449 4312 583 4363 dialectici
600 4310 751 4380 εἰσαγωγάς,
778 4311 857 4373 Diog.
870 4311 911 4360 IX
923 4308 958 4362 48
982 4306 1044 4379 drap
1068 4307 1154 4363 αἰιτῶν
1177 4311 1212 4370 εἰς
1236 4312 1283 4382 τὴν
1308 4312 1523 4383 εἰσαγωγικὴν
1546 4313 1619 4366 τείνει

252 4396 352 4466 τέχνην.
371 4400 402 4448 cl.
422 4415 500 4463 snpra
518 4417 543 4464 p.
559 4398 616 4451 ica.
635 4402 759 4450 Arateam
777 4400 901 4462 isagogen
921 4401 1089 4461 eognovimus
1108 4416 1132 4463 p.
1149 4398 1196 4452 18¹
1216 4402 1333 4452 Achillis.
1360 4404 1478 4455 similiter
1496 4404 1618 4454 Cleome-

253 4486 292 4534 dis
311 4487 408 4550 cyclica
432 4487 533 4535 theoria
557 4488 634 4536 etiam
652 4482 776 4552 εἰσαγωγὴ
803 4494 911 4535 vocatur
928 4501 955 4548 p.
970 4476 1004 4535 65
1022 4492 1048 4534 et
1065 4482 1155 4553 σχολαί
1173 4505 1197 4552 p.
1214 4486 1262 4542 iac
1280 4499 1307 4538 et
1324 4486 1430 4557 σχολικοί
1448 4507 1473 4555 μ.
1487 4488 1531 4543 93.
1550 4506 1619 4554 quse

252 4574 373 4621 extremis
392 4574 493 4622 adiecta
510 4583 582 4622 suot:
606 4571 651 4622 είσί
673 4568 693 4621 δ’
720 4570 745 4621 αἱ
768 4569 855 4637 σγολαλ
880 4568 952 4621 αὗται
975 4566 1004 4620 eh
1028 4573 1073 4620 τοῦ
1096 4571 1236 4640 γράψαντος
1259 4573 1336 4626 αὐτοῦ
1359 4573 1431 4634 δόξας
1454 4574 1620 4644 παρέχουσαι,

251 4654 312 4707 ἀλλ’
338 4656 368 4708 la
392 4659 594 4726 συγγραμμάτων
622 4663 697 4708 τινῶν
720 4654 881 4725 ἠθροισμέναι
909 4657 953 4708 καὶ
983 4653 1097 4708 παλαιῶν
1126 4659 1169 4710 καλ
1196 4662 1338 4730 νεωτέρων,
1369 4679 1402 4714 ea
1429 4663 1465 4713 sd
1487 4663 1618 4714 Galerium

253 4761 407 4807 omnemque
425 4747 640 4797 scholasticorum
657 4746 828 4796 eruditionem
843 4746 978 4808 quadrant.
998 4745 1030 4794 de
1043 4749 1192 4810 symmetria
1209 4753 1287 4801 etiam
1300 4766 1315 4800 a
1328 4751 1516 4816 posterioribus
1536 4752 1631 4814 petita.

252 4834 285 4882 ci.
305 4833 373 4881 Mus.
393 4834 442 4883 Rh.
457 4836 564 4884 XXXII
577 4834 627 4887 481
637 4832 654 4882 ¹.

322 4916 381 4969 ²ei.
401 4920 537 4970 Censorio.
557 4923 582 4971 d.
602 4923 627 4970 d.
646 4938 671 4970 n.
695 4919 705 4970 l
726 4930 746 4970 ⁷.
766 4919 978 4985 wyttenbachius
997 4924 1031 4972 ad
1050 4925 1151 4989 liuhap.
1171 4926 1199 4975 11
1217 4943 1242 4990 p.
1255 4925 1299 4977 37.
