3442 5588
286 357 349 421 65ss
597 356 765 409 Ηεοιιιαιο
784 356 888 408 ιιιοιε.
907 356 1052 409 mmm.
1071 355 1329 409 mom-19

338 528 498 612 θαλάσσης.
544 531 595 611 τὴν
621 529 655 591 δὲ
680 532 733 612 γῆν
763 528 879 591 ἅπασαν
905 526 1003 612 ἡμέρᾳ
1035 527 1088 610 μιᾷ
1114 527 1306 612 περιέρχομαι
1334 526 1483 609 συλλέγων
1511 525 1604 609 αὐτῆς

338 632 387 693 τὸν
410 631 535 715 ἀριθμὸν
558 631 606 694 καὶ
629 630 662 693 τὸ
685 629 788 714 μέτρον
810 630 858 693 καλ
880 627 916 691 τά
939 629 1087 713 σχήματα.
1133 628 1291 711 πέπεισμαι
1318 629 1373 713 γὰρ
1401 628 1447 692 ὅτι
1473 633 1528 692 τοῦ
1557 629 1602 694 κύ-

338 753 412 814 σμου
435 734 541 802 παντὸς
564 732 632 796 οὐδὲ
653 733 803 815 σπιθαμὴν
825 731 951 815 παρήσω
972 735 1102 802 τοιοῦτος
1124 732 1173 795 καλ
1195 733 1365 814 τηλικοῦτος
1387 732 1439 795 ὥν.
1478 730 1546 794 οἶδα
1568 732 1600 794 δὲ

337 834 396 918 ἐγὼ
425 836 474 898 καὶ
503 839 562 898 τῶν
590 836 719 919 ἀστέρων
748 834 798 897 τδν
825 833 950 918 ἀριθμδν
974 834 1102 897 καὶτῶν
1126 832 1240 918 ἰχθύων
1263 833 1312 897 καὶ
1332 838 1392 897 τῶν
1414 834 1531 918 θηρίων
1553 835 1600 897 καὶ

308 939 416 1022 ιῖογῷ
440 937 490 1000 τὸν
512 937 622 1020 κόσμον
645 938 725 1007 ἱστὰς
747 937 877 1006 εὐκόλως
898 938 947 1000 τὸν
969 935 1100 1019 σταθμὸν
1122 936 1213 999 αὐτού
1235 936 1360 1020 δύναμαι
1382 937 1502 1019 μαθεῖν.

430 1043 471 1106 18
504 1039 591 1126 Ἀμφὶ
616 1041 668 1123 μὲν
690 1041 728 1123 δὴ
750 1044 841 1103 ταῦτα
865 1038 952 1123 μέχρι
973 1042 1023 1101 νύν
1045 1038 1223 1104 ἐσπούδακεν
1239 1040 1259 1122 ἡ
1275 1041 1357 1124 ψυχή
1375 1063 1432 1122 μου
1446 1042 1507 1102 τῶν
1524 1039 1602 1103 ύλονν

339 1139 451 1226 ἄρχειν.
494 1144 645 1229 προκύψας
666 1143 699 1206 δέ
721 1143 772 1225 μοί
792 1164 879 1227 φησιν
897 1139 1123 1226 Ἐπίκουρος·
1150 1142 1186 1205 σύ
1211 1140 1263 1223 μέν
1286 1142 1322 1224 δὴ
1346 1141 1456 1225 κόσμον
1480 1141 1532 1205 ένα
1554 1165 1601 1224 με·

339 1243 496 1329 μέτρηκας,
519 1247 545 1307 ὦ
567 1245 699 1330 φιλότης,
721 1245 777 1308 είσλ
800 1246 833 1308 δὲ
855 1243 959 1326 κόσμοι
980 1245 1082 1308 πολλοὶ
1104 1245 1152 1308 καλ
1175 1243 1298 1328 ἀπειροι.
1336 1246 1422 1309 πάλιν
1444 1243 1497 1309 οὐν
1520 1245 1601 1327 ἀναγ-

339 1348 464 1429 κάζομαι
481 1352 594 1432 μετρεῖν
609 1348 748 1432 οὐρανούς
770 1346 875 1417 ἀλλους
889 1346 1011 1431 αἰθέρας
1025 1345 1141 1425 ἀλλους,
1162 1347 1210 1410 καὶ
1231 1345 1351 1417 τούτους
1373 1348 1511 1417 πολλοὺς.
1551 1345 1603 1430 ἄγε

295 1467 319 1506 1⁰
336 1449 372 1533 δὴ
403 1449 506 1534 μηκέτι
536 1451 650 1534 μέλλων
677 1450 906 1532 ἐπισιτισάμενος
938 1449 1043 1532 ὐλίγων
1068 1451 1188 1534 ἡμερῶν
1222 1449 1264 1519 είς
1295 1449 1363 1520 τούς
1388 1448 1601 1534 Ἐπικουρείους

337 1551 465 1633 κόσμους
501 1555 696 1638 ἀποδημήσω.
725 1553 782 1617 .τά
815 1553 867 1635 μὲν
896 1550 946 1616 οὐν
973 1551 1084 1636 πέρατα
1112 1549 1213 1634 Τηθύν
1239 1551 1288 1615 καῖ
1312 1549 1446 1617 Ὠκεανὸν
1472 1551 1603 1622 εὐκόλως

338 1655 542 1740 ύπερίπταμαι.
586 1657 728 1721 εἰσελθὼν
750 1657 784 1719 δὲ
804 1656 846 1725 εἰς
868 1653 977 1737 κόσμον
1000 1656 1097 1719 καινὸν
1121 1654 1197 1736 [καὶ]
1220 1653 1319 1740 ὥσπερ
1341 1656 1382 1726 εἰς
1404 1655 1497 1739 ἀλλην
1519 1655 1602 1720 πόλιν

340 1764 436 1842 μετρῶ
463 1761 499 1824 td
531 1760 624 1823 πάντα
654 1761 762 1842 ὐλίγαις
788 1757 920 1842 ἡμέραις.
969 1757 1105 1822 κάκεῖθεν
1135 1756 1300 1841 ὑπερβαίνω
1327 1758 1413 1821 παλιν
1438 1757 1480 1827 εἰς
1505 1756 1600 1843 τρίτον

338 1861 458 1943 κόσμον,
480 1862 542 1927 είτα
564 1864 605 1933 εἰς
626 1864 761 1947 τέταρτον
784 1861 832 1924 καὶ
853 1859 984 1942 πέμπτον
1012 1861 1064 1923 καῖ
1084 1859 1204 1923 δέκατον
1231 1861 1279 1923 καὶ
1302 1861 1459 1924 ἑκατοστὸν
1488 1860 1539 1923 καλ
1561 1882 1602 1944 χι-

299 1983 321 2020 ιι
339 1965 452 2028 λιοστδν
479 1967 527 2029 καὶ
560 1966 646 2050 μέχρι
668 1970 739 2029 πού·
769 1963 828 2047 ἤδη
853 1964 908 2048 γάρ
935 1986 984 2045 μοι
1012 1963 1114 2032 σκότος
1143 1960 1259 2045 ἀγνοίας
1286 1963 1401 2047 ἀπαντᾷ
1423 1963 1473 2025 καὶ
1501 1963 1601 2045 ἀπάτη

337 2067 458 2147 μέλαινα
485 2068 533 2131 καὶ
561 2066 679 2152 ἄπειρος
705 2067 800 2148 πλάνη
827 2066 875 2129 καὶ
899 2067 1003 2150 ἀτελὴς
1028 2065 1172 2150 φαντασία
1201 2065 1251 2127 καὶ
1279 2065 1484 2148 ἀκαταλητττος
1505 2065 1601 2129 ἄνοια.

338 2171 413 2254 πλὴν
434 2169 463 2232 τί
485 2171 582 2253 μέλλω
605 2171 653 2234 καὶ
675 2169 726 2238 τάς
748 2167 875 2250 ἀτόμους
897 2167 988 2237 αὐτὰς
1009 2167 1154 2253 ἀριθμεῖν,
1176 2164 1206 2235 ἐί
1229 2166 1270 2230 ιύν
1292 2168 1320 2230 οί
1341 2171 1474 2231 τοσοῦτοι
1495 2167 1601 2248 κόσμοι

338 2273 495 2355 γεγόνασιν,
517 2275 564 2337 ἵνα
586 2274 675 2356 μηδὲν
696 2270 880 2340 ἀνεξέταστον
903 2270 1073 2354 παραλείπω
1096 2272 1220 2352 μαλιστα
1240 2274 1299 2333 τῶν
1322 2269 1415 2339 ούτως
1436 2270 1602 2352 ἀναγκαίων

338 2376 386 2437 καὶ
410 2375 577 2459 ὠφελίμων,
598 2375 629 2444 ἐξ
652 2375 693 2437 ιύν
716 2372 794 2441 οἶκος
816 2372 865 2435 καὶ
887 2372 969 2442 πόλις
991 2373 1168 2456 εὐδαιμονεῖς

299 2497 323 2534 2⁰
438 2481 479 2543 19
516 2475 616 2540 Ταῦτα
639 2477 690 2558 μὲν
712 2476 805 2538 τοίνυν
821 2473 972 2558 διεξῆλθον
987 2475 1162 2560 βουλόμενος
1176 2473 1264 2544 δεῖξαι
1286 2473 1339 2558 τὴν
1360 2473 1391 2538 έν
1413 2477 1474 2545 τοῖς
1496 2477 1602 2559 δογμα·

342 2600 385 2642 σιν
408 2579 497 2644 ούσαν
520 2579 617 2643 αὐτῶν
640 2578 825 2661 ἐναντιότητα
847 2578 895 2641 καὶ
918 2580 959 2646 ὡς
981 2577 1022 2648 εἰς
1042 2578 1161 2662 άπειρον
1183 2577 1281 2647 αὐτοῖς
1303 2577 1352 2640 καὶ
1375 2576 1511 2662 ἀόριστον
1533 2576 1602 2661 πρό-

338 2685 438 2767 εισινή
453 2685 572 2769 ζήτησις
587 2686 645 2744 τῶν
663 2683 839 2766 πραγμάτων
855 2681 903 2744 καὶ
918 2678 1047 2752 τὸτέλος
1061 2681 1159 2746 αὐτῶν
1175 2680 1354 2764 ἀτέκμαρτον
1375 2681 1425 2743 καλ
1441 2679 1602 2765 ἄχρηστον,

342 2783 418 2871 ἔργῳ
442 2787 542 2869 μηδενὶ
564 2786 704 2869 προδήλῳ
727 2784 775 2847 καὶ
797 2782 876 2867 λόγῳ
900 2787 988 2868 σαφεῖ
1008 2783 1223 2869 βεβαιούμενον.

292 3045 303 3096 l
318 3044 364 3113 τὴν
375 3043 419 3112 μέν
433 3046 521 3095 codd:
535 3043 579 3094 καὶ
591 3040 637 3111 τὴν
651 3040 696 3110 μὲν
706 3043 780 3094 wolf
790 3051 815 3092 et
828 3042 943 3092 Menzeh
998 3043 1029 3095 11
1054 3039 1217 3111 ἀποδήμησον
1234 3042 1307 3093 libri:
1326 3044 1426 3092 οοιπεκὶ
1447 3038 1461 3107 Η
1486 3039 1585 3109 πέρατα
1603 3059 1651 3092 πιε-

289 3135 389 3184 correxi
412 3130 426 3199 ΙΙ
448 3130 605 3200 παρέρχομαι
628 3138 687 3181 ante
709 3130 865 3180 Monzelium
891 3124 904 3194 ΙΙ
927 3126 944 3181 3
996 3135 1071 3184 minit
1100 3133 1208 3182 Homeri
1235 3124 1255 3181 Ξ
1277 3127 1329 3182 200
1357 3126 1371 3195 ΙΙ
1401 3126 1434 3179 12
1461 3127 1506 3180 καί
1529 3131 1614 3181 delevi
1636 3127 1649 3195 ΙΙ

288 3220 368 3271 πάντα
389 3221 477 3270 codd:
501 3235 566 3270 corr.
585 3221 709 3270 Μετεαιιε
729 3212 744 3283 ΙΙ
762 3213 821 3273 Ιοῖδα
839 3213 895 3266 κτλ
914 3218 944 3266 σῖ.
998 3218 1031 3272 13
1043 3217 1077 3277 εἰς
1088 3214 1116 3286 γ’
1133 3215 1227 3284 κόσμον
1243 3219 1280 3268 uie
1292 3216 1407 3268 MVOL:
1426 3215 1460 3274 τίς
1479 3214 1577 3284 κόσμον
1595 3230 1650 3268 ante

290 3309 422 3358 oraculum
446 3308 601 3372 Delphicum
625 3306 722 3356 Herod.
741 3302 807 3354 147
832 3301 845 3370 ΙΙ
870 3302 945 3355 ύέπλ
997 3307 1154 3357 Μεοεεῖῖτιαι
1175 3300 1188 3371 Η
1211 3301 1243 3356 15
1261 3301 1383 3359 &valach
1408 3300 1422 3369 ΙΙ
1442 3301 1542 3355 ἅπαντα
1565 3306 1650 3355 codd:

291 3393 358 3461 ζυγῷ
376 3395 452 3447 Wolf
997 3410 1063 3444 corr.
1077 3394 1151 3445 Wolf
1168 3387 1182 3458 ΙΙ
1205 3391 1236 3446 16
1249 3389 1320 3442 ἄνοια
1332 3391 1456 3453 vn(0)1,
1473 3394 1506 3443 ω’.
1525 3410 1551 3458 ρ.
1563 3388 1650 3451 652,4;

325 3477 506 3548 Ἰπροσιιύψας
525 3482 613 3532 codd:
638 3497 703 3531 corr.
726 3480 809 3531 Seiler
834 3475 846 3542 h
872 3477 887 3530 9
910 3477 943 3529 εί·
995 3483 1073 3545 vulgo
1086 3478 1172 3547 ἄγνοια
1191 3474 1205 3544 ΙΙ
1228 3478 1259 3531 17
1279 3476 1300 3529 τί
1312 3475 1398 3545 μίλλω
1411 3480 1500 3529 codd:
1520 3481 1624 3530 correxi
1638 3476 1651 3544 ΙΙ

289 3571 342 3618 πεῖν
355 3569 443 3618 codd:
463 3572 559 3636 μετρεῖν
579 3584 643 3618 corr.
657 3568 769 3618 Menzel.
788 3569 815 3618 in
832 3575 943 3618 mentem
995 3567 1039 3619 καλ
1058 3568 1153 3619 Seuer:
1172 3564 1239 3616 κατὰ
1257 3566 1333 3617 codd.
1354 3562 1368 3631 ΙΙ
1388 3564 1421 3618 16
1440 3563 1523 3623 ούτως
1543 3562 1653 3634 ἀριθμεῖν

289 3657 409 3707 veniebat
432 3652 525 3706 ἀπιέναι
550 3651 564 3722 ΙΙ
587 3652 705 3723 οὐρανούς
723 3651 830 3711 πολλοὺς
852 3655 943 3718 vulgo:
996 3657 1017 3721 L
1041 3664 1067 3705 ει
1087 3655 1140 3704 duo
1164 3653 1239 3704 codd.
1263 3653 1365 3703 Μετεοῖ
1385 3654 1470 3716 (V0):
1496 3650 1576 3710 αὐτὸς
1600 3648 1653 3718 Cn

289 3746 391 3794 correxi
417 3739 430 3810 Η
458 3741 489 3793 10
513 3738 586 3810 μέλλ’
613 3744 673 3794 VL:
702 3739 802 3809 μέλλων
827 3744 903 3792 ceteri
928 3736 942 3808 ΙΙ
998 3743 1030 3796 19
1049 3738 1182 3809 εὐδαιμονᾷ
1201 3749 1261 3790 ante
1279 3739 1406 3791 Seilerum

288 3828 480 3895 ἐπισιτισάμενος
503 3832 569 3881 VM:
593 3828 802 3895 έπισιτιασάμενος
826 3831 903 3893 vulgo
929 3824 942 3894 ΙΙ
