3442 5588
270 303 333 367 234
558 305 650 354 xvlu
686 301 737 353 DE
758 306 895 358 GALENI
914 305 1086 356 HISTORIA
1104 307 1335 358 PHILOSOPHA

270 471 390 536 conlati
413 494 536 539 mecum
560 470 862 539 communicaverat.
903 474 974 556 ipse
996 480 1099 540 totum
1121 480 1198 541 aute
1219 495 1277 540 sex
1297 493 1401 540 annos
1423 472 1530 539 denuo
1552 493 1626 539 con·

271 574 330 637 tuli
353 577 576 660 potioremque
598 574 848 657 discrepantiam
873 576 947 640 huic
969 576 1103 642 editioni
1126 576 1259 643 subieci.
1607 641 1611 647 .

117 694 184 734 usur.
200 696 257 742 aa
358 678 641 745 Laurentianus
662 677 800 742 LXXIV
822 679 841 742 3
872 676 1097 744 membraneus
1123 678 1229 745 forma
1252 678 1376 745 maiore
1397 678 1542 745 continet
1562 677 1625 745 Ga

181 768 209 833 A
271 779 335 843 leui
357 780 450 845 varia
471 781 591 864 scripta
617 779 669 863 [cf.
693 778 844 845 Bandinii
866 780 962 845 catal.
983 780 1032 846 111
1054 782 1105 846 49.
1137 781 1164 847 L
1186 781 1322 847 Mueller
1348 781 1391 846 ad
1416 780 1490 847 Gal.
1515 779 1624 864 optim

269 882 353 947 med.
376 903 407 966 p.
427 885 465 948 13
493 884 543 949 ed.
563 884 606 948 ΙΙ.
637 884 662 947 Ι.
685 880 873 964 Marquardt
904 883 1030 949 observ.
1053 883 1121 949 crit.
1149 883 1183 949 in
1211 882 1284 948 Gal.
1307 882 1339 948 d.
1362 883 1459 948 anim.
1483 881 1625 967 passion.

269 1004 300 1066 p.
318 986 381 1065 11].
410 985 525 1050 Galeri
552 985 686 1050 historia
707 984 905 1069 philosopha
927 984 1003 1051 inde
1025 1006 1046 1051 a
1066 986 1122 1053 fol.
1140 988 1221 1051 illv
1244 991 1380 1051 exarata
1401 992 1462 1052 est.
1505 982 1626 1050 codicis

269 1092 408 1150 aetatem
437 1087 612 1152 Bandinius
640 1087 770 1153 saeculo
793 1087 858 1152 XII
885 1087 1140 1172 circumscripsit.
1185 1088 1229 1153 ad
1257 1086 1395 1171 proximi
1421 1086 1549 1153 initium
1573 1086 1627 1152 de

269 1187 406 1271 prinmre
428 1190 570 1254 malebat
585 1189 857 1273 Wacbsmuthius,
878 1189 966 1253 baud
985 1190 1052 1255 scio
1074 1209 1117 1255 au
1139 1189 1298 1256 immerito
1320 1189 1396 1272 quia
1418 1187 1626 1272 neglegentia

269 1290 470 1355 librariorum
492 1292 638 1374 proximo
659 1293 789 1358 saeculo
811 1292 972 1358 interdum
994 1292 1166 1376 praeludit.
1200 1292 1380 1376 scripturae
1403 1291 1490 1357 enim
1511 1290 1626 1356 ductus

268 1400 371 1459 artem
386 1395 527 1477 produnt
542 1394 673 1478 nullam,
696 1402 794 1461 notae
809 1393 1064 1478 compendioque
1079 1394 1282 1478 creberrima,
1305 1393 1492 1461 membrana
1507 1413 1627 1476 rugosa

221 1539 223 1543 ψ
269 1516 307 1561 ao
322 1495 473 1561 subfusae
487 1497 650 1563 nonnullis
662 1497 790 1581 paginis
804 1496 967 1581 rescriptis
983 1494 1025 1582 [ff.
1039 1494 1351 1583 188v189n190rp
1367 1496 1507 1580 denique
1518 1494 1626 1561 omnia

269 1597 310 1662 ad
337 1599 509 1681 legendum
536 1599 789 1683 impeditissima.
835 1604 961 1664 constat
988 1597 1073 1663 hunc
1102 1598 1245 1664 codicem
1268 1605 1302 1664 et
1322 1603 1486 1663 vetustae
1508 1602 1542 1662 et
1562 1595 1625 1663 fids

269 1702 384 1767 ceteris
409 1701 506 1767 facile
528 1708 704 1785 praestare.
748 1707 797 1766 est
819 1707 928 1766 autem
952 1720 992 1766 ex
1014 1699 1192 1785 archetypo
1213 1699 1394 1767 incredibili
1421 1697 1626 1782 corruptione

270 1803 363 1886 quasi
386 1823 502 1886 pereso
524 1804 648 1887 aliquot
670 1803 827 1887 exemplis
847 1801 1122 1869 intercedentibus
1137 1821 1159 1868 a
1173 1803 1302 1887 stupido
1325 1802 1433 1868 scriba
1446 1801 1626 1884 descriptus

269 1907 407 1972 servatis
429 1908 617 1971 lacunarum
633 1908 821 1990 plerumque
848 1904 972 1989 spatiis,
995 1904 1133 1970 servatis
1155 1904 1254 1972 etiam
1274 1904 1340 1970 illis
1361 1925 1476 1971 vocum
1500 1910 1626 1971 senteu-

270 2009 451 2090 tiarumque
474 2008 625 2073 monstris
648 2009 763 2090 quibus
785 2007 862 2090 quid
885 2005 1022 2073 conferri
1037 2007 1140 2090 possit
1154 2007 1274 2074 frustra
1289 2025 1420 2091 quaero.
1454 2006 1533 2072 inde
1546 2003 1625 2070 milri

269 2110 515 2176 adnotationum
544 2109 627 2175 silra
655 2112 843 2193 plerumque
870 2109 993 2175 inutilis
1019 2109 1191 2193 succrevit,
1218 2128 1302 2193 quae
1329 2128 1371 2174 ne
1392 2107 1519 2174 infinita
1540 2113 1627 2174 essa

270 2213 389 2277 usitata
412 2212 548 2278 itacismi
571 2213 650 2277 vitia
673 2219 706 2277 et
720 2211 941 2277 huiuscemodi
957 2233 1059 2296 prope
1073 2212 1244 2279 innumera
1259 2211 1413 2296 praecidi.
1447 2209 1626 2294 contempsi

269 2316 365 2397 igitur
387 2314 639 2399 Byzantinorum
661 2314 750 2379 illam
770 2312 973 2397 Ἐπικουρίων,
997 2314 1187 2399 Πυθαγορίων
1209 2331 1317 2397 paene
1338 2318 1542 2380 constantem
1562 2331 1627 2377 me

269 2417 403 2482 moriam
427 2416 478 2498 [cf.
506 2415 662 2481 Lobeclrii
684 2415 773 2481 Aiac.
797 2437 828 2498 p.
846 2417 907 2479 113
931 2421 963 2481 et
984 2414 1099 2481 Cobeti
1125 2416 1201 2480 Var.
1224 2415 1336 2483 Lect'
1364 2437 1395 2500 p.
1412 2414 1541 2498 xxvurl,
1566 2433 1627 2480 nec

269 2519 372 2602 magis
394 2520 529 2601 ἐλαίατην
552 2519 739 2605 κλητόμθιχον
762 2524 877 2583 aratoria
899 2518 952 2583 vel
974 2523 1107 2582 scansoria
1130 2518 1248 2602 ἠθηκήν
1270 2516 1392 2584 notam
1423 2515 1628 2602 pervulgatis

270 2631 318 2688 est
347 2622 507 2687 vocalium
537 2621 681 2686 brevium
711 2621 860 2704 pinguior
889 2619 1083 2703 appellatio,
1114 2626 1150 2684 ut
1178 2619 1292 2682 ἔλονται
1321 2619 1546 2686 coniunctivae
1574 2617 1626 2698 sit,

269 2727 430 2809 πειθόμεθα
458 2725 644 2807 πειρώμεθα,
674 2724 823 2807 ὁρισμένον
847 2722 1018 2805 ὡρισμένον,
1039 2723 1126 2785 ἵππον
1148 2723 1245 2786 ἵππων
1267 2728 1370 2788 sonet.
1415 2721 1531 2788 eadem
1554 2720 1624 2787 sani

269 2827 465 2911 pinguedine
492 2826 684 2909 liquidarum
713 2825 963 2908 geminationem
986 2823 1124 2890 efferunt
1147 2821 1299 2888 Graeculi
1320 2822 1420 2907 (idem
1440 2822 1535 2890 Italis
1555 2843 1625 2888 mos

269 2929 448 2994 contrarius
471 2927 606 3013 nostro),
628 2929 713 2994 uude
737 2928 927 3010 ὑπειλημένος
949 2927 1138 3010 διηλαγμένθν
1161 2926 1307 3010 ἀντίρησις
1322 2925 1438 3010 Πύριθνι
1460 2930 1495 2991 et
1516 2931 1625 2991 cetera

269 3031 382 3097 crebra
405 3038 487 3096 sunt.
522 3032 587 3096 alio
610 3030 749 3114 pertinet
771 3030 857 3112 quod
879 3030 1011 3113 spiritus
1031 3029 1081 3095 vis
1102 3027 1207 3094 minus
1221 3047 1339 3111 aspera
1354 3046 1393 3093 ac
1407 3047 1512 3112 prope
1525 3027 1623 3111 nulls,

269 3142 304 3199 ut
325 3134 432 3218 αἵρεσις
460 3134 501 3198 sit
528 3136 636 3217 αἵρεσις
662 3153 701 3198 ae
729 3134 814 3216 quod
841 3132 933 3216 peius
960 3138 1010 3197 est
1032 3130 1094 3195 κατ’
1122 3132 1178 3201 ἕξιν
1201 3137 1234 3197 et
1255 3129 1318 3195 κατ’
1346 3129 1523 3214 εἱμαρμένην
1545 3128 1623 3194 nihil

270 3236 454 3303 offensionis
487 3235 650 3318 praebeat.
696 3235 903 3301 consonantis
931 3236 948 3320 β
978 3254 1076 3299 sonus
1104 3254 1171 3299 non
1198 3251 1374 3317 numquam
1405 3232 1448 3298 ad
1479 3232 1622 3298 vocalem

269 3339 444 3422 emollitur,
468 3339 553 3404 unde
576 3339 779 3404 Democritus
806 3344 839 3403 et
860 3336 893 3401 in
916 3335 989 3401 aliis
1011 3336 1175 3402 codicibus
1197 3343 1231 3404 et
1250 3335 1286 3401 in
1308 3341 1418 3402 nostro
1439 3339 1624 3400 constanter

270 3441 433 3526 Αὐόηρίτης
459 3441 651 3506 nominetur.
696 3447 731 3504 ut
759 3438 866 3506 omnia
895 3440 977 3504 baec
1002 3438 1083 3504 vitia
1112 3459 1153 3505 ex
1174 3458 1279 3523 prava
1300 3436 1531 3524 pronuntiandi
1554 3456 1625 3503 cou-

269 3544 438 3609 suetudine
468 3550 658 3626 nascuntur,
698 3544 744 3607 ita
782 3542 871 3607 aliud
903 3561 1005 3624 genus
1042 3562 1106 3608 non
1144 3541 1249 3608 minus
1282 3541 1433 3625 frequens
1467 3559 1509 3606 ex
1543 3537 1624 3604 male

269 3646 447 3712 scribendo.
493 3645 660 3710 breviandi
684 3645 823 3710 studium
846 3665 887 3710 ex
909 3645 1088 3729 archetypo
1116 3646 1268 3711 tralatum
1296 3643 1377 3709 mire
1407 3647 1540 3709 auctum
1568 3647 1625 3707 est.

269 3750 352 3833 sigla
375 3753 407 3814 et
430 3748 622 3830 compendia
644 3770 710 3813 uon
733 3749 828 3814 modo
851 3747 1032 3830 frequentia
1055 3753 1129 3812 suut
1150 3746 1291 3813 maxime
1310 3746 1344 3811 in
1358 3764 1455 3811 versu
1471 3749 1626 3827 extremo,

270 3851 328 3916 sed
351 3849 537 3916 obscuriora
560 3870 697 3933 quoque,
720 3856 755 3914 ut
776 3849 862 3915 idem
885 3870 971 3933 apex
993 3855 1026 3915 θῖ
1048 3872 1083 3933 ην
1108 3856 1140 3915 et
1155 3873 1196 3913 ων
1211 3856 1244 3915 θῖ
1259 3873 1293 3932 ης
1309 3845 1478 3931 significat,
1500 3870 1533 3916 a<
1548 3852 1582 3912 et
1595 3870 1626 3909 os

269 3953 358 4019 nullo
381 3952 564 4018 discrimine
586 3953 746 4017 differant.
790 3952 947 4016 nonnulla
969 3951 1010 4016 de
1032 3949 1084 4016 bis
1106 3950 1193 4016 vitiis
1215 3949 1394 4017 recentiore
1415 3967 1516 4014 manu
1538 3945 1629 4031 (XVI

270 4056 389 4123 saeculi
413 4056 440 4119 si
462 4055 545 4120 bene
567 4055 712 4140 memini)
735 4061 881 4120 correcta
903 4060 987 4138 sunt,
1011 4054 1069 4119 sed
1084 4072 1158 4119 raro
1175 4058 1207 4119 et
1221 4053 1348 4119 leviter.
1381 4050 1498 4117 eadem
1513 4068 1629 4115 manus

271 4160 418 4224 scholion
441 4158 538 4240 capiti
563 4160 623 4223 121
647 4157 827 4240 adscripsit.

140 4290 208 4326 arn
226 4290 257 4333 ‚c
360 4262 505 4326 Alterum
535 4261 656 4325 contuli
685 4258 999 4342 Laurentiauum,
1028 4277 1123 4341 quem
1145 4257 1172 4321 B
1194 4257 1340 4340 nomino,
1371 4256 1450 4340 plut.
1471 4253 1581 4320 LVIII
1600 4256 1629 4320 2.

271 4365 461 4429 chartaceus
484 4369 533 4428 est
555 4362 658 4429 forma
674 4363 825 4445 maxima,
849 4363 978 4427 saeculo
994 4361 1055 4426 XV
1077 4360 1156 4425 satis
1171 4359 1273 4425 nitide
1288 4365 1451 4425 exaratus.
1486 4357 1638 4423 continet.

269 4467 353 4531 iuter
381 4466 472 4530 varia
500 4467 562 4532 los.
586 4466 834 4549 Rbaceudytae,
863 4464 1048 4548 Theodosii,
1070 4461 1220 4527 Lascaris
1243 4459 1349 4527 Procli
1369 4459 1559 4531 Aristotelis
1582 4460 1633 4525 Li-

269 4570 357 4635 banii
373 4569 492 4653 scripta
515 4574 628 4652 quarto
651 4569 721 4632 loco
738 4587 758 4631 a
777 4566 798 4632 f.
816 4567 876 4630 78ν
894 4565 1010 4632 Geloni
1027 4563 1203 4631 Historiam
1220 4562 1458 4647 philosopham.
1488 4561 1631 4647 capitum

270 4672 362 4736 initia
384 4672 500 4737 litteris
522 4671 626 4736 rubris
649 4676 821 4736 ornaturus
846 4675 916 4734 erat
938 4667 1098 4752 librarius,
1121 4667 1207 4751 quod
1229 4686 1296 4731 non
1318 4664 1463 4750 perfecit.
1499 4671 1628 4731 cavera

271 4781 378 4839 tamen
401 4774 530 4839 vicariis
553 4772 701 4842 litterulis
724 4792 868 4843 summae
896 4790 973 4835 orae
999 4769 1157 4854 adpositis
1178 4789 1220 4834 ne
1243 4788 1358 4834 seusus
1379 4765 1627 4835 desideraretur.

271 4877 386 4963 partim
410 4896 520 4941 carum
543 4875 749 4959 bibliopegae
772 4874 869 4957 culpa
891 4873 1014 4939 recisae
1037 4879 1120 4938 sunt.
1154 4871 1206 4937 bic
1223 4889 1351 4954 quoque
1367 4868 1450 4935 liber
1466 4869 1628 4956 perraria
