3464 5586
314 1133 572 1197 llllllhlrlNNllS
595 1133 817 1198 otathsttts
838 1132 1070 1197 llhlllhlANNO
1095 1132 1286 1196 ttsttttaho
1308 1133 1340 1195 S.

234 1421 303 1483 Non
326 1419 493 1498 mirabere,
513 1428 699 1500 praeceptor
721 1421 895 1495 carissime,
918 1439 939 1482 a
967 1419 1041 1482 Tuo
1063 1420 1185 1482 nomine
1207 1419 1290 1500 quod
1312 1423 1507 1501 auspicatum

142 1524 218 1584 colo
247 1523 306 1585 hcc
327 1523 608 1603 Docoqraphorum
629 1522 777 1585 columen.
817 1521 925 1583 Tuum
947 1524 1027 1584 enirn
1049 1529 1094 1584 est
1115 1521 1198 1602 quod
1219 1524 1282 1584 iam
1305 1521 1388 1586 Tibi
1409 1522 1506 1586 reddo

143 1645 245 1706 neque
270 1624 305 1686 id
325 1644 386 1687 uno
408 1627 530 1686 nomine
548 1625 665 1686 Tuum.
703 1626 847 1687 nimirum
868 1624 938 1703 foto
959 1643 1019 1686 suo
1038 1624 1128 1687 habet
1152 1634 1179 1687 et
1200 1625 1252 1687 hic
1274 1625 1403 1700 libellus,
1428 1645 1507 1707 quoe

147 1746 304 1790 enarrare
329 1747 425 1808 neque
451 1728 654 1789 iniucundum
678 1728 800 1791 videtur
827 1735 856 1789 et
885 1737 966 1789 certe
992 1728 1100 1789 utilius
1126 1747 1217 1808 mam
1240 1728 1322 1809 quod
1342 1730 1441 1791 solent
1468 1729 1507 1791 de

142 1832 268 1892 ratione
294 1849 354 1892 soa
385 1840 413 1892 et
441 1833 580 1893 instituto
606 1833 806 1911 prooemiari.
853 1831 900 1892 l'u
927 1833 1021 1911 iqitur
1048 1850 1116 1893 cum
1144 1838 1215 1892 ante
1237 1832 1400 1911 oiqintifet
1424 1831 1507 1913 quod

143 1943 285 2013 superest
300 1952 401 1995 annos
418 1933 618 2014 Theophrasti
634 1953 731 1996 causa
745 1934 866 1999 Placita
889 1935 1043 2014 ottiqisses
1064 1935 1236 2014 spretisque
1255 1935 1396 2013 priorum
1418 1952 1505 1996 som-

143 2037 210 2097 niis
230 2037 349 2115 primus
370 2055 477 2097 ceram
499 2055 604 2098 eorum
624 2036 759 2099 indolem
777 2038 955 2116 perspicere
970 2038 1133 2116 coepisses,
1155 2037 1295 2099 salutare
1313 2036 1411 2096 iniisti
1426 2053 1505 2097 con-

147 2139 252 2199 silium
274 2138 439 2219 colliqendi
460 2139 610 2219 quidquid
624 2141 754 2201 istarum
769 2139 941 2201 litterarum
955 2146 1138 2221 superesset,
1160 2140 1242 2201 unde
1264 2149 1292 2200 et
1314 2141 1402 2218 oriqo
1425 2156 1505 2217 ape-

145 2243 264 2302 riretur
294 2250 322 2302 et
354 2260 412 2320 per
443 2250 611 2320 temporum
641 2242 803 2303 decursum
834 2243 1033 2322 prapaqatio.
1079 2244 1209 2304 accessit
1241 2243 1347 2304 socius
1382 2240 1506 2303 consilii

147 2344 180 2405 C.
210 2341 531 2419 Wachsmuthias,
554 2346 606 2425 qui
627 2344 754 2406 Laertio
777 2352 805 2406 et
828 2343 1015 2424 Rioqraphis
1041 2344 1121 2405 idem
1142 2364 1176 2406 se
1199 2345 1350 2405 auxilium
1373 2345 1508 2405 loturum

145 2445 360 2525 pollicebatur.
399 2448 450 2527 qui
473 2465 541 2507 essm
561 2446 657 2526 poulo
679 2456 749 2526 post
772 2448 805 2507 in
819 2447 945 2509 ltaliam
966 2445 1125 2525 profectus
1146 2454 1234 2520 esset,
1257 2448 1409 2526 eqreqium
1431 2465 1506 2509 con-

146 2550 281 2610 latorum
309 2549 449 2611 codicum
482 2558 671 2629 apparatum
704 2550 863 2628 conpessit.
907 2549 964 2610 sed
990 2567 1062 2610 moa
1089 2568 1158 2610 cum
1190 2551 1223 2610 in
1255 2549 1351 2610 alium
1380 2558 1506 2629 uimque

144 2650 320 2713 studiorum
344 2670 486 2731 campum
510 2661 683 2724 uocaretur,
706 2652 823 2731 sactum
845 2661 890 2715 est
912 2661 943 2713 ut
955 2653 1082 2732 pristini
1097 2652 1221 2714 consilii
1236 2653 1334 2714 ardor
1352 2654 1507 2734 paulatim

148 2754 373 2833 resriqesceret.
418 2773 456 2816 ac
482 2756 675 2817 metuendum
701 2764 784 2829 mot,
811 2774 850 2816 ne
878 2773 914 2816 eo
936 2754 1097 2834 difficilior
1117 2756 1203 2834 fieret
1226 2772 1285 2835 quo
1307 2755 1406 2833 maqis
1426 2771 1507 2832 pro-

150 2858 376 2918 crastinaretur
391 2856 489 2918 labor.
517 2875 615 2938 quare
632 2857 682 2918 l'u
699 2858 819 2938 quidem
834 2858 984 2918 vicarium
1000 2858 1234 2936 circumspicere
1251 2858 1378 2935 coepisti
1394 2863 1422 2917 et
1437 2874 1505 2916 cum

146 2970 217 3022 ante
241 2969 281 3016 xt
297 2977 396 3021 annos
410 2959 661 3039 philosophorum
676 2959 883 3021 bonisensium
898 2959 977 3022 ordo
992 2978 1077 3021 more
1098 2961 1250 3021 maiorum
1272 2957 1315 3021 ad
1336 2957 1506 3020 certamina

147 3062 359 3124 adulescentes
373 3063 528 3136 incitaret,
552 3072 661 3125 auctor
674 3062 772 3142 fuisti,
795 3071 828 3123 ut
843 3062 1030 3124 Placitorum
1044 3063 1193 3123 memorio
1215 3061 1404 3142 explicando
1425 3078 1505 3139 pro-

143 3173 319 3244 poneretur.
351 3165 472 3225 interim
499 3165 574 3226 mihi
599 3174 632 3226 ut
655 3165 827 3244 periculum
847 3165 983 3244 [acmen
999 3164 1094 3243 facile
1118 3165 1312 3245 persuasisti.
1355 3182 1429 3224 nom
1451 3162 1509 3243 elsi

145 3286 239 3348 quam
262 3266 410 3345 impedito
433 3275 511 3328 esset
534 3269 672 3347 quaestio
692 3268 946 3350 haudquaquam
960 3287 1007 3329 me
1029 3268 1197 3343 celaveras,
1220 3274 1321 3329 tomen
1344 3268 1415 3346 ipsa
1437 3264 1505 3343 dif-

143 3371 266 3448 haultos
288 3369 451 3430 iuuenilem
466 3369 610 3431 ardorem
630 3370 775 3431 excitauit
797 3377 827 3432 et
848 3369 962 3449 effecit,
986 3377 1019 3431 ut
1041 3371 1126 3432 intro
1144 3371 1349 3450 pereaiquum
1370 3369 1505 3449 spolium

144 3479 237 3534 totum
263 3472 389 3533 illarum
416 3472 589 3533 litterarum
617 3473 719 3534 orbem
744 3491 945 3552 peraqrarem
972 3480 1001 3534 et
1028 3481 1167 3535 extrema
1190 3473 1379 3554 quaestionis
1402 3472 1505 3533 linea·

144 3583 246 3636 menta
275 3582 358 3636 recte
383 3575 561 3655 plerumque
587 3574 812 3637 adumbrarem.
856 3574 913 3638 sed
945 3576 1095 3655 festinata
1129 3577 1191 3637 ista
1222 3575 1329 3638 studio
1361 3574 1418 3636 etsi
1452 3592 1508 3635 nec

146 3676 224 3738 Tibi
246 3696 302 3738 aec
324 3677 427 3739 ordini
450 3678 647 3757 displicuere,
670 3688 815 3759 quantum
837 3697 858 3740 o
877 3677 1079 3758 pirsectionis
1101 3677 1195 3740 laude
1217 3679 1366 3755 abessem,
1395 3678 1506 3757 optime

142 3781 208 3859 ipse
229 3778 377 3842 intellexi.
421 3798 493 3841 nam
516 3781 661 3843 utendum
682 3782 756 3843 mim
778 3790 845 3843 erat
867 3781 1051 3844 editionibus
1083 3781 1278 3862 culparihus,
1309 3799 1387 3862 quoe
1415 3799 1507 3862 quum

143 3880 277 3959 fallaces
305 3892 418 3957 essent,
454 3881 669 3946 Wachsmuthii
694 3885 814 3947 schedis
841 3885 967 3947 edoctus
996 3903 1091 3946 eram.
1133 3886 1238 3965 itaque
1264 3893 1427 3965 postquam
1452 3885 1506 3945 in-

144 3985 225 4062 sipni
252 3985 363 4046 Galeni
390 3987 530 4065 eamnplc
562 3987 771 4049 incredibilem
803 3988 889 4049 illam
923 3989 1151 4069 corruptionem
1179 3990 1271 4050 etiam
1295 3986 1419 4069 publice
1438 4005 1507 4049 sum

144 4093 285 4160 testatus,
315 4087 378 4148 iam
404 4088 569 4150 editionem
594 4090 784 4152 Plocitorum
811 4090 1022 4170 adoptimum
1045 4089 1297 4170 codicumfidem
1325 4090 1509 4171 esiqendom

141 4187 215 4248 mihi
238 4191 398 4269 proposui.
444 4209 532 4270 quem
558 4192 601 4253 ad
620 4194 711 4272 finem
739 4191 810 4255 dum
840 4201 895 4255 out
921 4195 988 4273 ipse
1012 4194 1193 4274 perambulo
1220 4193 1422 4255 bibliothecas
1450 4200 1505 4254 out

141 4290 260 4351 amicos
280 4291 423 4369 precibus
444 4292 557 4374 satiqo,
588 4313 658 4356 eoae
678 4312 878 4376 propramma
900 4296 1044 4376 adfertur
1072 4297 1111 4358 ab
1134 4296 1304 4357 Academia
1333 4295 1505 4358 litterarum

145 4391 338 4454 Berolinensi
359 4414 397 4454 m.
420 4395 503 4457 lulio
526 4415 555 4456 a.
581 4405 829 4457 Mocccaxxtt'
848 4400 1060 4479 propositum:

227 4495 448 4570 „Plutarchi
475 4499 538 4579 qui
567 4497 745 4576 seruntur
777 4501 865 4563 libri
893 4502 974 4585 περὶ
1003 4505 1073 4563 τῶν
1101 4497 1324 4583 ἀρεσκόντων
1352 4501 1427 4566 τοῖς
1453 4520 1506 4581 φι-

228 4597 405 4681 λοσόφοις
436 4600 612 4679 quomodo
645 4609 676 4662 et
705 4603 853 4682 quando
880 4605 1019 4684 scripti
1041 4605 1131 4683 sint,
1154 4602 1386 4682 inquiratur,
1415 4619 1506 4681 quoe

228 4701 330 4761 ratio
358 4702 455 4762 inter
481 4721 562 4763 eam
589 4703 890 4783 compilationem
917 4705 1130 4784 similesque
1153 4704 1256 4765 alias
1282 4702 1505 4778 intercedat,

227 4813 456 4885 reponatur,
480 4805 540 4885 qui
563 4813 741 4867 auctores
764 4825 834 4887 qua
856 4809 1008 4869 ratione
1031 4824 1051 4867 a
1074 4804 1321 4885 compilatore
1344 4802 1506 4864 adhibiti

225 4905 317 4979 sint,
341 4905 638 4968 determinetur.“
