3442 5588
257 404 470 485 rnr'rnnciir
486 396 766 485 Μ’

602 333 703 381 inin
725 332 1106 434 “Q
1402 338 1464 401 303

920 440 1075 489 s'rnnrnr
1096 418 1172 489 nii„
1186 440 1198 488 1
1215 439 1225 487 1
1240 437 1269 500 [ν
1280 438 1316 502 ο]

813 576 918 661 βαλλον
941 577 974 639 δὲ
995 576 1036 646 εἰς
1059 578 1074 640 θ
1099 578 1230 663 βούλεται
1250 578 1298 641 καὶ
1314 577 1422 648 συνεξο-

813 677 984 760 μοιούμενον
1006 683 1103 742 πᾶσιν.

771 793 805 847 2ο
856 777 1083 852 Σπεύσιππος
1113 785 1162 847 τόν
1191 786 1257 846 νοῦν
1284 781 1351 845 οὔτε
1379 788 1422 868 τῷ

813 881 854 944 ἑνὶ
877 880 944 945 οότε
964 888 1007 968 τῷ
1030 884 1135 969 ἀγαθῷ
1157 886 1206 947 τὸν
1228 884 1330 959 αὐτόν,
1356 885 1421 947 idic-

811 989 872 1068 ιροῇ
895 984 938 1048 δέ.
1446 1008 1457 1043 ι

770 1095 802 1147 21
858 1083 1052 1170 Κριτόλαος
1095 1091 1142 1152 καὶ
1186 1089 1362 1172 Διόδωρος
1406 1092 1422 1151 ὁ

812 1186 916 1273 Τύριος
938 1195 1004 1253 νοῦν
1027 1188 1073 1253 ἀπ’
1097 1190 1214 1274 αἰθέρος
1237 1191 1380 1260 ἀπαθοῦς.

770 1298 803 1351 22
850 1288 1076 1375 Ἡράκλειτος
1105 1295 1138 1356 τό
1171 1295 1332 1376 περιοδικόν
1366 1298 1422 1377 πῦρ

812 1393 918 1476 ἀίδιον,
945 1395 1120 1479 εἱμαρμένην
1146 1396 1180 1458 δὲ
1201 1396 1285 1477 λόγον
1312 1396 1346 1459 ἐκ
1370 1401 1422 1479 τῆς

812 1494 1041 1580 ἐναντιοδρομίας
1056 1499 1229 1581 δημιουργόν
1244 1502 1302 1561 τῶν
1319 1498 1418 1562 όντων.
1434 1518 1457 1554 ιιι

770 1610 803 1663 23
854 1594 973 1681 Ζήνων
1008 1600 1023 1661 ό
1053 1597 1181 1668 Στωικὸς
1212 1604 1278 1663 νοῦν
1311 1600 1422 1683 κόσμου

811 1698 938 1783 πύρινον.

770 1815 803 1867 24
856 1800 1069 1889 Μνήσαρχος
1090 1806 1139 1868 τόν
1154 1805 1263 1888 κόσμον
1278 1805 1330 1888 τὴν
1345 1808 1420 1888 πρώ-

811 1926 863 1985 την
886 1903 986 1967 οὐσίαν
1008 1904 1116 1991 ἔχοντα
1137 1909 1196 1971 ἀπὸ
1218 1908 1389 1990 πνεύματος.

770 2024 803 2077 25
856 2003 995 2091 Βόηθος
1015 2011 1064 2072 τὸν
1087 2010 1192 2094 αἰθέρα
1221 2012 1289 2074 θεὸν
1311 2013 1458 2094 cicensi-1⁶

811 2129 889 2170 νατο.

770 2227 803 2282 26
856 2208 1078 2297 Παρμενίδης
1100 2217 1133 2279 τό
1156 2216 1290 2299 ἀκίνητον
1313 2214 1360 2277 καὶ
1375 2236 1422 2276 πε-

811 2314 989 2396 περασμένον
1012 2317 1201 2401 σφαιροειδές.

769 2425 803 2478 27
857 2413 1036 2489 Μέλισσος
1058 2421 1106 2483 καὶ
1129 2418 1249 2505 Ζήνων
1271 2421 1304 2483 τό
1327 2419 1358 2481 ἓν
1375 2417 1422 2479 καὶ

811 2525 882 2598 πᾶν,
912 2521 960 2584 καὶ
988 2522 1074 2603 μόνον
1104 2523 1195 2585 ἀίδιον
1224 2521 1272 2585 καὶ
1304 2520 1421 2603 ἄπειρον
1434 2537 1458 2574 ιο

769 2632 804 2687 28
812 2625 846 2686 τό
873 2624 914 2687 έν.
948 2626 996 2687 καὶ
1022 2626 1055 2687 τὸ
1083 2625 1135 2707 μὲν
1158 2624 1189 2688 ἓν
1210 2625 1262 2707 τὴν
1285 2623 1423 2704 ἀνάγκην,
1484 2612 1486 2616 ’

812 2725 882 2808 όλην
905 2727 937 2790 δὲ
959 2726 1050 2811 αὐτῆς
1072 2726 1108 2790 τὰ
1130 2727 1257 2810 τέσσαρα
1282 2727 1422 2809 στοιχεῖα,

810 2825 874 2910 εἴδη
902 2828 935 2891 δὲ
961 2830 995 2891 τὸ
1022 2833 1115 2897 νεῖκος
1148 2830 1197 2893 καὶ
1229 2829 1282 2912 τὴν
1314 2827 1421 2912 φιλίαν.

810 2929 886 3011 λέγει
914 2930 947 2992 δὲ
973 2931 1022 2994 καὶ
1049 2931 1238 3016 τὰστοιχεῖα
1260 2929 1347 2998 θεοὺς
1373 2927 1422 2990 καὶ

809 3033 843 3095 τὸ
872 3037 964 3115 μῖγμα
994 3032 1103 3097 τοότων
1134 3036 1183 3098 τόν
1212 3033 1333 3114 κόσμον.
1372 3031 1420 3094 καί
1433 3050 1457 3087 ιι

809 3133 935 3218 ’[προστ
962 3135 1176 3220 ἀναλυθήσεται
1201 3136 1234 3198 τό
1263 3134 1421 3216 μονοειδές·

810 3236 858 3299 καὶ
898 3236 979 3308 θείας
1018 3239 1070 3321 μὲν
1108 3237 1199 3302 οἴεται
1231 3238 1283 3307 τὰς
1316 3238 1422 3322 ψυχάς,

809 3339 907 3409 θείους
927 3340 961 3403 si
983 3341 1032 3405 sci
1053 3340 1121 3410 τοὺς
1136 3340 1310 3426 μετέχοντας
1325 3338 1422 3402 αὐτῶν

809 3443 956 3527 καθαροὺς
978 3442 1129 3526 καθαρῶς.

768 3550 801 3603 29
855 3544 1024 3629 Πολέμων
1053 3546 1102 3607 τὸν
1129 3543 1239 3625 κόσμον
1261 3542 1330 3606 θεὸν
1353 3544 1457 3608 ἀπε-αι

809 3649 932 3732 φήνατο.

848 3787 879 3839 11
899 3785 994 3853 κόσμον
1011 3787 1052 3837 A:
1072 3803 1138 3838 corr.
1157 3785 1267 3837 Krische
1287 3781 1301 3850 ΙΙ
1323 3784 1355 3835 14
1374 3783 1414 3836 ἐπὶ
1427 3787 1464 3834 A:

810 3889 876 3925 corr.
895 3875 1017 3926 Meinckc
1035 3875 1067 3924 cl.
1080 3871 1138 3936 §21
1159 3870 1173 3940 ΙΙ
1193 3869 1225 3924 21
1239 3872 1405 3936 Empedoclis
1417 3887 1464 3921 no-

810 3977 868 4012 mon
886 3962 1047 4012 intercidisse
1064 3967 1132 4011 νέοιο
1151 3961 1251 4023 putavit
1268 3960 1371 4009 Hscrcn
1395 3961 1465 4022 quod

810 4063 857 4112 pro
867 4043 929 4115 ὕλην
939 4045 965 4098 ii
975 4043 1054 4114 αὐτῆς
1063 4048 1196 4097 restituere
1206 4045 1317 4096 volcbni,
1335 4047 1429 4096 icmms
1437 4049 1465 4096 in

810 4132 837 4184 iv
853 4132 898 4184 καὶ
911 4131 974 4185 v.21
990 4135 1069 4184 isici-s
1082 4134 1204 4184 crcdcbsi
1220 4132 1330 4183 Krische
1350 4131 1363 4199 Η
1381 4131 1466 4201 2391-

809 4219 933 4273 λονεικίαν
944 4222 978 4271 F:
995 4221 1099 4271 recisi>
1119 4216 1133 4286 ss
1153 4218 1187 4274 26
1205 4214 1466 4288 προστανσλιιθησιται

809 4311 842 4361 F:
855 4303 1099 4378 προσιανλιιθησεται
1108 4307 1142 4358 C:
1155 4303 1217 4376 πρὸς
1225 4307 1305 4357 ταῦτα
1314 4302 1466 4375 ἀναλυθησε-

808 4412 850 4448 ται
862 4398 1005 4446 Vaticanus
1016 4397 1105 4459 vulgo,
1123 4395 1192 4445 unds
1205 4396 1309 4445 Hesrcn
1327 4391 1356 4444 τὸ
1369 4391 1466 4445 πολυει-

717 4506 722 4513 ·
809 4481 864 4547 δίς,
886 4483 1009 4534 Meincks
1030 4478 1061 4532 τό
1085 4477 1194 4548 όμοειόίς
1219 4481 1361 4532 tentabant.
1392 4482 1467 4531 slitsr

808 4571 884 4622 Sturz
907 4566 934 4626 ὃς
956 4568 1000 4620 καὶ
1022 4564 1203 4635 ἀναλοθησεται
1227 4565 1262 4624 είς
1289 4564 1318 4617 τὸ
1343 4565 1466 4635 μονοειδές

809 4667 835 4708 ci
853 4659 954 4708 Ussncr
972 4655 1015 4707 καὶ
1033 4653 1164 4722 πρότερον,
1181 4651 1218 4714 (ές
1236 4651 1249 4703 θ
1267 4653 1322 4716 καὶ)
1340 4649 1465 4722 ἀναλυθη-

809 4757 886 4806 σεται,
903 4740 933 4793 τό
951 4739 1082 4809 μονοειδές.
1102 4743 1158 4806 plns
1177 4741 1336 4791 intercidisse
1356 4742 1464 4802 videtur,

809 4831 879 4894 quod
890 4832 994 4894 cxplcns
1006 4846 1037 4879 cx
1049 4830 1095 4879 Ar.
1106 4829 1131 4877 d.
1142 4843 1200 4890 gen.
1209 4835 1235 4876 et
1244 4830 1309 4878 inii
1322 4828 1333 4878 l
1345 4825 1465 4892 p.315·3

814 4919 844 4967 ci.
864 4918 1003 4981 Piriiopon.
1023 4917 1039 4965 i.
1053 4914 1086 4967 5·
1097 4912 1131 4965 30
1142 4930 1197 4978 sqq.
