3442 5588
276 265 318 330 8ss
686 272 710 319 V
738 269 787 319 Da
808 268 885 320 Allll
904 269 1041 321 DIDYMI
1060 271 1224 322 EPITOMll

361 434 516 503 Consulto
539 459 598 522 per
619 444 722 504 totam
744 437 829 504 hanc
844 436 1097 521 disputationem
1112 437 1246 505 Suidam
1261 439 1402 525 neglexi,
1424 459 1526 523 aquo
1542 426 1641 523 vulgo

275 540 440 607 exordium
463 541 595 625 capiunt
617 540 756 625 pessime
779 542 991 626 auspicatum.
1036 541 1219 624 enipeum:

359 643 484 728 Δίδυμος
507 642 620 728 Ἀτήιος
647 644 679 727 [ἢ
697 642 819 728 Ἄττιος]
848 644 1033 731 χρηματίσας
1058 644 1217 730 φιλόσοφος
1247 646 1460 730 ἀκαδημαϊκός.
1504 644 1641 709 πιθανῶν

274 749 321 810 καὶ
345 750 531 832 σοφισμάτων
554 745 649 816 λύσεις
672 747 701 811 ἐν
725 749 845 833 βιβλίοις
868 750 884 832 β
908 747 955 810 καὶ
978 745 1053 809 ἄλλα
1075 749 1178 811 πολλοί.

360 848 449 914 Ηοοο
472 848 620 913 omnibus
642 848 798 915 machinis
820 848 864 915 ad
883 848 995 913 Arium
1010 848 1146 931 Augusti
1167 849 1306 916 amicum
1320 849 1499 917 transferre
1520 867 1641 916 oenan-

274 957 325 1015 tur
339 949 550 1033 grammatici.
584 970 623 1016 ac
646 952 736 1016 multi
753 951 968 1019 laudaverunt
984 950 1127 1016 Ionsium
1149 950 1189 1016 H.
1206 952 1264 1017 Ph.
1280 953 1330 1018 III
1348 955 1365 1018 1
1389 953 1515 1036 Δίδυμος
1527 949 1640 1037 Ἄρειος

275 1051 512 1119 rescribentem.
551 1052 627 1135 quid
649 1052 718 1118 ita?
746 1074 855 1121 nonne
876 1061 964 1120 recte
986 1051 1123 1118 traditur
1137 1053 1211 1119 Atei
1225 1075 1393 1120 romanum
1408 1054 1554 1121 nomen?
1584 1054 1641 1120 du·

273 1154 395 1221 bitasse
416 1154 544 1220 videtur
566 1154 664 1220 etiam
680 1156 824 1240 Toupius
847 1155 947 1226 Αίτιος
969 1155 1022 1222 vel
1040 1153 1149 1226 Ἀέτιος
1171 1155 1296 1223 ludens.
1329 1176 1435 1240 neque
1457 1157 1554 1224 aliter
1577 1156 1641 1242 By-

274 1256 422 1322 zantinus
452 1256 481 1322 is
507 1257 562 1340 qui
588 1257 804 1325 coniecturam
834 1261 854 1344 ἢ
877 1256 987 1327 Ἄττιος
1014 1256 1135 1324 Suidae
1165 1257 1343 1344 inscripsit,
1371 1278 1393 1324 a
1424 1278 1490 1342 qua
1523 1267 1635 1326 nmen

273 1359 419 1425 Eudocia
445 1358 550 1425 libera
576 1368 636 1426 est.
680 1367 728 1446 at,
758 1360 907 1442 obsecro,
935 1356 1102 1444 quidest,
1130 1380 1186 1425 cur
1213 1381 1279 1427 non
1305 1361 1433 1427 Ateium
1461 1362 1639 1447 Didymum

274 1460 373 1527 luisse
401 1461 572 1545 putemus?
604 1483 700 1546 porro
728 1462 932 1529 academicus
954 1460 1014 1525 fuit
1036 1461 1094 1527 ille
1115 1461 1337 1547 philosophus.
1380 1464 1457 1549 quid
1482 1462 1544 1530 hoc
1566 1481 1639 1527 cum

273 1564 368 1649 Ario,
398 1585 491 1647 quem
520 1564 663 1630 Stoicum
691 1585 731 1632 ex
757 1564 864 1631 indice
890 1563 1065 1630 Laertiano
1092 1564 1406 1631 demonstravimus?
1449 1586 1493 1632 an
1521 1565 1640 1631 iterum

275 1669 401 1751 lapsum
427 1687 500 1733 esse
527 1666 659 1732 Suidam
689 1666 742 1732 vel
768 1665 965 1751 Hesychinm
997 1665 1151 1732 credent?
1187 1667 1252 1733 iam
1279 1669 1359 1735 cedo
1385 1668 1519 1753 scripta!
1560 1686 1639 1732 num

273 1771 405 1834 usdaudo
436 1769 610 1852 [intercidit
632 1769 797 1850 numerus]
825 1769 924 1834 libros
952 1769 1006 1834 vel
1033 1772 1220 1854 σοφισμάτων
1242 1771 1339 1842 λύσεις
1371 1769 1499 1855 scripsit
1520 1768 1640 1836 Arius?

274 1872 444 1938 nescimus.
478 1878 513 1937 at
535 1872 663 1957 scripsit
685 1873 794 1936 πιθανὰ
816 1872 899 1938 alius
915 1869 1085 1955 Didymus,
1107 1871 1149 1938 de
1168 1892 1231 1955 quo
1250 1872 1337 1938 idem
1358 1871 1489 1939 Suidas:
1512 1871 1640 1955 Δίδυμος

274 1973 337 2043 νέος
356 1973 556 2059 Ἀλεξανδρεὺς
577 1976 789 2060 γραμματικός,
812 1977 844 2045 ὃς
866 1975 1068 2058 ἐσοφίστευσεν
1090 1973 1120 2036 ἐν
1137 1971 1250 2059 Ῥώμῃ.
1296 1973 1403 2061 ἔγραψε
1424 1977 1550 2053 πιθανά,
1573 1974 1640 2058 περὶ

275 2078 471 2162 ὀρθογροιφίας
499 2079 547 2142 καί
575 2079 650 2143 ἄλλα
677 2082 799 2142 πλεῖστα
826 2080 874 2143 καὶ
903 2077 1015 2162 ἄριστα.
1060 2074 1136 2141 inde
1164 2075 1344 2143 coniectum
1371 2083 1421 2144 ost
1446 2078 1578 2145 Ateium
1605 2081 1640 2142 et

274 2179 432 2246 iuniorem
454 2180 631 2267 Didymum
654 2181 749 2247 solito
773 2201 862 2248 more
884 2201 905 2245 a
927 2179 1029 2246 Suida
1050 2177 1201 2245 confusos
1223 2198 1305 2245 esse.
1349 2186 1437 2247 recte
1462 2200 1506 2245 an
1532 2197 1640 2263 secus,

274 2304 339 2348 non
362 2282 513 2348 diiudioo.
558 2284 654 2350 Arius
676 2291 762 2351 certe
784 2284 944 2369 Didymus
965 2283 999 2347 in
1024 2279 1179 2365 Hesychii
1202 2281 1351 2365 catalogo
1373 2302 1440 2348 non
1464 2280 1639 2349 inuenitur.

358 2386 406 2451 Eo
429 2385 532 2469 magis
554 2387 702 2453 miranda
725 2394 774 2453 est
797 2385 924 2452 Ottonis
946 2383 1062 2450 Heinei
1089 2384 1172 2450 ratio
1201 2384 1246 2467 [n.
1265 2382 1375 2467 Jahrb.
1396 2383 1419 2450 f.
1442 2385 1537 2451 class.
1558 2383 1640 2468 phil.

276 2491 369 2575 1869,
385 2490 461 2571 613]
484 2488 538 2572 qui
560 2488 670 2574 Suida,
693 2489 770 2573 quid
792 2489 875 2573 dico,
897 2486 997 2553 Ionsii
1019 2485 1205 2552 coniectura
1227 2485 1317 2551 nisus
1335 2484 1510 2572 Didymum
1526 2485 1640 2552 Arium

273 2590 502 2658 Academicum
525 2591 566 2655 ab
581 2592 658 2657 Ario
683 2592 791 2658 Stoico
807 2590 943 2674 Augusti
965 2587 1117 2654 familiari
1137 2600 1271 2672 prorsus
1293 2587 1543 2672 disiungendum
1565 2606 1640 2654 esse

275 2694 485 2763 asseveravit.
530 2714 657 2760 summa
679 2693 907 2779 disputationis
930 2730 971 2740 —
992 2711 1068 2757 nam
1095 2696 1204 2758 cetera
1229 2690 1355 2756 leviora
1380 2697 1455 2758 sunt
1476 2728 1519 2739 -
1540 2689 1575 2756 in
1598 2709 1639 2756 eo

274 2803 437 2880 versatur,
464 2797 550 2879 quod
577 2796 629 2862 hic
656 2797 751 2862 Arius
779 2796 979 2881 simpliciter,
1007 2794 1174 2879 Epitomes
1201 2793 1338 2877 scriptor
1359 2793 1455 2859 Arius
1477 2792 1641 2878 Didymus

274 2899 467 2984 nominetur,
489 2899 575 2966 unde
598 2900 756 2966 Eusebius
784 2907 817 2966 et
846 2898 1006 2965 Stobaeus
1032 2934 1074 2944 —
1103 2895 1189 2962 addo
1212 2896 1414 2962 Priscianum
1435 2933 1477 2944 -
1498 2894 1640 2979 singulis

274 3002 355 3069 locis
376 3001 509 3086 Didymi
530 3023 648 3069 nomen
672 3004 837 3088 elegerint.
869 3021 975 3084 neque
997 3006 1107 3066 tamen
1130 2999 1305 3084 quidquam
1328 2998 1379 3065 hic
1401 3000 1483 3066 latet
1504 2996 1640 3064 difficul-

278 3104 365 3170 tatis.
397 3123 475 3169 nam
496 3103 608 3171 ultimo
631 3126 661 3171 a.
679 3107 754 3173 Chr.
777 3106 907 3174 saeculo
931 3123 952 3170 a
974 3102 1162 3169 Latinorum
1184 3101 1417 3169 consuetudine
1439 3100 1553 3167 similis
1567 3120 1640 3167 mos

274 3206 308 3271 in
331 3206 378 3271 eis
400 3204 577 3270 invaluisse
599 3207 726 3273 videtur
747 3210 863 3292 quibus
885 3206 1082 3291 frequentior
1105 3226 1182 3271 usus
1197 3225 1269 3272 cum
1282 3203 1436 3271 Romanis
1449 3204 1642 3271 intercesse

275 3315 341 3392 rat,
369 3315 405 3373 ut
432 3307 534 3390 patris
561 3328 681 3376 nomen
704 3331 762 3377 suo
785 3331 844 3395 per
865 3309 1099 3376 nominativum
1121 3306 1280 3374 adderent
1313 3307 1366 3391 [cl.
1388 3307 1491 3374 Lehrs
1512 3311 1640 3390 quaest.

277 3410 358 3494 apic.
382 3431 413 3493 p.
430 3408 540 3492 23**].
586 3411 660 3477 hinc
685 3412 792 3478 Ἀπίων
821 3416 837 3476 ὁ
864 3412 1069 3496 Πλειστονίκης
1096 3418 1129 3477 et
1151 3409 1344 3481 Ἀπολλώνιος
1370 3412 1387 3475 ὁ
1414 3408 1524 3474 Μόλων
1547 3413 1643 3475 etat

275 3511 337 3578 hoc
360 3519 433 3577 utar
455 3511 591 3584 Κατίλιος
614 3518 631 3579 ὁ
653 3519 701 3580 καὶ
726 3516 862 3600 Νικάνωρ
885 3518 902 3579 ὁ
926 3513 1095 3599 Νικάνορος.
1141 3514 1204 3580 hoa
1224 3512 1409 3595 exemplum
1431 3519 1542 3579 servat
1561 3511 1642 3596 legi·

275 3615 386 3680 limam
420 3614 567 3682 formam.
612 3618 669 3683 sed
703 3617 834 3683 liberior
865 3637 952 3683 usus.
997 3636 1073 3681 nam
1105 3635 1126 3681 a
1158 3614 1332 3682 Plutarcho
1365 3615 1550 3681 nominatur
1582 3614 1643 3680 ille

271 3717 509 3787 'Anollu'uaoc't
541 3718 684 3789 Μόλωνος
718 3719 797 3803 [Cic.
820 3721 850 3786 4.
880 3720 973 3786 Caes.
995 3721 1044 3803 3],
1077 3716 1264 3800 ansepho
1291 3718 1365 3784 adr.
1398 3719 1460 3803 Ap.
1482 3719 1515 3784 11
1538 3719 1582 3784 14
1603 3727 1642 3783 86

272 3818 465 3889 Ἀπολλώνιος
489 3824 505 3885 ὁ
528 3821 638 3886 Μόλων
666 3821 719 3904 [of.
743 3821 874 3899 Quintil.
890 3820 939 3886 III
956 3822 973 3885 1
992 3831 1039 3907 16,
1066 3821 1131 3887 XII
1146 3822 1167 3885 6
1183 3820 1229 3906 ll,
1256 3820 1298 3887 ab
1327 3821 1442 3888 eodem
1464 3840 1543 3887 vero
1566 3821 1642 3887 sim·

276 3922 402 4006 pliciter
430 3923 540 3987 Μόλων
568 3924 641 3988 adv.
669 3924 786 4008 Apion.
809 3925 841 3990 11
863 3925 883 3989 2
906 3933 949 3988 34.
965 3933 1010 3991 41.
1055 3944 1161 4008 neque
1187 3923 1282 3990 aliter
1308 3923 1486 4009 Dionysius
1513 3922 1554 3989 de
1584 3923 1643 3988 Di-

276 4025 396 4092 narcho
412 4028 433 4091 8
456 4026 595 4115 lictum.
629 4027 706 4092 item
730 4027 831 4111 patris
851 4027 982 4095 nomine
996 4028 1159 4094 Molonem
1175 4032 1362 4092 constanter
1376 4026 1410 4091 in
1425 4024 1525 4091 Bruto
1540 4032 1642 4093 vocat

276 4129 404 4213 Cicero,
433 4129 487 4212 qui
515 4129 548 4194 in
573 4127 655 4193 libro
678 4129 720 4194 de
741 4128 929 4196 inventione
951 4130 1168 4216 Apollonium.
1213 4128 1256 4193 ad
1281 4127 1367 4194 hanc
1393 4126 1641 4195 similitudinem

275 4230 435 4298 Romani¹
464 4253 505 4298 ex
534 4231 661 4315 gemino
690 4232 833 4316 nomine,
861 4252 933 4298 cum
955 4232 1086 4318 Didymi
1108 4231 1248 4299 sescenti
1276 4229 1344 4295 Arii
1370 4228 1490 4314 pauci'
1517 4238 1641 4317 essem,

348 4439 356 4470 ¹
384 4442 444 4491 inde
462 4441 637 4492 Tertullianus
655 4456 777 4492 romanus
800 4442 877 4491 homo
896 4443 953 4493 Arii
972 4443 1076 4493 nomine
1095 4442 1131 4490 uti
1149 4440 1240 4490 maluit
1257 4437 1303 4502 [de
1319 4442 1407 4490 anima
1424 4455 1447 4490 c.
1460 4437 1521 4504 541:
1540 4436 1641 4506 Itaque

275 4526 347 4593 oprad
359 4527 437 4578 illam
450 4528 608 4589 (Platonem)
621 4528 650 4579 ιἰι
663 4527 793 4579 aetherem
805 4527 983 4578 sublimamur
995 4528 1102 4579 animae
1113 4527 1251 4590 sopientes,
1264 4525 1334 4590 epod
1346 4525 1459 4576 Arium
1471 4526 1506 4577 ιἰι
1517 4541 1640 4591 ceren,

277 4615 350 4680 opud
368 4614 468 4666 Stoicos
487 4614 534 4666 aab
554 4614 639 4667 ίιιιιανι
658 4615 700 4679 [el.
720 4633 741 4666 ο.
753 4615 809 4681 55],
828 4617 897 4680 qnod
915 4624 1030 4681 spectare
1048 4617 1150 4666 ridetur
1168 4617 1201 4666 ad
1219 4616 1326 4680 Didymi
1343 4616 1374 4665 fr.
1386 4612 1421 4666 39
1439 4631 1465 4679 p.
1476 4611 1593 4677 471,13.

346 4700 357 4734 ²
380 4719 474 4754 nomen
492 4706 604 4768 antiquis
623 4719 677 4755 non
695 4706 771 4755 nimis
790 4706 910 4754 uelatum
928 4704 1007 4754 fuisse
1025 4705 1134 4755 videtur.
1172 4705 1285 4768 cognovi
1303 4705 1352 4757 hoa
1370 4706 1462 4757 Ariola

311 4791 337 4855 1)
352 4786 443 4860 Ἄρτιος
457 4786 685 4861 Ἡρακλεοπολίτης
704 4793 781 4844 Philo
799 4792 876 4858 Bybl.
894 4806 936 4856 ap.
954 4792 1050 4843 Euaeb.
1070 4793 1101 4844 Ρ.
1118 4792 1150 4843 E.
1169 4790 1267 4843 11οω

309 4878 337 4945 2)
352 4875 443 4950 Ἄρτιος
463 4877 476 4931 ὁ
495 4876 629 4947 Alpinam:
646 4883 708 4931 Luc.
728 4881 790 4931 Ver.
809 4880 868 4931 hist.
880 4880 909 4930 11
921 4877 956 4931 22
