3442 5588
660 339 934 391 PROLEGOMENA
1143 390 1156 405 „
1412 336 1473 399 125

106 511 270 576 tissimam
292 509 474 576 lonicorum
499 509 697 592 theologiam
719 512 894 590 grassatur.
926 506 973 570 illi
996 505 1138 570 divinam
1156 512 1304 570 nat-uram
1320 507 1475 574 materiae

105 611 242 678 insitam
269 611 479 696 perhibuere,
512 611 681 675 Tullianus
703 611 847 676 Velleius
875 609 971 675 deum
998 614 1202 692 praesentem
1229 615 1261 672 et
1283 608 1475 686 efficientem
1598 611 1601 618 '

108 715 248 783 materia
270 707 447 780 diiunctum
471 713 647 797 separavit.
681 732 745 795 qno
768 711 903 776 artificio
926 711 1049 776 scilicet
1072 729 1183 774 omues
1211 709 1364 792 deinceps
1386 713 1475 777 velut

108 819 264 903 plumbeo
287 816 397 899 gladio
420 815 589 898 iugulavit.
624 820 780 880 excusant
796 813 986 880 Ciceronem
1008 813 1100 896 quasi
1122 831 1242 893 graeca
1264 818 1474 895 repetentem.

107 929 144 987 at
165 924 349 987 monstrent
372 918 450 983 mihi
472 918 524 983 isti
547 939 613 984 non
636 918 741 983 dicam
764 916 989 981 Philodemum
1012 916 1070 980 sed
1093 913 1268 996 quemlibet
1286 915 1474 997 scriptorem

108 1042 263 1106 graecum
286 1021 493 1107 (christianos
516 1041 644 1104 semper
664 1016 814 1103 excipio),
837 1018 891 1100 qui
907 1018 1048 1082 intanta
1064 1036 1213 1082 versuum
1229 1016 1393 1098 paucitate
1408 1024 1475 1082 tam

109 1144 211 1209 saepe
237 1132 369 1207 tamque
397 1122 533 1206 turpiter
561 1120 727 1187 erraverit.
772 1127 881 1185 errant
908 1120 961 1202 qui
992 1120 1035 1184 ad
1063 1119 1258 1184 Placitorum
1286 1118 1475 1201 confugiunt

108 1226 362 1293 similitudinem.
408 1244 520 1290 verum
543 1231 593 1290 est
615 1223 660 1288 ihi
688 1243 816 1305 quoque
839 1223 985 1288 Thaletis
1008 1221 1241 1286 Anaximandri
1265 1222 1476 1288 Anaximenis

109 1331 191 1397 deos
214 1326 406 1397 enumerari.
440 1334 474 1392 at
496 1347 538 1393 ne
560 1326 631 1409 quis
653 1326 736 1391 salso
759 1345 780 1389 a
802 1325 940 1389 materia
963 1345 1020 1390 eos
1042 1323 1219 1407 diremptos
1242 1325 1388 1390 crederet
1404 1346 1476 1390 con·

110 1433 215 1516 ceptis
242 1430 351 1497 verbis
379 1437 508 1495 cautum
537 1436 587 1495 est
609 1430 624 1493 I
648 1430 665 1493 ‘i
693 1438 723 1490 13
745 1430 790 1490 δεῖ
811 1429 843 1491 δὲ
866 1427 1019 1491 ὑπακούειν
1042 1428 1089 1490 ἐπὶ
1112 1432 1170 1489 τῶν
1193 1428 1285 1496 οὕτως
1312 1429 1475 1511 λεγομένων

110 1535 163 1604 τὰς
185 1533 374 1616 ἐνδιηκνύσας
396 1538 456 1602 ταῖς
478 1533 632 1616 στοιχείοις
655 1532 674 1614 ἢ
697 1536 756 1600 τοῖς
780 1534 896 1614 σώμασι
916 1532 1061 1612 δυνάμεις.
1106 1529 1263 1594 materiae
1286 1538 1421 1611 vegetae
1444 1539 1477 1598 et

110 1635 237 1703 efficaci
260 1635 464 1702 divinitatem
497 1633 639 1699 tribuere
674 1632 886 1717 physiologos
915 1631 1052 1696 idoneus
1086 1632 1178 1696 testis
1206 1640 1255 1697 est
1284 1634 1477 1702 Aristoteles

110 1739 209 1824 phys.
226 1738 310 1803 1114
332 1759 364 1821 p.
379 1738 461 1802 203δ
477 1738 517 1801 13
541 1735 580 1801 cf.
597 1734 812 1818 Theophrast.
829 1734 870 1800 de
886 1754 970 1800 sens.
994 1735 1014 1817 ξ
1031 1735 1083 1799 42.
1117 1753 1176 1799 nec
1194 1736 1391 1802 Placitorum
1406 1759 1477 1822 pro·

109 1841 198 1907 lecto
222 1842 319 1924 culpa
341 1845 390 1905 est
413 1837 500 1920 quod
523 1844 555 1902 et
578 1837 654 1902 olim
671 1837 784 1902 Cicero
809 1842 841 1901 et
863 1856 966 1919 nuper
980 1835 1136 1902 Boethius
1151 1836 1184 1901 in
1199 1838 1368 1904 ridiculum
1392 1860 1477 1906 erro-

109 1965 181 2010 rem
203 1943 395 2009 inciderunt.
430 1941 471 2006 de
493 1941 712 2023 Anaxagorae
735 1937 887 2021 opinione
911 1946 944 2003 et
965 1939 1073 2005 verbis
1095 1938 1307 2022 ineptiorihus
1322 1962 1478 2026 expressa

110 2057 146 2114 ct
168 2047 251 2112 mira
273 2042 454 2125 stribligine
476 2043 606 2108 detorta
622 2041 687 2125 egit
702 2040 862 2105 Hirzelins
884 2062 916 2123 p.
932 2042 984 2106 97.
1018 2041 1199 2107 Philodemi
1213 2042 1394 2125 fragmento
1409 2045 1478 2111 feli-

109 2151 192 2216 citer
220 2155 349 2215 servato
374 2146 469 2210 unius
492 2165 565 2211 esse
588 2143 753 2209 Ciceronis
782 2144 834 2210 vel
856 2142 1003 2210 fraudem
1027 2146 1079 2210 vel
1102 2144 1283 2210 socordiam
1305 2146 1476 2213 manifesto

109 2258 214 2336 patet.

193 2353 330 2420 Omnino
352 2353 386 2418 in
409 2351 599 2417 Philodamo
623 2355 778 2433 qnantum
800 2348 931 2431 quidem
954 2356 1059 2416 exstet
1081 2349 1159 2414 nihil
1189 2356 1237 2415 est
1259 2351 1352 2416 simili
1376 2354 1478 2418 crimi-

111 2457 240 2522 nationi
265 2455 449 2521 ohnonium.
487 2471 698 2538 quaecunque
720 2451 834 2534 dispici
856 2459 991 2535 possunt
1013 2453 1195 2518 accuratius
1215 2460 1249 2519 et
1271 2457 1479 2539 compositius

112 2559 329 2643 explicantur,
352 2555 534 2623 Stoicorum
557 2555 727 2639 opiniones
749 2551 792 2617 ad
814 2552 967 2618 librorum
990 2562 1213 2640 excerptorum
1236 2557 1380 2623 ordinem
1397 2561 1478 2624 ordi·

110 2668 243 2745 nantur,
266 2661 300 2724 in
322 2659 468 2722 Romano
492 2657 601 2723 omnia
624 2676 742 2738 susque
768 2656 882 2738 deque.
927 2659 1106 2724 cavendum
1135 2665 1185 2724 est
1212 2659 1309 2741 igitur
1338 2683 1380 2728 ne
1409 2662 1478 2728 dili·

110 2770 245 2845 gentem
275 2761 465 2844 scriptorem
495 2761 529 2826 in
555 2759 758 2824 fallaciarum
789 2759 1045 2826 communionem
1074 2761 1256 2844 trahamus,
1288 2765 1476 2847 praesertim

115 2885 191 2930 cum
214 2865 247 2928 in
271 2863 428 2930 Cicerone
450 2870 537 2929 tecta
560 2861 720 2945 quaedam
743 2862 961 2927 calumniandi
983 2863 1066 2928 ratio
1092 2866 1263 2947 polluceat.
1308 2886 1384 2931 nam
1405 2888 1478 2933 cum

114 2965 331 3051 philosophos
345 2966 420 3030 illos
434 2965 494 3031 sub
510 2965 614 3031 Vellei
638 2984 779 3048 persona
801 2964 945 3047 qualibet
968 2966 1130 3046 garriendi
1152 2967 1344 3051 impunitate
1362 2969 1478 3054 obruit,

113 3070 310 3153 Epicuream
333 3068 428 3134 simul
449 3068 615 3134 levitatem
646 3065 818 3132 manifesto
844 3068 993 3150 exemplo
1023 3070 1158 3136 notarit.
1203 3071 1283 3135 illud
1310 3073 1477 3138 consilium

112 3171 255 3253 iniquius
265 3171 425 3237 Velleium
442 3169 680 3235 introducturus
697 3168 857 3252 significat
875 3170 891 3234 I
910 3170 930 3235 8
954 3181 985 3234 18
1008 3183 1069 3235 tum
1091 3175 1221 3237 Velleius
1242 3176 1371 3254 fidenter
1392 3195 1478 3252 sone,

113 3286 146 3337 at
170 3277 269 3338 soleat
289 3277 352 3365 isti,
379 3275 457 3337 otttt
478 3285 540 3336 tam
568 3294 677 3337 cerem
701 3293 792 3355 quom
815 3294 853 3336 ne
880 3276 1023 3339 dithitcre
1050 3279 1157 3358 aliqua
1188 3278 1226 3339 dc
1250 3298 1286 3340 re
1311 3280 1479 3354 videretur,

115 3389 277 3461 tamquam
297 3379 390 3440 modo
414 3398 454 3439 ex
476 3378 604 3440 deorum
619 3378 752 3439 concilio
769 3386 796 3439 et
811 3397 851 3439 ec
871 3378 1003 3459 Epicuri
1022 3382 1238 3443 intermundiis
1259 3382 1482 3445 descendisset:

112 3482 245 3557 Audite,
271 3483 384 3562 inquit,
411 3485 472 3546 etc.
516 3500 555 3545 ac
585 3479 732 3545 similiter
757 3486 872 3562 postea
899 3483 919 3559 ξ
944 3483 998 3546 94:
1033 3492 1065 3546 tu
1095 3486 1162 3564 ipse
1186 3485 1284 3565 poulo
1313 3494 1384 3547 ante
1411 3506 1480 3547 cum

112 3596 274 3667 tamquam
294 3594 435 3646 senatum
454 3584 708 3664 philosophorum
729 3586 893 3660 recitares,
915 3605 1049 3649 summos
1071 3589 1157 3650 viros
1180 3589 1321 3667 desipere
1343 3589 1480 3651 delirare

112 3691 265 3751 meam
292 3708 359 3751 esse
389 3688 525 3749 dicebas.
559 3705 689 3768 ρκοντκνν
716 3690 746 3749 si
773 3707 860 3749 neno
891 3709 997 3751 veram
1022 3692 1101 3752 cidit
1131 3691 1169 3752 de
1196 3700 1313 3752 actura
1342 3691 1479 3766 deorum,

111 3792 284 3854 offendam
306 3800 350 3854 est
372 3811 411 3853 ae
434 3792 521 3853 antia
541 3792 582 3852 sit
604 3792 738 3852 omnino.
784 3808 861 3870 erge
884 3789 1050 3857 Ciceronis
1072 3799 1105 3857 et
1126 3791 1306 3857 Philodemi
1329 3792 1412 3856 ratio
1436 3792 1481 3856 di-

113 3911 226 3958 versa
270 3890 344 3957 hinc
367 3890 516 3957 dubitare
539 3892 624 3957 subit
647 3913 723 3957 num
746 3890 850 3975 ipsum
873 3891 1097 3958 Philodemum
1126 3893 1333 3976 descripserit
1356 3893 1480 3960 Cicero.

116 4015 194 4060 cum
216 3993 377 4060 affirment
393 4012 498 4076 paene
514 4015 636 4078 omnes,
660 3993 785 4059 cantius
800 3993 940 4075 loquitur
956 3993 1200 4061 Schoemannns
1223 3994 1310 4082 ledit.
1325 3999 1347 4061 4
1369 4019 1401 4080 p.
1418 3995 1480 4083 lssl.

110 4117 212 4181 quem
239 4095 441 4180 impugnavit
469 4095 630 4163 Hiraelius
652 4097 686 4179 [l.
703 4116 729 4161 c.
752 4117 783 4179 p.
799 4095 912 4182 [aequ]
946 4096 1169 4163 Philodemum
1191 4099 1261 4164 sine
1284 4099 1369 4164 omni
1392 4099 1482 4164 duhi-

111 4201 241 4266 tatione
270 4197 449 4264 adhibitum
480 4218 552 4265 esse
573 4199 758 4265 arbitratus.
793 4206 825 4264 et
847 4205 935 4264 recte
957 4198 1086 4281 quidem
1110 4201 1295 4286 explicavit,
1317 4222 1373 4266 cnr
1391 4222 1412 4267 a
1431 4202 1481 4267 Ci-

113 4322 236 4368 cerone
251 4299 406 4367 Heracliti
422 4307 455 4366 et
471 4301 604 4368 Persaei
619 4300 790 4385 opiniones
811 4300 950 4367 omissae
966 4309 1085 4367 essent.
1118 4305 1206 4387 apud
1222 4305 1381 4370 Graecum
1396 4306 1481 4371 enim

112 4403 273 4470 Heracliti
304 4402 375 4468 sine
400 4401 498 4467 dubie
529 4411 604 4469 sunt
631 4425 661 4488 p.
679 4405 721 4468 70
743 4421 769 4467 c.
786 4403 823 4466 6⁸
846 4402 927 4469 haee
956 4403 1059 4470 frusta
1087 4407 1127 4476 ὥς
1155 4429 1243 4491 φησιν
1346 4413 1483 4494 κεραυνὸς

112 4505 199 4570 πάντ’
232 4506 352 4578 alacriter
380 4507 429 4569 καὶ
451 4553 459 4568 .
478 4549 511 4567 ··
534 4510 583 4573 acl
610 4509 647 4572 τὰ
677 4507 791 4571 ἐναντία
817 4507 866 4569 τὸν
895 4507 963 4570 teto
994 4507 1066 4571 εἶναι
1098 4509 1186 4572 νύκτα
1216 4510 1327 4595 ἡμέραν
1355 4514 1483 4596 πόλεμον

112 4611 234 4695 εἰρήνην
257 4628 442 4690 ....quae
465 4629 484 4674 e
508 4611 694 4677 coniectura
717 4608 834 4692 partim
857 4610 987 4692 explevi
1008 4610 1117 4676 Herm.
1140 4612 1222 4678 XIII
1244 4614 1274 4697 2,
1297 4614 1336 4679 cf.
1352 4615 1482 4699 Hippol.

112 4710 209 4777 refut.
225 4712 275 4775 IX
293 4711 335 4774 10
357 4731 388 4794 p.
403 4712 477 4795 446,
493 4715 545 4779 23.
569 4714 613 4778 ad
632 4712 771 4796 priorem
787 4719 897 4776 autem
911 4712 1016 4775 locum
1033 4712 1103 4795 ipse
1118 4714 1327 4781 Philodemus
1342 4719 1484 4801 respexit

113 4814 191 4878 dum
207 4812 426 4896 Chrysippum
448 4824 596 4883 recenset
619 4836 650 4898 p.
667 4815 718 4897 81,
738 4814 777 4877 lit
800 4815 847 4876 καί
863 4820 922 4882 τοῖς
933 4814 1119 4899 Ἡρακλείτου
1142 4824 1310 4882 συνοικειῶν
1328 4864 1335 4880 .
1353 4864 1361 4880 .
1379 4864 1386 4879 .
1403 4864 1411 4879 .
1430 4823 1483 4883 κάν

113 4922 155 5002 τῷ
173 4919 284 5002 πρώτῳ
301 4918 354 5000 μὲν
371 4914 425 5002 [se.
442 4916 511 5003 Περὶ
527 4916 653 5004 φύσεως]
669 4918 730 4999 τὴν
748 4914 866 4980 Νύκτα
889 4917 973 4979 θεάν
995 4939 1100 5002 φησιν
1123 4918 1211 4984 εἶναι
1234 4924 1438 5006 πρωτίστην
1453 4923 1483 4985 ἐν
