3442 5588
403 367 447 417 ΠΙ
476 368 668 418 EPIPHANII
687 366 842 418 ADVERS.
861 367 1013 418 HAERES.
1032 368 1073 417 111
1091 364 1116 428 θ,
1129 367 1145 419 θ
1158 368 1209 429 (111
1221 369 1313 430 σν-ιι)
1474 368 1537 432 593

310 537 351 600 δθ
394 533 603 619 Χρύσιππος
625 537 642 599 ό
664 533 772 604 Σολεδς
793 535 900 618 νόμους
921 533 1044 621 ἔγραφεν
1060 535 1094 599 οό
1117 536 1263 619 θεμιτοός.
1297 535 1378 620 ἔλεγε
1399 536 1453 620 γὰρ
1475 538 1534 600 δεῖν
1552 553 1717 602 imum·

226 637 379 721 μίγνυσθαι
400 643 463 708 ταῖς
485 640 610 723 μητράσι
631 638 699 707 τοὺς
719 639 839 715 παῖδας,
867 642 927 707 τοῖς
948 639 982 701 δέ
1002 640 1127 723 πατράσι
1147 640 1198 709 τὰς
1220 639 1390 724 θυγατέρας.
1435 638 1477 709 είς
1502 640 1535 702 δὲ

221 742 259 805 τὰ
279 740 354 804 ἄλλα
376 743 563 825 συνεφώνησε
585 739 699 825 Ζήνωνι
725 740 770 824 τιγῖ
792 736 896 803 Κιτιεῖ.
940 742 1012 825 πρὸς
1038 740 1149 811 τούτοις
1178 742 1211 804 δὲ
1238 740 1319 825 ἔλεγε
1346 741 1394 805 καὶ
1423 740 1535 826 ἀνθρω-

222 844 368 928 ποβορεῖν.
412 840 494 925 ἔλεγε
515 845 548 907 δέ
569 845 603 908 τδ
624 843 706 912 τέλος
727 842 785 904 ταῖν
808 843 922 906 πάντων
944 843 978 905 τδ
1001 844 1152 927 ήδυπαθές
1174 842 1256 907 εἶναι.

194 973 206 1011 ι
310 947 353 1010 4θ
396 945 573 1030 Διογένης
595 944 815 1031 όΒαβυλιόνιος
836 942 918 1028 ἔλεγε
936 945 973 1008 τὰ
989 944 1140 1028 σόμιταντα
1155 946 1343 1010 συνίστασθαι
1365 946 1395 1015 ἐΕ
1417 947 1533 1031 ήδονής.

308 1049 349 1112 41
392 1046 584 1119 Παναίτιος
611 1051 627 1113 ό
652 1046 763 1118 Ῥόδιος
789 1049 839 1112 τδν
865 1048 974 1130 κόσμον
1001 1046 1098 1131 ἔλεγεν
1126 1049 1271 1113 ἀθάνατον
1292 1049 1340 1112 καὶ
1363 1048 1465 1134 ἀγήρω
1487 1049 1536 1112 καὶ

223 1155 277 1236 τῆς
292 1150 427 1233 μαντείας
441 1151 506 1215 κατ’
527 1151 611 1216 οὐδὲν
626 1151 817 1237 ἐπεστρέφετο
832 1152 881 1215 καὶ
896 1151 932 1214 τὰ
946 1151 1010 1236 περὶ
1026 1151 1105 1215 θεῶν
1120 1151 1261 1235 λεγόμενα
1279 1149 1283 1237 i
1299 1150 1411 1236 ἀνήρει.
1452 1150 1533 1234 ἔλεγε
1551 1166 1717 1215 1³·1091A1’et·

225 1254 280 1339 γὰρ
302 1255 454 1338 φλήναφον
474 1253 548 1319 εἶναι
569 1258 619 1320 τδν
641 1255 706 1340 περὶ
728 1254 800 1318 θεοῦ
821 1254 917 1338 λόγον.

308 1359 350 1422 42
394 1355 636 1428 Ποσειδώνιος
662 1355 813 1440 Ἀπαμεὺς
842 1354 923 1440 ἔλεγε
949 1357 982 1419 τδ
1010 1355 1143 1441 μέγιστον
1174 1358 1205 1421 ἐν
1232 1359 1397 1444 ἀνθρώποις
1424 1357 1535 1442 ἀγαθόν

185 1487 211 1525 ιο
227 1458 301 1524 εἶναι
323 1462 447 1523 πλοῦτον
469 1462 517 1523 καὶ
541 1459 648 1543 ὑγείαν.

303 1564 343 1627 43
384 1560 631 1646 Ἀθηνόδωρος
656 1560 786 1647 Ταρσεὺς
814 1563 850 1626 τὰ
877 1560 952 1626 αὐτὰ
978 1561 1146 1649 Χρυσίππῳ
1173 1563 1292 1634 ἐδόξασα
1318 1565 1366 1628 καὶ
1398 1565 1434 1626 τὰ
1461 1563 1536 1627 αὐτὰ

226 1663 341 1749 Ζήνωνι
363 1664 558 1748 ἐδογμάτισεν.

304 1770 346 1834 44
385 1764 588 1852 Ἐπίκουρος
611 1770 627 1832 ό
652 1766 815 1837 Νεοκλέους
836 1767 867 1831 ἐν
892 1764 1028 1853 Ἀθήναις
1060 1770 1177 1856 τραφεὶς
1203 1771 1357 1856 φιλήδονον
1384 1768 1445 1855 βίον
1472 1791 1535 1851 μετ·

224 1870 300 1955 ῆλθε
322 1871 370 1935 καὶ
393 1870 446 1934 οὐκ
468 1871 596 1955 ἠρυθρία
618 1869 724 1954 γυναιξὶ
745 1874 840 1935 συνὼν
856 1872 984 1955 δημοσία
1006 1874 1188 1951 ἀκολάστοις,
1209 1870 1273 1937 καθ’
1302 1870 1447 1957 ἃπριγίην
1469 1871 1534 1955 περὶ

184 2000 209 2040 ιε
227 1973 317 2038 αὐτοῦ
340 1972 470 2057 εἴπομεν.
505 1975 591 2036 πάλιν
619 1972 699 2057 ἔλεγε
722 1974 763 2058 μὴ
787 1970 861 2037 εἶναι
882 1973 980 2053 θεούς,
1002 1974 1066 2039 ἀλλ’
1095 1977 1114 2061 ή
1137 1976 1225 2060 μόνον
1245 1976 1339 2061 τόχην
1360 1976 1476 2038 διοικεῖν
1498 1973 1534 2036 τὰ

225 2078 318 2140 πάντα
344 2076 392 2139 καὶ
424 2077 515 2160 μηδὲν
546 2076 619 2140 εἶναι
647 2077 705 2139 τοῖν
728 2075 822 2161 ἐντῷ
852 2075 908 2162 βίῳ
931 2077 1062 2140 ἑκούσιον
1090 2079 1165 2163 μήτε
1194 2078 1322 2162 μάθησιν
1349 2078 1424 2161 μήτε
1452 2077 1571 2140 ἀπαι-ιι

226 2180 341 2243 δευσίαν
368 2180 443 2263 μήτε
463 2177 536 2242 ἄλλο
559 2179 666 2262 μηδέν,
696 2179 771 2242 ἀλλὰ
797 2179 890 2242 πάντα
916 2180 1040 2244 ἀκούσια
1067 2180 1196 2262 γίνεσθαι
1223 2184 1304 2243 πᾶσι.
1337 2180 1385 2244 καὶ
1414 2179 1448 2243 οὐ
1476 2180 1535 2264 χρὴ

228 2283 322 2367 ψέγειν
338 2283 412 2358 τινά,
435 2283 475 2352 ὥς
490 2303 588 2367 φησιν,
610 2281 680 2345 υόδέ
693 2280 835 2344 ἐπαινεῖν·
859 2279 894 2346 οδ
917 2281 971 2366 γὰρ
992 2282 1106 2351 ἑκόντες
1128 2286 1218 2346 ταῦτα
1240 2283 1420 2368 ὑφίστανται.
1456 2280 1537 2364 ἔλεγε

228 2385 261 2447 δὲ
283 2385 325 2468 μὴ
347 2386 406 2447 δεῖν
428 2384 596 2469 φοβηθῆναι
617 2384 667 2447 τὸν
687 2383 822 2447 θάνατον.
852 2385 1047 2470 διεβεβαιοῦτο
1062 2384 1112 2461 δέ.
1128 2387 1168 2455 ὡς
1182 2383 1240 2470 ήδη
1258 2383 1342 2471 ἔφην,
1364 2385 1412 2449 καὶ
1428 2382 1457 2454 ἐξ
1472 2384 1537 2448 ἀτό·

185 2515 211 2552 ευ
229 2510 291 2570 μων
313 2487 346 2549 τὸ
370 2489 427 2549 πᾶν
447 2487 501 2570 τήν
524 2485 659 2549 σόστασιν
682 2483 762 2570 ἔχειν
784 2487 833 2549 καὶ
855 2487 904 2550 τδν
926 2488 1036 2570 κόσμον
1059 2486 1088 2550 ἐν
1110 2487 1223 2572 ἀπείρῳ
1245 2487 1328 2553 εἶναι.

173 2744 192 2797 4
215 2743 244 2796 τό
271 2740 365 2800 ἀπαθὲς
390 2746 504 2797 Gatakor
526 2747 596 2796 Adv.
623 2749 693 2796 mise.
716 2764 741 2811 p.
763 2744 829 2807 814,
885 2742 943 2797 θιδν
961 2747 1167 2812 Rhedigeranusz
1192 2751 1224 2800 oi.
1242 2747 1399 2816 p.591,1.2
1425 2747 1439 2817 ΙΙ
1466 2749 1481 2800 9
1505 2751 1536 2799 ci.

175 2836 226 2884 nisi
260 2834 452 2898 transponenda
479 2835 531 2884 sint
559 2829 744 2900 ίλεγε-εδνοιι
771 2843 830 2899 post
880 2834 952 2885 Prol-
970 2851 996 2899 ρ.
1010 2833 1061 2885 177
1081 2831 1095 2901 ΙΙ
1117 2835 1148 2887 14
1167 2832 1221 2902 μεθ’
1242 2834 1258 2886 ἃ
1279 2840 1370 2901 vulgo:
1395 2839 1495 2888 correxi
1520 2833 1535 2904 ΙΙ

174 2918 267 2989 ἡδονῆς
293 2916 351 2971 ν.5
379 2921 411 2970 cf.
430 2920 501 2970 Prol.
529 2937 554 2984 p.
572 2918 624 2971 177
648 2916 667 2986 Η
696 2921 712 2972 6
741 2918 829 2988 ἀγήρω
882 2919 915 2973 15
934 2921 978 2973 καὶ
996 2917 1074 2990 μηδδν
1091 2918 1147 2972 κτλ.
1167 2924 1198 2973 ci.
1217 2924 1288 2973 Proi.
1306 2941 1332 2989 ρ.
1345 2923 1396 2976 177

173 3008 304 3071 Scaliger:
335 3003 437 3074 ἀτρήρω
466 3007 525 3057 libri
552 3002 566 3073 ΙΙ
596 3005 612 3058 7
639 3003 707 3058 θεῶν
736 3009 828 3071 vulgo:

230 5096 321 5144 Diels,
340 5095 484 5148 noxogrnphi
502 5095 583 5147 graeei.
