3442 5588
266 330 330 396 604
707 332 844 384 GALENI
864 331 1004 382 HISTOR.
1023 330 1192 383 effisos?

325 504 373 566 καὶ
397 504 549 567 ἰδιαίτατα.
593 507 696 572 κοινῶς
720 504 772 584 μὲν
794 503 847 586 τὴν
870 503 923 564 τινὶ
946 502 1090 585 πράγματι
1112 505 1171 565 τῶν
1194 502 1269 566 κατὰ
1289 503 1338 565 τόν
1361 501 1424 587 βίον
1447 500 1590 582 συγκατά·

319 607 416 682 δεσιν,
446 606 526 676 ἰδίως
553 607 661 689 δὲτὴν
688 607 719 669 ἐν
744 604 851 690 τέχνη,
882 605 1022 669 ἰδιαίτατα
1049 605 1082 668 δὲ
1108 605 1161 688 τὴν
1188 605 1218 669 ἐν
1247 610 1284 688 τῇ
1312 603 1486 688 φιλοσοφία·
1519 599 1586 666 κατ’

320 707 429 771 ἔννοιαν
452 710 485 772 δὲ
506 709 559 792 τὴν
579 710 688 793 αἵρεσιν
710 707 782 771 εἶναι
804 708 971 791 πρόσκλισιν
993 709 1144 791 δογμάτων
1167 711 1284 772 πολλῶν
1299 708 1371 791 πρὸς
1386 706 1501 789 ἄλληλα
1517 725 1587 788 συμ-

318 814 427 894 Ιφώνων
455 811 476 894 ἦ
503 813 575 895 πρὸς
604 810 634 875 ἓν
661 811 743 880 τέλος
771 810 983 895 ἀναφερόντων.
1026 812 1169 895 τέσσαρας
1191 812 1224 875 δὲ
1246 810 1319 875 εἶναι
1340 810 1447 879 ταύτας
1467 832 1586 893 γενικω

315 915 402 982 τάτας
416 914 578 997 νομίζουσιν
593 917 621 977 οἱ
636 916 700 998 περὶ
715 914 825 977 τούτων
847 914 1036 997 διειληφότες,
1060 915 1127 995 μίαν
1150 914 1202 995 μὲν
1224 913 1276 996 τὴν
1298 914 1518 996 δογματικὴν
1533 915 1587 998 τὴν
1604 934 1617 971 s

319 1019 436 1086 πολλοῖς
451 1018 731 1101 συγκατατιθεμένην
746 1017 794 1081 καὶ
810 1015 1024 1101 βεβαιω<τικην,
1046 1015 1193 1099 δευ>τέραν
1209 1016 1309 1099 δὲτὴν
1325 1017 1519 1099 σκεπτικὴν
1533 1017 1586 1100 τὴν

318 1121 382 1203 περὶ
412 1122 525 1184 πάντων
554 1123 719 1206 ζητητικήν.
764 1122 836 1204 πρὸς
862 1120 895 1182 δὲ
917 1119 1027 1189 τούτοις
1048 1118 1121 1182 εἶναι
1142 1117 1239 1203 τρίτην
1261 1119 1313 1202 τὴν
1336 1118 1518 1204 έριστικὴν
1533 1119 1587 1202 τὴν

323 1222 370 1284 διά
398 1225 585 1307 σοφισμάτων
611 1229 691 1288 νικᾶν
718 1225 749 1287 ἐν
775 1227 837 1291 ταῖς
866 1222 1019 1305 ζητήσεσιν
1048 1222 1273 1285 ἐσπουδακυῖαν·
1307 1221 1473 1305 σοφίσματα
1495 1221 1528 1284 δέ
1549 1222 1587 1285 rei

319 1329 437 1388 τοιαῦτα
459 1327 638 1407 νομίζουσιν,
661 1327 721 1390 οἷον
738 1327 826 1410 ‘irrep
848 1324 906 1406 sipi
931 1324 989 1406 ἐγὼ
1013 1323 1066 1386 ούκ
1089 1323 1118 1386 εἴ
1138 1323 1190 1399 σύ,
1212 1322 1367 1407 ἅνθρωπος
1389 1323 1422 1386 δέ
1443 1323 1519 1406 εἰμι,
1548 1324 1584 1387 σύ

319 1427 376 1509 ἀρα
402 1428 455 1490 οὐκ
478 1428 655 1513 άνθρωπος,’
675 1429 724 1493 καὶ
750 1430 817 1498 τοὺς
839 1427 985 1496 τοιούτους
1008 1427 1206 1510 μειρακιώδεις
1228 1427 1330 1508 λόγους
1344 1426 1392 1490 καὶ
1415 1425 1584 1510 ἐριστικούς.
1603 1447 1626 1486 ιο

323 1531 426 1614 μικτὴν
449 1530 474 1594 δ’
502 1533 611 1615 αἵρεσιν
632 1533 840 1617 προσειρήκασι
859 1533 912 1615 τὴν
927 1531 983 1594 τισὶ
1000 1530 1052 1612 μὲν
1068 1529 1190 1612 δόγμασι
1206 1529 1499 1613 συγκατατιθεμὲνην,
1521 1531 1587 1613 περὶ

269 1653 304 1690 ιιι
323 1636 439 1697 πολλῶν
468 1632 494 1697 δ’
522 1636 702 1718 τ’,πορηκυῖαν
734 1635 783 1698 καὶ
813 1636 855 1718 μὴ
885 1635 978 1696 πάντα
1006 1631 1165 1700 διεέιοῡσαν
1197 1632 1467 1717 συγίκαταδετικῶς.
1512 1631 1586 1695 εἶναι

320 1739 353 1800 δὲ
375 1738 564 1819 δογματικοὺς
586 1762 607 1801 rr
629 1762 650 1801 ιι
672 1763 693 1802 ιι
716 1738 869 1818 καὶγτοῖς
888 1733 1086 1818 Ἐπικούρῳ
1109 1733 1338 1819 προορισμένοις,
1360 1734 1531 1803 σκεπτικούς
1554 1735 1587 1796 δὲ

320 1838 467 1923 Ζήνωνα
489 1840 538 1900 τὸν
558 1835 695 1922 Ἐλεάτην
717 1841 765 1902 καί
784 1837 994 1924 Ἀνάξαρχον
1016 1838 1066 1901 τόν
1085 1834 1255 1921 Ἀβδηρίτην
1278 1838 1326 1900 καὶ
1348 1838 1397 1900 τδν
1419 1837 1491 1920 ἄγαν
1506 1838 1587 1920 ἠκρι-

321 1942 446 2027 βωκέναι
476 1943 528 2025 τὴν
559 1941 737 2025 ἀπορητικὴν
768 1940 974 2026 ὑποληφδέντα
1003 1938 1182 2023 Πύρρωνα.
1227 1940 1386 2024 ἐριστικούς
1418 1941 1451 2003 δὲ
1478 1941 1582 2023 κεκλη-
1600 1959 1624 1997 rs

320 2066 403 2109 κασιν
433 2043 632 2127 Εὐκλείδην
661 2046 709 2108 καὶ
741 2042 950 2127 Μενέδημον
980 2043 1028 2106 καὶ
1060 2041 1325 2128 Κλεινόμαχον.
1370 2044 1437 2113 τοὺς
1468 2043 1501 2105 δὲ
1531 2044 1585 2126 τὴν

326 2148 429 2231 μικτὴν
451 2149 561 2231 αἵρεσιν
584 2147 816 2230 μετεληλυδότας
838 2148 979 2232 ὑπάρχειν
1002 2145 1206 2229 Ξενοφάνην
1229 2146 1282 2228 μὲν
1304 2147 1369 2230 περὶ
1383 2148 1499 2210 πάντων
1514 2148 1586 2229 ipru-

326 2251 446 2333 ρηκότα,
469 2250 680 2333 δογματίσαντα
703 2250 735 2312 δὲ
758 2251 845 2331 μόνον
866 2251 900 2314 τὸ
922 2248 995 2313 εἶναι
1017 2251 1111 2312 πάντα
1133 2249 1164 2312 ἓν
1186 2248 1235 2312 καὶ
1256 2252 1342 2313 τοῦτο
1357 2248 1498 2335 ὑπάρχειν
1515 2249 1585 2312 δεδι

321 2348 538 2436 πεπερασμένον
561 2352 676 2433 λογικὸν
698 2352 908 2439 ἀμετάβλητον,
934 2354 984 2416 τὸν
1006 2352 1039 2415 δὲ
1061 2351 1286 2436 Δημόκριτον
1309 2352 1418 2433 ὁμοίως
1444 2353 1510 2436 περὶ
1535 2352 1588 2434 μὲν

320 2462 378 2519 τῶν
400 2455 497 2519 ἄλλων
521 2455 643 2537 μηδενὸς
665 2454 899 2538 ἀποφηνάμενον,
921 2456 952 2518 ἓν
974 2455 1069 2537 δόγμα
1090 2455 1124 2518 δὲ
1145 2454 1374 2518 καταλελοιπύτα
1395 2456 1428 2518 τό
1446 2456 1512 2540 περὶ
1527 2461 1586 2518 τῶν
1605 2473 1629 2512 ιο

323 2560 441 2641 ἀτόμων
464 2558 512 2621 καὶ
535 2561 585 2620 τού
608 2561 692 2619 κενοῦ
715 2556 836 2623 καὶτοῦ
858 2559 987 2642 ἀπείρου.

275 2750 284 2800 1
298 2749 342 2817 μέν
353 2753 403 2806 τοῖς
416 2765 462 2798 τινι
472 2750 509 2799 A:
524 2746 569 2814 μέν
577 2762 624 2797 τινι
634 2746 697 2808 (orn.
707 2749 768 2809 τοῖς)
778 2750 814 2799 B:
825 2766 890 2799 corr.
901 2752 926 2800 D
978 2763 1054 2799 voces
1073 2748 1197 2798 secludes.
1218 2748 1359 2798 afferuntur
1377 2751 1446 2797 enim
1466 2750 1531 2799 haec
1549 2748 1636 2815 ἀριστι-

271 2839 375 2888 conleto
394 2838 465 2889 Sext.
483 2837 558 2900 Emp.
576 2836 668 2900 Pyrrh.
685 2835 785 2889 11116
804 2833 817 2902 ΙΙ
836 2850 926 2903 συγκα-
978 2837 1026 2902 τῆς
1054 2836 1108 2887 ui
1136 2836 1255 2900 exemplu
1279 2832 1293 2901 Ιί
1318 2833 1348 2885 11
1384 2835 1548 2903 προειρηκασι
1572 2838 1594 2886 Β
1623 2832 1636 2902 Η

270 2920 369 2976 τάδεσιν
382 2926 416 2975 B:
436 2920 546 2974 σύνθεσιν
556 2925 581 2973 A
596 2920 609 2990 ΙΙ
625 2921 699 2990 2τὴν
712 2923 737 2973 έν
750 2928 781 2991 τη
795 2922 927 2991 φιλοσοφίᾳ
978 2923 1023 2991 μέν
1042 2939 1092 2973 orn.
1110 2925 1132 2973 B
1152 2919 1165 2987 ΙΙ
1186 2917 1429 2990 συγκατατιθεμίνην
1447 2923 1482 2973 B:
1505 2918 1636 2973 κατατιδε·

270 3013 317 3064 ΒΝ
324 3010 389 3079 :rip
401 3007 652 3080 φιλοσοφίανΑΗοί.
668 3013 710 3061 Ps.
726 3013 783 3065 Gal.
796 3012 846 3060 dei.
860 3011 927 3060 med.
978 3009 1092 3078 μένηνΑ
1114 3007 1126 3075 l!
1149 3008 1180 3060 12
1200 3008 1236 3077 μὴ
1259 3009 1325 3060 κατὰ
1348 3010 1469 3062 πάνταΒ
1493 3007 1507 3077 ΙΙ
1532 3008 1563 3061 13
1583 3007 1636 3077 δογ-

269 3095 698 3166 xlxp.3521(.113rptesipns
717 3099 774 3160 (sic)
793 3099 830 3147 A:
850 3112 925 3164 προσ·
978 3096 1098 3164 ματικοδς
1121 3098 1155 3148 B:
1183 3095 1337 3165 δογματικὴν
1360 3100 1382 3148 A
1410 3094 1422 3164 ii
1449 3099 1637 3149 interciderunt

271 3183 381 3252 κλήκασι
399 3186 433 3235 B:
458 3202 525 3235 corr.
553 3187 574 3236 Ι.
600 3187 762 3237 Camerarius
788 3180 802 3251 ΙΙ
822 3180 925 3252 σύμφω·
978 3188 1088 3236 eliorum
1111 3173 1314 3249 dcgrneticorum
1343 3189 1449 3237 nomine
1474 3182 1488 3250 ii
1513 3183 1558 3235 καὶ
1585 3187 1634 3240 τοῖς

270 3289 312 3324 νον
330 3275 394 3323 AB:
422 3290 487 3323 corr.
507 3275 531 3323 D
558 3270 573 3337 ΙΙ
597 3274 614 3324 4
637 3270 654 3340 ἦ
675 3275 785 3323 Usener:
810 3269 870 3322 εἶναι
888 3273 926 3323 A:
976 3271 1102 3341 ίπικούριρ
1125 3272 1309 3341 προορισμένοις
1328 3276 1365 3324 A:
1390 3272 1434 3323 καὶ
1457 3271 1515 3329 τοὺς
1534 3268 1634 3323 ἐπικαύ-

270 3359 381 3412 ούσανΒ
402 3357 416 3427 Η
437 3358 569 3427 ἀναφέρων
581 3362 620 3410 A:
641 3358 795 3426 ἀναφέροντα
807 3360 842 3410 B:
861 3375 927 3410 corr.
978 3377 1036 3429 ρους
1054 3358 1260 3428 προσορωμένους
1272 3361 1307 3411 B:
1328 3360 1488 3427 deputatione
1507 3374 1570 3410 vcro
1583 3374 1636 3410 me

271 3450 332 3499 Aid.
344 3451 409 3499 Ven.
423 3444 492 3499 1525
512 3444 526 3512 ΙΙ
545 3455 606 3497 ente
618 3444 739 3514 τέσσαρας
749 3449 928 3512 superscripsit
978 3450 1115 3516 epicureos
1127 3448 1161 3498 N.
1180 3449 1242 3510 quid
1260 3448 1341 3498 subsit
1358 3444 1474 3514 nesciui!
1492 3447 1523 3500 15
1536 3460 1635 3498 σκεπτι-

270 3537 292 3586 Β
313 3534 387 3586 πόσαι
405 3532 508 3602 αἱρέσεις
526 3523 541 3601 β
564 3536 596 3584 cf.
612 3550 690 3600 supra
706 3536 740 3584 ud
757 3551 781 3599 ρ.
798 3531 897 3597 toste
912 3529 926 3600 ΙΙ
977 3536 1037 3594 κοδς
1048 3534 1080 3603 δη
1093 3539 1118 3586 A
1133 3531 1146 3602 ii
1160 3531 1338 3602 ἀποληφθέντα
1350 3538 1389 3586 A:
1403 3531 1588 3603 ἀπολειφθέντα
1600 3535 1634 3585 B:

271 3621 332 3674 εἶναι
350 3618 443 3679 ταύτας
460 3622 497 3672 B:
522 3619 581 3672 ιίσλν
603 3619 626 3671 οἱ
648 3619 693 3678 τὰς
711 3625 736 3671 A
757 3617 770 3687 ΙΙ
796 3619 853 3673 5οἱ
873 3621 927 3689 περὶ
978 3640 1043 3674 corr.
1061 3625 1087 3673 D
1108 3618 1121 3690 ΙΙ
1143 3623 1175 3676 16
1194 3620 1333 3690 μενέδημον
1354 3623 1389 3674 B:
1417 3620 1553 3690 μινίδημον
1576 3625 1601 3672 A
1621 3619 1634 3686 ΙΙ

270 3706 368 3761 τούτων
386 3706 537 3777 διειληφότες
555 3711 664 3772 onii,
686 3710 806 3759 cancellis
824 3725 926 3773 seepsc-
977 3708 1143 3778 κλειτόμαγον
1161 3711 1198 3761 B:
1221 3707 1395 3778 κλυτόμαγονε
1419 3727 1485 3761 corr.
1505 3712 1634 3775 Gomperz

272 3808 312 3849 rut
330 3801 355 3849 D
375 3800 419 3862 qui
439 3812 496 3846 cum
516 3797 633 3846 Usenero
655 3795 776 3865 τέσσαρας
793 3794 820 3848 δέ
838 3795 927 3848 ἐκεῖνοι
978 3801 1010 3850 ei.
1042 3799 1162 3850 Nietsche
1195 3800 1263 3849 Mus
1291 3800 1341 3850 Rh.
1362 3800 1440 3850 XXV
1467 3795 1518 3849 222
1546 3793 1563 3863 ll
1591 3795 1636 3864 τὴν

271 3885 358 3951 τάςγ.
372 3888 509 3950 scripserat
528 3878 542 3950 ΙΙ
566 3881 690 3935 τούτουΒ
712 3882 769 3951 ii
745 3900 792 3951 την
810 3884 928 3951 ρουιμὶν
979 3884 1071 3954 μικτην
1082 3886 1132 3936 AB
1150 3894 1179 3934 ut
1196 3888 1265 3936 coni
1277 3886 1316 3936 D:
1335 3894 1413 3936 antes
1430 3882 1497 3936 κατὰ
1514 3881 1608 3951 μικτὴν
1622 3879 1635 3950 ΙΙ

273 3990 324 4023 om.
342 3973 365 4022 B
390 3968 405 4040 Η
433 3972 448 4025 6
472 3967 671 4038 κατατιθεμένην
689 3972 752 4022 AB:
777 3988 843 4023 corr.
862 3975 927 4025 Use·
1340 4005 1355 4038 τ

273 4077 319 4111 ner
338 4061 449 4111 conlutis
467 4059 542 4111 Sexti
560 4061 654 4125 Pyrrh.
673 4061 707 4111 Η.
725 4061 831 4126 iocisp.
849 4059 926 4122 5‚;25
982 4062 1013 4114 17
1036 4058 1171 4129 Εενοφάνην
1199 4061 1234 4112 Β.
1263 4056 1367 4127 irrepet
1389 4060 1413 4109 A
1442 4054 1457 4124 ΙΙ
1482 4057 1552 4126 παρὰ
1574 4060 1595 4109 Β
1621 4055 1634 4124 ΙΙ

271 4145 353 4208 0,15;
378 4145 515 4208 21,10.23
534 4148 616 4198 Beirk.
637 4150 669 4199 cf.
688 4150 755 4198 iufra
774 4143 927 4213 ν.11.12ίΙ
979 4147 1127 4218 ηπορηκότα
1151 4152 1188 4199 Ar
1214 4146 1354 4215 ηπορηκότι
1375 4147 1398 4197 Β
1420 4142 1433 4211 ΙΙ
1465 4145 1498 4196 18
1521 4144 1637 4213 δογματί·

271 4231 431 4303 βεβαιοτέραν
454 4233 480 4286 δέ
503 4234 550 4302 την
574 4237 611 4286 B:
636 4233 795 4303 βεβαιοτέραν
816 4234 863 4302 τὴν
886 4237 928 4285 A:
980 4251 1056 4289 σαντα
1075 4231 1385 4288 cr.sen.1’.r1.1225
1405 4229 1419 4299 ΙΙ
1443 4230 1472 4284 τὸ
1490 4231 1551 4284 εἶναι
1569 4230 1637 4285 Βιδ

270 4332 439 4373 correxerunt
462 4325 487 4372 D
516 4331 542 4372 et
564 4324 664 4374 Usener
688 4320 702 4390 ΙΙ
727 4324 742 4375 7
765 4323 851 4391 τρίτην
869 4322 929 4373 εἶναι
978 4324 1038 4377 εἶναι
1066 4327 1090 4375 A
1120 4321 1134 4391 Η
1163 4323 1197 4376 20
1216 4320 1330 4388 ἔνδειγμα
1349 4321 1411 4370 AB:
1434 4336 1518 4370 ιιτιυοκ
1544 4320 1638 4387 dopna

269 4410 292 4460 B
326 4405 339 4477 ΙΙ
369 4408 494 4479 έριστικὴν
522 4411 546 4458 A
574 4412 606 4460 cf.
633 4428 659 4474 p.
678 4409 739 4474 601,
754 4410 786 4463 8:
819 4424 927 4478 σοφιστι-
978 4415 1003 4464 N
1036 4415 1068 4464 ci.
1096 4414 1166 4464 Prol.
1191 4428 1216 4476 p.
1232 4408 1297 4464 236:
1327 4418 1478 4459 correxerat
1499 4409 1601 4460 Usener
1622 4404 1636 4476 ΙΙ

270 4497 320 4565 κἠν
342 4499 390 4550 BN
415 4495 429 4563 γΙ
454 4499 471 4551 8
492 4501 546 4555 ταῖς
573 4496 703 4565 ζητήσεσιν
726 4501 787 4550 BN:
810 4502 864 4555 ταῖς
889 4516 925 4550 νι-
1129 4532 1145 4564 α

270 4583 373 4652 κίγσισιν
399 4587 422 4636 A
453 4586 521 4635 unde
550 4588 602 4640 τοῖς
630 4582 732 4635 νιίκεσιν
756 4587 888 4649 legebatur
911 4582 926 4653 ΙΙ
977 4583 1130 4637 καταλέλοιπ
1148 4587 1185 4637 A:
1210 4582 1415 4637 καταλελοιπέναι
1432 4585 1469 4635 B:
1491 4601 1558 4636 corr.
1576 4586 1601 4635 D
1621 4580 1635 4650 ΙΙ

270 4671 303 4722 τά
329 4681 388 4736 post
410 4668 476 4723 δδΒ
501 4681 529 4722 ut
553 4673 717 4736 suppleverat
735 4674 773 4724 D:
793 4689 843 4724 om.
867 4677 891 4724 A
912 4671 925 4739 Η
977 4678 1030 4726 τῶν
1053 4675 1145 4725 om.B
1171 4670 1185 4739 il
1208 4671 1239 4724 21
1266 4683 1324 4738 post
1346 4672 1449 4741 ἀπείρου
1471 4682 1592 4725 secuntur
1611 4675 1636 4723 in

271 4760 287 4812 9
307 4759 446 4826 νομίζουσιν
472 4761 546 4813 ΑΒΝ
552 4779 559 4810 ι
583 4757 743 4825 ὀνομάζουσιν
761 4761 785 4810 D
806 4772 834 4812 ut
851 4763 926 4812 simui
976 4761 1068 4830 Βπερλ
1081 4760 1213 4830 αἱρέσεωςι
1227 4759 1315 4828 eripi
1327 4756 1637 4828 αἵρεσιν-ἀναφερόντων

271 4844 407 4914 ἐριστικοὺς
441 4848 476 4908 (r.
504 4845 547 4910 10)
581 4849 735 4900 defendetur
769 4846 783 4916 ΙΙ
820 4849 852 4902 10
884 4848 927 4899 καὶ
978 4851 1037 4901 ride
1056 4850 1090 4900 ud
1109 4867 1133 4915 p.
1147 4847 1207 4911 603,
1217 4846 1251 4898 22

272 4944 331 4989 ente
359 4933 494 5004 ἐριστικούς
522 4938 624 4987 inclusit
650 4938 689 4989 D:
717 4939 811 4988 rectius
840 4936 927 4986 ambus
