3442 5588
564 346 772 419 ιζιυτκιιουι
789 345 971 400 ετιιοιιεν.
985 345 1009 399 ο.
1023 348 1049 400 e.
1062 345 1086 398 ι.
1099 344 1154 399 εν
1478 343 1539 409 581

174 519 286 601 γένεσιν
313 517 347 581 di
368 523 427 581 τῶν
450 515 518 580 καθ’
547 515 691 601 ὑπόληψιν
718 517 811 602 ψευδῆ
840 514 1001 579 δοκούντων
1024 512 1107 590 εἶναι,
1130 516 1178 578 κα1
1200 517 1252 587 τάς
1273 515 1426 601 αἰσθήσεις
1448 515 1492 578 ἐκ-

176 621 276 706 βάλλει
298 620 332 683 ἐκ
354 624 407 705 τῆς
429 618 579 702 ἀληθείας.
624 619 695 705 φησί
719 618 762 697 δέ,
784 618 828 683 ὅτι
850 615 926 681 εἴτι
954 617 1033 703 παρὰ
1054 619 1087 681 τὸ
1111 617 1143 681 όν
1167 619 1308 705 ὑπάρχει,
1330 622 1416 683 τοῦτο
1438 615 1492 682 οὐκ

176 721 254 787 ἐστιν
278 720 326 785 όν·
357 724 391 785 τὸ
414 721 447 785 δέ
469 721 511 805 μή
535 721 566 786 ἀν
590 721 620 785 έν
642 725 702 792 τοῖς
725 722 803 791 ὅλοις
825 718 879 785 οὐκ
901 716 988 784 ἐστιν.
1033 719 1126 790 οθτως
1155 719 1205 785 οὖν
1234 722 1267 786 τὸ
1295 722 1327 786 ὃν
1354 720 1492 804 ἀγένητον

175 825 347 889 ἀπολείπει·
368 824 446 908 λέγει
468 823 502 887 δέ
522 826 576 909 τήν
597 829 650 909 γῆν
673 825 724 887 τοῦ
746 825 855 887 πυκνοῦ
877 822 1084 908 καταρρυέντος
1106 823 1192 909 ἀέρος
1212 823 1366 907 γεγονέναι.

262 929 283 992 θ
326 924 448 1012 Ζήνων
475 926 508 990 δέ
531 925 704 1010 όἘλεάτης
725 922 797 988 ίθιον
820 922 873 1006 μέν
895 923 980 988 οὐδέν
1006 923 1137 1004 ἐξέθετο,
1165 925 1343 1011 διηπόρησεν
1368 926 1401 991 δέ
1427 926 1524 1010 περὶι

173 1031 285 1094 τούτων
307 1030 354 1094 έπὶ
376 1032 484 1092 πλεῖον.

261 1135 280 1198 7
322 1131 545 1216 Δημόκριτος
574 1132 591 1196 ό
615 1128 786 1217 Ἀβδηρίτης
812 1128 995 1215 ὑπεστήσατο
1025 1131 1059 1192 τό
1087 1133 1145 1192 πᾶν
1167 1127 1285 1214 ἄπειρον
1309 1129 1357 1193 διὰ
1379 1131 1413 1192 τό
1440 1153 1492 1214 ρη-

175 1236 278 1316 δαμῶς
303 1234 360 1299 όπό
384 1257 460 1304 τινος
481 1233 554 1297 αὐτὸ
575 1232 850 1318 δεδημιουργῆαθαι.
894 1229 937 1295 ἐτι
959 1233 993 1296 δέ
1014 1233 1062 1297 καὶ
1084 1233 1284 1317 ἀμετάβλητον
1310 1229 1381 1295 αὐτὸ
1404 1233 1491 1317 λέγει.

178 1339 227 1400 καὶ
253 1338 383 1402 καθόλου
407 1338 467 1401 οἷον
483 1340 540 1400 πᾶν
555 1336 642 1411 ἐστιν,
665 1337 761 1421 ῥητῶς
783 1334 941 1399 ἐκτίθεται·
966 1335 1109 1419 μηδεμίαν
1128 1334 1224 1420 ἀρχὴν
1240 1330 1320 1418 ἔχειν
1335 1334 1386 1403 τάς
1400 1334 1493 1403 αέτίας

175 1446 235 1504 τῶν
264 1445 314 1504 νῦν
341 1439 531 1523 γιγνομένων,
561 1437 676 1502 ἀνωθεν
702 1435 727 1500 δ’
755 1438 832 1506 όλως
857 1435 887 1506 ἐξ
914 1436 1035 1522 ἀπείρου
1060 1437 1169 1522 χρόνου
1194 1435 1430 1521 προκατέχεσθαι
1452 1442 1489 1519 τή
1509 1457 1532 1496 ιο

176 1545 293 1626 ἀνάγκη
316 1540 405 1605 πάνθ’
426 1543 528 1610 ἁπλῶς
549 1540 585 1602 τὰ
607 1538 744 1622 γεγονότα
758 1540 807 1603 καὶ
822 1539 908 1604 ἐόντα
922 1539 971 1603 καὶ
986 1538 1123 1621 ἐσόμενα.
1158 1538 1243 1622 ήλίου
1258 1538 1354 1601 δὲκαὶ
1370 1541 1493 1622 σελήνης

175 1646 289 1728 γένεσίν
312 1666 415 1729 φησιν·
439 1641 502 1707 κατ’
531 1642 604 1704 ίδίαν
626 1641 768 1726 φέρεσθαι
791 1645 882 1706 ταῦτα
905 1640 1029 1725 μηδέπω
1050 1641 1084 1703 τὸ
1106 1642 1242 1725 παράπαν
1258 1638 1365 1725 έχοντα
1380 1641 1492 1725 θερμὴν

177 1749 263 1834 φύσιν
287 1747 364 1830 μηδὲ
387 1746 444 1829 μὴν
467 1744 597 1809 καθόλου
624 1744 829 1830 λαμπρότητα,
858 1742 1021 1807 τούναντίον
1052 1745 1086 1808 δέ
1113 1741 1336 1827 έΕωμοιωμένην
1361 1747 1399 1825 τῇ
1424 1744 1490 1827 περὶ

175 1851 228 1934 τήν
252 1855 304 1933 γῆν
326 1849 421 1933 φύσει.
467 1846 613 1930 γεγονίναι
633 1848 689 1930 γάρ
711 1847 846 1932 ἑκάτερον
869 1847 978 1910 τούτων
1001 1847 1139 1932 πρότερον
1165 1843 1209 1910 έτι
1235 1842 1300 1908 κατ’
1329 1844 1402 1908 ίδίαν
1425 1847 1493 1909 ὑπο

176 1953 266 2037 βολήν
296 1974 358 2014 τινα
380 1949 508 2032 κόσμου,
541 1949 658 2034 ὕστερον
680 1949 714 2012 δέ
735 1947 1019 2033 μεγεθοποιουμένου
1046 1952 1098 2012 τοῦ
1120 1948 1186 2032 περὶ
1207 1948 1257 2010 τὸν
1279 1947 1361 2032 ήλιον
1384 1948 1492 2012 κύκλου
1510 1968 1534 2006 ιι

175 2053 416 2138 ἐναποληφθῆναι
439 2051 470 2114 ἐν
492 2051 573 2136 αὐτῷ
595 2052 629 2114 τὸ
651 2056 719 2135 πῦρ.

263 2158 283 2221 8
324 2152 526 2238 Ἐπίκουρος
559 2152 722 2224 Νεοκλέους
739 2151 895 2238 Ἀθηναῖος
916 2156 966 2218 τὸν
988 2155 1054 2238 περὶ
1076 2153 1154 2218 θεῶν
1176 2155 1266 2237 τῦφον
1288 2157 1421 2238 πειρᾶται
1444 2177 1493 2217 κα-

175 2257 350 2322 ταστέλλειν.
387 2256 463 2320 ἀλλά
486 2256 534 2318 καὶ
548 2255 648 2334 οὐθέν,
669 2256 768 2341 φησίν,
790 2256 913 2339 γίγνεται
935 2257 968 2321 ἐκ
989 2261 1041 2320 τοῦ
1065 2257 1107 2339 μὴ
1129 2253 1221 2332 ὄντος,
1244 2255 1343 2320 ὅτιτὸ
1365 2261 1423 2321 πᾶν
1446 2257 1492 2320 ἀεὶ

175 2366 305 2425 τοιοῦτον
329 2359 365 2445 ήν
388 2361 437 2423 καὶ
459 2356 539 2422 ἔσται
561 2362 702 2436 τοιοῦτον,
729 2359 773 2424 ότι
795 2358 879 2423 οὐδέν
901 2359 979 2428 ξένον
1000 2359 1031 2425 ἐν
1053 2364 1096 2444 τῷ
1118 2358 1202 2422 παντὶ
1217 2359 1399 2423 ἀποτελεῖται
1413 2359 1493 2444 παρὰ

175 2465 226 2527 τόν
248 2463 307 2547 ήδη
330 2460 517 2545 γεγενημένον
539 2461 644 2546 χρόνον
666 2461 794 2546 ἀπειρον,
815 2463 860 2528 ὅτι
882 2467 939 2527 πᾶν
963 2464 1023 2528 ἐστι
1045 2466 1133 2544 σῶμα
1155 2461 1203 2525 καί
1226 2462 1261 2527 οὐ
1282 2463 1369 2544 μόνον
1385 2461 1489 2544 ἀμετιί·
1507 2480 1532 2519 κν

175 2568 295 2651 βλητον,
318 2564 393 2628 ἀλλά
417 2565 465 2627 καὶ
487 2561 615 2647 ἄπειρον.
659 2564 702 2629 ὅτι
724 2565 806 2635 τέλος
827 2569 886 2630 τῶν
908 2566 1030 2650 ἀγαθῶν
1053 2567 1157 2650 ἡδονή.

263 2671 284 2733 θ
324 2665 548 2750 Ἀρίστιππος
570 2668 587 2730 ό
610 2662 774 2751 Κυρηναῖος
795 2667 878 2740 τέλος
899 2670 1020 2753 ἀγαθῶν
1043 2668 1097 2752 τήν
1118 2667 1241 2751 ήδονήν,
1263 2672 1362 2731 κακῶν
1384 2669 1417 2732 δέ
1439 2669 1491 2752 τήν

178 3055 239 3110 lte
259 3060 280 3119 (ἐ
300 3064 326 3111 in
345 3061 394 3121 iit.)
412 3062 437 3111 A
458 3056 472 3126 ΙΙ
492 3063 544 3110 τῶν
570 3063 624 3122 (eod
642 3079 657 3111 τ
675 3079 708 3114 m.
728 3063 789 3125 sec.)
809 3065 833 3114 A
885 3060 976 3115 1⁴801
986 3060 1003 3124 ¹,
1024 3063 1067 3114 ubi
1087 3063 1168 3113 odda
1187 3077 1253 3126 queo
1275 3071 1366 3112 ooutro
1381 3061 1541 3128 Leucippum

177 3155 204 3196 et
222 3148 259 3196 li:
279 3145 325 3213 τὴν
343 3150 382 3199 D:
402 3165 453 3198 om.
472 3148 548 3199 CFG.
576 3150 607 3198 et.
626 3150 757 3215 Theophr.
777 3149 833 3203 ίι.6
884 3147 930 3213 [oi.
947 3152 1020 3202 Prol.
1044 3167 1070 3215 ρ.
1087 3146 1148 3214 143]
1176 3150 1216 3200 vol
1244 3149 1420 3199 Democritum
1450 3152 1543 3214 opinor

177 3231 271 3297 piot,
285 3234 314 3284 ll
330 3234 396 3285 κατὰ
408 3231 481 3293 δόξαν
493 3232 519 3285 δέ
532 3239 584 3285 τῶν
596 3233 697 3287 πολλῶν
709 3236 743 3294 τίς
754 3234 783 3287 τὸ
794 3236 834 3304 γέ·
886 3239 999 3303 disputet
1016 3237 1145 3303 Epicurus
1174 3237 1271 3288 Laertii
1289 3237 1316 3288 X
1333 3232 1367 3286 90
1386 3230 1400 3301 ΙΙ
1424 3234 1456 3285 τά
1478 3231 1539 3303 παρ’

176 3334 240 3370 νισιν
260 3319 393 3372 ἀποδοῦναι
411 3327 463 3372 τῶν
482 3321 638 3389 φαινομένων
657 3320 671 3389 ΙΙ
691 3322 707 3375 2
726 3321 764 3375 ότι
782 3341 833 3376 om.
886 3321 952 3374 ἅπαν
971 3325 1010 3375 Ηι
1029 3323 1177 3391 τοπαράπαν
1194 3338 1245 3374 eoo.
1262 3322 1284 3373 Β
1304 3329 1330 3372 et
1348 3323 1371 3372 11
1392 3317 1406 3389 ΙΙ
1430 3319 1460 3372 13
1479 3319 1541 3389 λαμ-

178 3409 228 3458 ΔΗ
249 3404 263 3474 ΙΙ
277 3406 375 3460 τίτιΔ
396 3405 409 3474 ΙΙ
429 3407 445 3460 3
464 3405 532 3460 οὕτω
550 3408 834 3479 οιυ.οὖν11βρθντέν
886 3412 1096 3479 umore-elihu:
1116 3411 1217 3461 correxi
1238 3404 1252 3475 ΙΙ
1272 3404 1542 3478 ἐξομοιομίνηνΕιέΕ

176 3495 296 3564 ἀγένητον
313 3498 364 3546 AH
385 3498 397 3559 il
417 3495 546 3566 ἀγένητον
563 3498 598 3548 B:
621 3497 754 3567 ἀγίννητον
772 3500 796 3550 D
817 3494 831 3567 ΙΙ
885 3495 1044 3567 όμοιωμίνην
1069 3499 1094 3548 D
1121 3491 1136 3563 ΙΙ
1165 3496 1197 3548 lt
1219 3495 1343 3562 γεγονέναι
1370 3498 1432 3548 AB:
1458 3495 1543 3564 γίγανι

177 3581 203 3635 tt
223 3582 244 3645 (i
263 3587 289 3635 iu
309 3584 397 3644 lituro)
415 3586 441 3635 A
461 3581 476 3651 11
494 3585 512 3637 4
530 3588 625 3635 πυκνοῦ
643 3585 687 3636 καί
706 3586 728 3637 Ο
748 3582 762 3652 ΙΙ
782 3584 834 3641 5.6
884 3586 1005 3639 BCDFG
1024 3582 1038 3653 ΙΙ
1059 3601 1106 3652 pro
1118 3581 1292 3651 θπιρβολήνθ·
1313 3579 1326 3649 ΙΙ
1346 3580 1474 3651 ὑποβολήν
1488 3600 1543 3634 τινα

178 3689 229 3723 om.
249 3673 271 3723 B
291 3668 305 3738 ΙΙ
325 3671 434 3740 ζηνωνος
452 3674 479 3723 in
498 3688 561 3737 τινες.
580 3675 605 3724 A
627 3668 639 3739 11
660 3669 685 3723 ἀί
705 3689 755 3725 om.
774 3675 797 3725 11
818 3669 833 3740 ΙΙ
886 3673 982 3740 κόσμου
992 3677 1084 3741 repetit
1092 3689 1125 3725 ex
1138 3691 1163 3723 ν.
1173 3668 1205 3723 tt
1217 3667 1367 3740 φίρισθαιΒ
1382 3669 1396 3738 ii
1411 3671 1442 3724 16
1455 3669 1542 3723 ἐναπο-

178 3756 270 3827 ίλέτης
289 3760 344 3820 (eod
363 3775 397 3809 m.
416 3774 466 3809 eoo.
485 3776 498 3810 ι
515 3760 651 3826 eupereor.)
669 3762 709 3811 A:
733 3759 835 3829 ἐνίατης
886 3757 1014 3830 ληφθῆναι
1036 3762 1062 3830 (η
1082 3764 1108 3813 iu
1127 3760 1175 3822 lit.)
1194 3762 1232 3811 A:
1256 3754 1465 3827 ἐναποληφθῆναι
1481 3758 1542 3811 BE:
1660 3809 1665 3817 ,

178 3847 200 3898 C
221 3845 234 3910 11
257 3840 331 3896 netto
349 3841 421 3897 ἔθετο
439 3848 460 3898 C
481 3845 495 3913 ΙΙ
515 3849 531 3900 6
550 3844 625 3898 πλέον
642 3849 757 3900 Diodori
778 3841 791 3913 ΙΙ
818 3847 834 3900 'i
887 3848 913 3901 ἐν
932 3844 1113 3917 ἀπολειφθῆναι
1131 3848 1165 3900 0:
1185 3841 1393 3914 ἐναπολιιφθῆναι
1418 3849 1449 3910 (ει
1466 3864 1500 3900 ex
1515 3848 1542 3916 η)

180 3931 334 4003 θημοκρίτου
346 3937 373 3984 iu
386 3951 448 3999 mrg.
462 3938 486 3986 A
506 3933 519 4002 ΙΙ
535 3933 764 3996 memmi:
782 3932 835 3987 oti
886 3935 940 4004 1111
958 3936 989 3989 17
1004 3932 1137 4004 ἐπικούρου
1154 3930 1284 3991 νιοκλίους
1303 3929 1422 4003 ἀθηναῖος
1439 3937 1466 3985 iu
1479 3950 1543 4000 πυτς.

177 4024 202 4073 11
219 4016 233 4089 ΙΙ
247 4018 381 4089 αθθηρίτης
395 4022 442 4072 CD
456 4031 482 4073 et
493 4040 527 4075 m.
539 4039 591 4075 eoo.
605 4024 626 4074 Β
644 4019 658 4090 ΙΙ
673 4020 762 4075 θαὺτὸ
773 4032 834 4075 κατε
887 4026 925 4075 Δι
944 4019 1076 4090 ἐπικαίρου
1094 4020 1122 4074 in
1141 4038 1205 4087 mrg.
1218 4021 1248 4074 C.
1267 4020 1298 4072 de
1317 4020 1347 4085 ἐξ
1357 4019 1410 4074 8.9
1428 4023 1458 4073 εί.
1472 4023 1542 4074 Ptol.

177 4107 227 4160 θπέ
250 4125 314 4165 τινος
338 4113 424 4174 posuit
446 4111 471 4160 D
501 4105 515 4176 ΙΙ
544 4105 770 4179 θεθημιουργιῑσθαι
797 4111 834 4162 E:
886 4128 911 4176 p.
925 4108 976 4163 158
1000 4105 1014 4176 ΙΙ
1039 4110 1118 4177 τῦφον
1140 4126 1172 4162 m.
1192 4126 1243 4160 eoo.
1268 4126 1301 4161 ox
1323 4105 1401 4177 τίιφον
1424 4125 1489 4161 oorr.
1507 4110 1542 4161 B:

179 4191 405 4265 ἐιόημιουργῆσθαι
430 4198 448 4258 (ι
471 4212 508 4248 e»
529 4213 545 4264 η
571 4198 648 4258 corr.)
669 4200 694 4249 D
718 4192 733 4263 ΙΙ
759 4195 833 4247 ίτι-
885 4193 963 4265 τθφον
982 4197 1030 4250 CI)
1056 4193 1070 4264 ΙΙ
1097 4196 1129 4250 18
1147 4192 1222 4248 υθθίν
1239 4211 1313 4265 φησιν
1326 4200 1366 4249 A:
1390 4192 1465 4248 οίιθίν
1482 4210 1544 4266 φησι

178 4279 304 4335 ἐκτίθεται
318 4299 369 4334 om.
383 4285 405 4335 F
419 4279 433 4349 Η
447 4282 621 4351 ἀμιτάιιλητον
639 4287 661 4336 Ε
682 4281 696 4354 ΙΙ
717 4283 733 4338 9
752 4284 833 4336 καὶ-
886 4286 947 4337 BE:
961 4282 1033 4336 οθάίν
1045 4297 1105 4353 φησι
1118 4283 1233 4345 CDOEG)
1255 4281 1268 4351 ΙΙ
1287 4285 1393 4353 γίγνιται
1403 4289 1439 4337 A:
1452 4285 1544 4352 γίνιται

543 4405 558 4438 τ
887 4372 1053 4435 econio)
1073 4370 1087 4438 ΙΙ
1106 4368 1135 4422 τὸ
1148 4380 1207 4422 onte
1222 4374 1272 4422 πᾶν
1290 4388 1340 4424 om.
1354 4376 1379 4425 A
1400 4369 1413 4441 Η
1434 4372 1469 4426 19
1487 4369 1544 4424 etot

178 4453 373 4510 inordinatum.
392 4455 444 4522 ΒΗ
458 4452 600 4510 ἐκτίθεσθαι
619 4461 641 4510 E
662 4455 676 4524 ΙΙ
699 4458 731 4512 10
749 4475 836 4527 γιγνω-
888 4460 935 4512 OD
958 4456 971 4527 11
991 4455 1147 4511 ἀποτελεῖται
1165 4457 1245 4528 ἐντῷ
1264 4459 1337 4511 παντὶ
1354 4462 1377 4512 11
1396 4456 1458 4528 1120
1476 4476 1543 4528 γεγε·

178 4544 263 4612 μίνων
275 4545 297 4597 C
311 4540 325 4610 ΙΙ
344 4545 371 4596 11
387 4544 431 4595 καὶ
448 4543 519 4596 ἐόντα
536 4527 692 4600 1111111111οι
712 4563 762 4598 om.
776 4548 836 4600 An.
861 4570 867 4576 ·
888 4547 1004 4616 νημίνων
1021 4550 1044 4600 Ε
1066 4543 1080 4615 ΙΙ
1100 4543 1133 4599 21
1153 4555 1213 4598 outo
1230 4543 1307 4616 ήθονή
1326 4548 1470 4600 addiderim
1482 4547 1499 4616 ἡ
1512 4550 1543 4600 εί.

178 4635 282 4685 eeneii
294 4634 484 4686 Democriteum
496 4636 605 4685 formum
619 4637 650 4685 oi.
661 4635 695 4685 od
705 4634 837 4699 Theophr.
889 4653 914 4687 ν.
925 4634 941 4689 9
953 4636 1049 4687 Eueob.
1062 4638 1093 4688 P.
1107 4636 1138 4686 11.
1149 4634 1214 4687 XIV
1224 4631 1258 4686 20
1267 4642 1291 4683 to
1303 4633 1386 4698 [Prot.
1400 4652 1424 4701 p.
1437 4632 1515 4699 158²]
1528 4631 1543 4702 ΙΙ

178 4722 211 4773 fr.
231 4721 263 4772 de
282 4735 348 4772 eone.
367 4736 392 4784 p.
405 4719 465 4782 515,
479 4722 503 4774 6.
523 4720 581 4783 517,
598 4722 626 4773 11
648 4717 838 4788 ε11εε11ήλίαυ
889 4719 926 4775 θθ
949 4721 1097 4792 αριστίππου
1121 4725 1148 4774 in
1171 4738 1235 4787 πυτς.
1258 4724 1284 4773 A
1306 4717 1321 4790 ΙΙ
1346 4725 1435 4773 κακῶν
1453 4719 1480 4772 ti
1497 4719 1544 4791 τήν

179 4825 208 4860 τε
232 4809 299 4861 cito
325 4803 340 4873 ΙΙ
369 4806 400 4859 12
419 4805 526 4876 μηδέπω
549 4822 583 4859 σε.
609 4806 679 4858 initio
704 4809 736 4860 os.
755 4809 839 4860 Zeller
891 4805 940 4870 (ἐπ
958 4825 991 4861 m.
1010 4824 1060 4861 eoo.
1079 4812 1106 4862 iu
1124 4809 1173 4870 lie)
1193 4810 1218 4860 A
