3442 5588
598 357 698 406 annu
717 355 991 406 rnac.1v101-a
1414 353 1476 418 399

240 421 1224 513 pnorlrrcn‘fllfflffssfflrlca
1239 460 1297 511 151
1313 457 1372 521 [43]
1386 469 1395 504 1

150 597 178 660 “ι.
216 595 328 660 Πόσαι
351 596 440 661 εἰσίν
463 598 500 660 αί
523 597 721 681 αἰσθήσεις.
917 598 1030 665 Πόσαι
1060 599 1152 662 εἰσίν
1185 598 1220 661 αἱ
1250 596 1377 680 αἰσθή-

1020 722 1102 770 σεις.
1135 712 1160 760 Ι)
1191 708 1266 762 1128.

195 834 232 901 Οἱ
265 835 419 898 Στωικοὶ
456 836 541 899 πέντε
576 838 628 907 τὰς
660 837 800 907 εἰδικὰςῙ
864 834 901 900 Οἱ
934 837 1090 901 Στωικοὶ
1127 837 1211 901 πέντε
1244 837 1295 906 τὰς
1328 835 1436 902 εἰδικὰς

152 937 319 1021 αἰσθήσεις,
361 937 461 1021 ὅρασιν
497 939 589 1023 ἀκοὴν
627 939 767 1025 ὄσφρησιν
820 936 990 1022 αἰσθήσεις,
1028 940 1127 1024 ὅρασιν
1164 940 1256 1022 ἀκοὴν
1294 937 1434 1021 ὄσφρησιν

152 1044 247 1122 γεῦσιν
269 1041 357 1125 ἁφήν.
818 1044 913 1121 γεῦσιν
936 1042 1024 1127 ἁφήν.
1454 1059 1466 1095 ο

129 1163 142 1200 ι
192 1140 442 1227 Ἀριστοτέλης
462 1144 547 1227 έκτην
564 1145 616 1226 μέν
632 1145 666 1208 οὐ
682 1145 768 1228 λέγει,
788 1152 803 1204 l
863 1141 1107 1229 Ἀριστοτέλης
1129 1144 1216 1227 ἕκτην
1231 1145 1282 1226 μὲν
1298 1144 1332 1207 οὐ
1348 1142 1435 1224 λέγει,

153 1246 250 1329 κοινὴν
273 1246 306 1308 δὲ
328 1243 464 1328 αίσθησιν
481 1249 533 1330 τὴν
548 1252 607 1309 τῶν
623 1248 769 1311 συνθέτων
822 1247 920 1328 κοινὴν
942 1247 976 1310 δὲ
997 1246 1132 1330 αἴσθησιν
1155 1251 1213 1310 τῶν
1229 1246 1375 1310 συνθέτων
1399 1243 1436 1306 εἰ·

153 1349 239 1411 εἰδῶν
262 1349 403 1433 κριτικήν,
425 1348 465 1418 εἰς
486 1350 521 1433 ἣν
537 1355 628 1415 πᾶσαι
644 1353 769 1438 συρβάλ-
821 1348 879 1410 δῶν
902 1352 1046 1434 κριτικήν,
1076 1350 1117 1419 εἰς
1139 1351 1174 1432 ἣν
1197 1353 1288 1414 πᾶσαι
1310 1349 1436 1433 συμβαλ-

152 1453 249 1514 λοοσιν
280 1451 310 1513 αἱ
346 1451 438 1514 ἁπλαῖ
468 1452 520 1520 τὰς
553 1451 626 1523 ἰδίας
660 1455 768 1538 ἑκάστη
820 1452 917 1514 λουσιν
950 1453 981 1515 αἱ
1015 1453 1108 1515 ἁπλαῖ
1140 1452 1192 1521 τὰς
1223 1452 1296 1521 ἰδίας
1326 1453 1434 1533 ἑκάστη

153 1552 322 1637 φαντασίας·
346 1554 376 1619 έν
399 1553 420 1636 ᾖ
444 1555 477 1615 τὸ
501 1556 690 1640 μεταβατικὸν
712 1554 763 1640 ἀφ’
819 1553 986 1637 φαντασίας·
1010 1554 1040 1617 έν
1063 1552 1084 1636 ᾗ
1107 1555 1141 1617 τὸ
1163 1554 1352 1637 μεταβατικὸν
1374 1550 1425 1636 ἀφ’
1444 1570 1468 1609 1⁰

120 1673 143 1710 1⁰
156 1654 255 1739 ἑτέρου
283 1656 354 1739 πρὸς
382 1655 478 1739 ἕτερον
509 1657 595 1720 οίονεί
617 1658 769 1742 σχήματος
820 1656 920 1740 έτέροο
943 1657 1015 1740 πρὸς
1039 1656 1154 1739 ἕτερον,
1176 1657 1262 1719 οἱονεὶ
1285 1657 1437 1740 σχήματος

154 1757 202 1820 καί
222 1759 365 1842 κινήσεως
387 1753 565 1844 [δείκνυταιί.
820 1759 868 1821 καί
891 1759 1041 1842 κινήσεως.

783 1866 799 1918 3
860 1859 1075 1945 ῒἈτιελλῆς
1096 1861 1213 1931 πλείους
1234 1861 1385 1947 αἰσθήσεις
1399 1858 1437 1922 εί·

817 1987 873 2041 ναι,
895 1966 960 2049 περὶ
985 1964 1023 2028 τὰ
1044 1962 1134 2046 ἄλογα
1157 1967 1284 2049 ζῷα...
1306 1961 1350 2048 (l)

195 2064 417 2149 Δημόκριτος
440 2066 555 2135 πλείους
577 2063 804 2150 είναιαίσθή·4
865 2064 1090 2150 Δημόκριτος
1126 2065 1242 2136 πλείους
1278 2064 1351 2129 εἶναι
1377 2065 1420 2129 αἰ·
1445 2084 1468 2122 ιι

155 2187 231 2240 σεις,
263 2167 327 2251 περί
354 2169 391 2231 τὰ
417 2168 508 2250 ἄλογα
538 2171 602 2252 ζῷα
629 2169 677 2231 καί
704 2168 768 2252 περὶ
821 2167 957 2252 σθήσεις,
995 2169 1059 2252 περί
1092 2167 1129 2230 τὰ
1165 2167 1257 2250 ἄλογα
1292 2172 1355 2253 ζῷα
1386 2167 1435 2231 καί

155 2269 221 2338 τοὺς
244 2270 352 2353 σοφοὺς
375 2271 423 2334 καὶ
446 2271 510 2354 περὶ
534 2270 600 2339 τοὺς
622 2270 718 2339 θεούς.
820 2271 884 2354 περὶ
928 2271 996 2339 τοὺς
1037 2271 1144 2353 σοφοὺς
1181 2271 1230 2334 καί
1268 2270 1333 2354 napi
1369 2270 1436 2339 τοὺς

820 2372 916 2441 θεοίις.

786 2485 802 2539 5
862 2473 1091 2558 Δημόκριτος
1127 2475 1242 2544 πλείους
1280 2475 1332 2556 μὲν
1364 2472 1436 2537 εἶναι

818 2577 870 2646 τὰς
891 2576 1043 2661 αἰσθήσεις
1065 2582 1124 2640 τῶν
1147 2576 1314 2659 αἰσθητῶν,
1335 2576 1380 2660 τιγῖ
1402 2576 1471 2638 δέει

819 2680 860 2762 μὴ
872 2678 895 2760 †
906 2680 1083 2762 ἀναλογίζειν
1104 2681 1141 2743 τὰ
1162 2679 1291 2761 αἰσθητὰ
1305 2683 1348 2764 τῷ
1366 2679 1436 2761 πλη-

819 2781 865 2843 θει
888 2781 1051 2845 λανθάνειν.

785 2898 801 2949 6
863 2880 901 2947 (lt
923 2883 957 2946 δὲ
978 2882 1067 2947 ἄλλοι
1084 2884 1233 2969 παρίσους.

148 3106 162 3157 1
182 3104 208 3156 al
226 3123 276 3156 om.
294 3108 317 3156 B
339 3102 352 3171 ll
373 3105 432 3157 εἰσὶν
449 3115 509 3171 post
527 3103 651 3174 αἰσθήσεις
670 3110 694 3157 Δ
717 3106 769 3156 ind.
859 3106 870 3155 l
891 3107 1020 3156 Stobaeue
1032 3106 1046 3170 ξ
1057 3104 1073 3156 2
1085 3108 1207 3167 servavit,
1220 3115 1305 3156 oetam
1316 3115 1480 3158 accesserunt
1561 3136 1564 3141 -

147 3192 164 3244 ⁴2
183 3191 276 3249 εἰδικὰς
294 3195 355 3243 AB:
376 3190 453 3248 ἰδικάς
472 3193 493 3242 C
821 3210 853 3244 ex
872 3195 894 3244 Ι.
912 3195 990 3245 Dam-
1009 3192 1046 3258 [p.
1059 3190 1120 3255 237,
1137 3191 1224 3245 7-15
1249 3192 1310 3255 233,
1327 3192 1444 3258 20—25]
1464 3190 1477 3260 ΙΙ

150 3281 178 3332 11
200 3279 323 3331 δείκνυται
351 3297 367 3331 a
394 3280 533 3332 Plutarcho
564 3281 703 3343 proiectum
739 3278 770 3327 ci·
821 3277 935 3336 θίὃικὰς
954 3281 992 3329 D:
1018 3296 1081 3330 corr.
1103 3281 1224 3331 hleinelre
1247 3276 1263 3347 ΙΙ
1287 3277 1395 3332 θέτταν
1413 3282 1478 3331 AD:

109 3369 184 3420 Stob.
821 3384 886 3417 corr.
906 3369 1010 3418 Heeren
1030 3362 1044 3434 ΙΙ
1064 3367 1079 3418 'l
1099 3365 1231 3434 κοινὴν-
1247 3367 1369 3436 κινήσεως
1387 3372 1479 3419 iterum

147 3456 179 3506 14
201 3454 292 3523 σοφοὺς
310 3455 353 3505 καὶ
372 3454 426 3522 περὶ
445 3453 502 3510 τοὺς
519 3449 590 3509 θεοὺς
609 3453 669 3502 AB:
696 3449 768 3507 θεοθς
820 3463 846 3504 ot
856 3457 956 3519 plenius
967 3456 1070 3519 quidem
1084 3462 1232 3519 excerptum
1247 3464 1285 3503 ost
1296 3456 1336 3504 IV
1348 3454 1365 3504 8
1378 3465 1398 3517 ο,
1410 3456 1478 3506 unde

110 3542 154 3592 καὶ
173 3539 263 3611 σοφοὺς
282 3545 303 3593 C
822 3542 889 3591 huno
908 3543 992 3591 locum
1011 3545 1093 3592 inrito
1114 3544 1238 3606 scriptore
1257 3539 1301 3603 [ei.
1315 3541 1397 3607 Plut]
1419 3559 1478 3606 sup-

820 3630 900 3694 plevit
910 3630 1011 3678 Hoeren
1024 3625 1036 3696 ll
1053 3627 1083 3679 13
1103 3625 1195 3696 πελλῆς
1209 3627 1304 3694 [prima
1328 3630 1479 3679 rubricatori

819 3715 926 3779 relicta]
949 3716 987 3764 D:
1016 3731 1107 3766 vereor
1133 3731 1166 3766 ne
1188 3710 1307 3784 Ἀπελλῆς
1336 3714 1391 3767 κτλ.
1412 3716 1478 3767 nihil

818 3806 851 3853 sit
869 3805 917 3853 nisi
935 3796 1104 3871 Ἀριστοτέλης
1125 3804 1218 3853 lemma
1235 3819 1321 3855 errore
1335 3806 1477 3870 praefixum

818 3893 976 3954 insequentis
989 3891 1143 3956 paragraphi
1157 3890 1175 3942 4
1192 3893 1285 3941 iterato
1298 3894 1381 3957 primo
1393 3894 1478 3942 verani

818 3979 860 4039 (ei.
874 3979 907 4028 ad
919 3994 945 4043 p.
955 3974 1072 4039 wib-22)
1092 3991 1151 4027 nam
1161 3975 1191 4041 ἕξ
1201 3976 1254 4030 3.5
1270 3979 1383 4030 alienum
1399 3980 1425 4028 in
1439 3980 1478 4028 lo·

818 4083 876 4117 cum
885 4082 918 4116 ex
928 4063 1107 4130 pastinando
1117 4072 1176 4128 post
1187 4061 1203 4114 2
1214 4065 1266 4116 et4
1276 4067 1377 4116 delatae
1389 4074 1450 4116 sunt
1460 4059 1474 4132 ΙΙ

822 4154 853 4207 16
876 4151 932 4221 περὶ
955 4160 983 4203 ut
999 4152 1039 4202 IV
1052 4150 1067 4203 'l
1081 4160 1101 4214 ³,
1126 4151 1157 4200 ei.
1181 4154 1291 4219 Dionys.
1311 4156 1343 4205 ‹le
1363 4169 1478 4219 compos.

819 4241 890 4292 verb.
912 4239 943 4292 18
966 4235 1074 4307 τοσαίιτη
1100 4237 1155 4306 περὶ
1178 4235 1253 4290 αὐτὸν
1271 4238 1303 4310 ἦν
1322 4236 1478 4309 ἀναισθησία.

819 4345 923 4378 sensum
942 4329 1042 4378 Zellero
1061 4325 1087 4389 [1
1099 4324 1196 4390 ⁴817⁵]
1224 4330 1317 4378 reatina
1340 4328 1478 4393 explieavit

820 4415 927 4465 Krische
955 4432 980 4480 p.
996 4413 1046 4465 154
1065 4415 1096 4464 ef.
1116 4429 1137 4463 c.
1153 4412 1208 4464 llo
1228 4411 1242 4482 Η
1271 4413 1303 4466 21
1327 4411 1477 4482 ἀναλογίζτιν

819 4505 959 4552 insolenter
977 4503 1063 4552 activa
1084 4501 1175 4563 forma,
1194 4517 1256 4566 ergo
1275 4497 1402 4567 ἀναλογεῖν
1414 4503 1477 4551 acri·

820 4590 932 4640 handum
959 4597 1037 4650 esset,
1064 4590 1086 4638 si
1113 4598 1198 4640 eatena
1221 4589 1300 4655 plana
1321 4597 1414 4641 essent.
1446 4590 1477 4639 ai.

819 4678 902 4726 Zeller
920 4673 1030 4727 1⁴817⁴
1052 4677 1173 4740 intellego
1192 4676 1268 4727 haec:
1294 4691 1417 4728 εσαεειιιοι
1435 4674 1477 4742 as-

812 4760 941 4827 seclionea
950 4761 1040 4827 plures
1052 4771 1114 4814 ruat
1127 4764 1268 4832 perceptio,
1288 4763 1335 4815 aad
1348 4779 1406 4815 αιαι
1412 4776 1477 4829 per·

819 4857 896 4916 cepta
908 4848 1073 4901 multitudini
1087 4850 1280 4917 (affectionum)
1293 4866 1348 4902 nen
1365 4864 1476 4914 reapon-

819 4934 908 4996 deam,
927 4934 991 4988 ι’ἰίαε
1009 4953 1064 4988 noa
1082 4952 1170 4989 omnen
1189 4935 1389 5004 αᾶριιοιαιαίιιι·
