3464 5586
270 305 331 369 118
479 306 544 355 VIII
580 306 629 354 DE
648 301 905 354 THEOPHRASTI
924 301 1161 352 PHYSICORUM
1181 299 1416 352 OPINIONIBUS

271 474 450 558 descripsit.
484 493 560 539 nam
582 480 711 557 praeter
733 469 796 539 hoc
813 471 867 555 qui
883 472 916 536 δέ
927 470 1008 536 illud
1022 469 1232 538 memorabile
1248 465 1391 534 omiserit
1405 467 1482 532 novi
1497 469 1632 534 nullum.

271 576 474 659 concinitque
500 574 744 660 subscriptionis
772 594 877 641 annus
904 595 975 640 cum
1002 575 1073 658 ipso
1100 593 1164 656 quo
1188 570 1381 637 Oamotiana
1407 569 1535 655 prodiit
1579 571 1633 636 Al-

142 725 146 732 ·
271 679 349 745 dina
377 686 486 746 autem
515 680 666 764 exempla
694 698 760 744 non
787 677 888 744 semel
913 676 1063 742 manibus
1091 681 1203 741 vetere
1230 693 1321 740 more
1342 671 1539 758 transcripta
1560 694 1634 741 esse

271 789 408 848 constat.

356 884 561 969 Exemplaris
585 904 742 951 summam
771 882 1008 966 corruptionem
1036 879 1106 946 iure
1132 878 1327 963 querebatur
1353 877 1512 944 librarius.
1556 899 1632 945 nam

271 987 412 1052 Aldina
434 985 631 1073 [Aristotelis
653 987 717 1053 vol.
733 985 788 1050 VI.
810 984 923 1050 Venet.
947 984 1083 1049 MDLII.
1107 990 1167 1049 oet.
1191 1004 1222 1066 p.
1238 977 1431 1067 483-511],
1454 1001 1552 1064 quam
1573 980 1635 1047 Ga

272 1090 388 1155 metius
411 1089 549 1174 curavit,
577 1096 611 1154 ut
633 1088 716 1173 dixi,
746 1085 886 1171 pessime
912 1086 1000 1171 typis
1022 1092 1072 1153 est
1094 1103 1258 1169 expressa.
1303 1082 1390 1167 quod
1411 1083 1572 1149 intellexit
1592 1085 1632 1150 H.

273 1191 497 1276 Stephanus
520 1212 592 1257 curn
614 1192 730 1258 iterum
753 1188 898 1255 editurus
915 1194 1002 1254 esset
1024 1186 1218 1275 [Aristotelis
1232 1194 1265 1252 et
1280 1185 1497 1271 Theophrasti
1513 1185 1635 1271 scripta

273 1294 431 1377 quaedam
455 1314 496 1360 ex
520 1295 571 1359 off.
588 1295 629 1359 H.
645 1291 803 1376 Stephani
818 1310 872 1356 an.
888 1291 929 1355 M.
943 1293 983 1356 D.
1000 1292 1088 1356 LVII
1110 1313 1139 1376 p.
1157 1287 1295 1377 17-46]
1318 1287 1635 1372 Laurentianumque

272 1397 315 1461 ad
344 1397 581 1462 emendandum
612 1394 831 1461 adhibendum
863 1393 1025 1459 censebat.
1071 1394 1128 1460 sed
1155 1413 1233 1459 casu
1264 1391 1438 1475 impeditus
1465 1391 1635 1474 quominus

272 1498 460 1582 inspiceret,
486 1505 554 1563 tum
581 1518 652 1563 cunr
679 1496 790 1562 ederet
815 1494 880 1560 otio
910 1495 1082 1562 destitutus
1104 1497 1192 1562 lento
1214 1494 1365 1560 bracchio
1393 1494 1459 1578 egit
1486 1514 1554 1560 rem
1577 1492 1635 1559 dif-

273 1601 454 1666 ficillimam.
487 1620 570 1683 quae
596 1600 631 1664 in
656 1607 842 1664 transcursu
862 1598 1027 1664 emendari
1048 1603 1198 1683 poterant
1218 1602 1470 1663 consentaneum
1492 1604 1636 1663 osteum

272 1703 483 1788 praestitisse.
518 1703 620 1766 multo
643 1703 737 1786 plura
759 1699 916 1766 debemus
932 1700 1148 1785 Theophrasti
1164 1699 1351 1784 sospitatori
1372 1700 1398 1765 Ι.
1422 1698 1461 1766 G.
1479 1698 1635 1766 Schnei·
1689 1764 1698 1779 ,

273 1806 364 1872 dero
387 1804 560 1892 [Theophr.
578 1826 652 1888 opp.
676 1802 910 1890 1818-1821[‚
933 1803 987 1887 qui
1003 1824 1076 1869 eum
1091 1802 1253 1868 Brandisii
1275 1810 1469 1887 apparatum
1484 1802 1636 1870 absoluta

273 1928 332 1974 sua
354 1910 497 1975 editione
519 1913 658 1973 nanetus
673 1914 760 1973 esset
773 1907 897 1973 iteratis
912 1906 996 1972 curis
1011 1907 1054 1971 ad
1069 1906 1312 1973 vexatissimum
1326 1904 1407 1972 illud
1421 1906 1635 1990 fragmentum

274 2012 377 2078 rediit.
401 2011 566 2095 scriptoris
587 2010 689 2077 verba
708 2009 840 2076 exhibet
855 2010 918 2075 vol.
931 2010 1139 2093 1647-685,
1162 2029 1256 2075 curas
1271 2009 1431 2076 secundas
1442 2010 1474 2074 11
1486 2011 1635 2094 sslssflitle

275 2113 715 2196 CamotianaeVossianique
737 2112 928 2179 varietatem
942 2112 988 2177 IV
1002 2113 1065 2176 515
1077 2133 1157 2197 sqq.‚
1180 2114 1327 2179 conlatos
1349 2132 1370 2178 a
1391 2111 1561 2179 Brandisio
1585 2134 1636 2180 co

274 2218 364 2283 dices
387 2218 415 2282 V
439 2219 498 2281 141
512 2236 580 2299 sqq.
616 2215 814 2281 Schneidero
842 2214 953 2280 nititur
979 2214 1226 2299 Philippson,
1259 2215 1348 2280 cuius
1383 2217 1438 2297 ὕλη
1464 2216 1634 2300 ἀνθρωπίνη

275 2318 429 2406 [Berolini
455 2315 548 2404 1831]
571 2337 689 2400 graeca
710 2317 754 2383 ad
775 2318 942 2384 libidinem
965 2337 1079 2403 saepe,
1107 2318 1268 2384 interdum
1295 2318 1455 2400 sagaciter
1479 2325 1635 2402 correcta,

274 2419 526 2505 discrepantiam
553 2419 730 2485 editionum
757 2421 967 2504 codicemque
999 2419 1304 2504 Schneiderianam,
1337 2418 1439 2484 latina
1465 2418 1637 2487 infeliciter

273 2526 463 2610 plerumque
479 2542 645 2607 expressa,
667 2523 807 2606 denique
829 2523 995 2590 uberiores
1017 2522 1265 2589 commentarios
1288 2520 1439 2588 continet.
1473 2522 1638 2588 Democri·

274 2634 361 2692 team
388 2625 476 2708 apud
497 2624 756 2708 Theophrastum
779 2624 958 2691 doctrinam
980 2625 1157 2709 attigerunt
1184 2623 1425 2692 Burchardus
1448 2621 1637 2710 [Democriti

275 2727 502 2813 philosophiae
530 2728 572 2793 de
601 2727 748 2793 sensibus
773 2727 956 2811 fragmenta
984 2725 1217 2814 blind.1830[‚
1249 2727 1556 2810 Papenoordtius
1583 2724 1637 2813 [de

274 2830 483 2896 atomicorum
509 2829 657 2895 doctrina
684 2850 770 2914 spec.
792 2831 809 2895 I
830 2830 903 2896 Ber.
925 2829 1020 2918 1832]
1053 2830 1338 2898 Heimsoethius
1372 2828 1559 2916 [Democriti
1593 2830 1636 2896 de

274 2933 382 2998 anima
396 2932 544 2999 doctrina
565 2933 668 2998 Bonn.
687 2932 782 3022 1835]
804 2933 1038 2999 Mullaohius
1061 2933 1251 3016 [Democriti
1273 2932 1387 3014 fragm.
1404 2931 1509 2997 Berol.
1527 2933 1636 3018 1843],

273 3039 442 3100 sestertios
469 3047 603 3099 ceteram
628 3037 882 3117 pbilosophorum
907 3057 1091 3118 graecorum
1116 3039 1154 3100 de
1181 3041 1263 3117 οὶιιι,
1291 3038 1403 3099 lumine
1430 3045 1457 3098 et
1480 3037 1636 3101 coloribus

275 3136 502 3220 Theophrasto
531 3157 631 3222 saepe
659 3138 820 3222 explicato
843 3138 974 3221 collegit
995 3139 1033 3205 Ε.
1055 3140 1095 3204 Η.
1118 3160 1183 3204 von
1206 3138 1449 3204 Baumhauer
1470 3139 1569 3220 [Trai.
1591 3139 1636 3204 ad

275 3240 334 3304 Rh.
360 3240 465 3321 18431.
500 3238 788 3306 Schneiderianam
817 3240 1034 3323 Theophrasti
1066 3242 1194 3325 excepit
1216 3240 1408 3308 Wimmeri
1437 3240 1536 3307 editio
1563 3240 1636 3329 [Tb.

276 3363 375 3426 opera
402 3363 442 3407 ex
469 3361 597 3424 recogn.
628 3341 784 3407 Trideriei
811 3342 1227 3430 Wimmer.I—IIILips.
1253 3343 1474 3432 1854.1862[.
1519 3344 1635 3428 quiin

274 3445 462 3527 fragmentis
485 3444 692 3510 recensendis
714 3443 933 3510 infelicissime
954 3453 1103 3512 versatus
1126 3454 1184 3513 est.
1218 3446 1306 3531 piget
1333 3466 1523 3513 enumerare
1551 3467 1637 3530 quae

275 3567 345 3612 cum
373 3547 405 3610 in
434 3546 549 3612 ceteris
576 3553 644 3612 tum
669 3546 702 3611 in
729 3546 911 3630 fragmento
941 3547 982 3613 ‹le
1005 3549 1154 3613 sensibus
1176 3557 1232 3615 aut
1254 3571 1312 3634 per
1335 3548 1516 3614 socordiam
1541 3551 1548 3583 ¹
1578 3558 1636 3616 aut

274 3668 333 3732 per
361 3647 522 3713 inscitiam
552 3648 740 3732 corruperit.
779 3655 925 3733 praestat
958 3652 1220 3718 emendationum
1250 3650 1375 3717 utilium
1402 3649 1558 3734 quidquid
1590 3651 1635 3716 ad

275 3752 482 3835 desperatum
504 3750 649 3816 libellum
670 3751 804 3817 contulit
827 3757 919 3834 grato
942 3752 1051 3816 animo
1067 3773 1246 3819 recensere.
1282 3753 1410 3819 omnino
1434 3759 1542 3817 tamen
1563 3752 1635 3817 cavi

274 3874 316 3919 ne
338 3853 503 3918 hominum
527 3851 754 3936 philosophiae
777 3854 966 3937 plerumque
987 3854 1173 3937 peritiorum
1197 3874 1293 3937 quam
1308 3853 1388 3919 artis
1403 3854 1636 3935 grammaticae

274 3956 447 4021 temeraria
467 3955 703 4039 complementa
719 3955 771 4019 vei
786 3962 968 4020 commenta
983 3956 1200 4022 adscriberem
1216 3955 1332 4021 omnia.
1367 3954 1465 4019 etiam
1481 3955 1636 4038 pauciora

275 4058 412 4141 seligere
434 4078 501 4125 non
524 4057 675 4122 voluntas
697 4077 757 4122 nos
779 4057 836 4122 sed
858 4056 1061 4140 deploranda
1082 4057 1255 4141 fragmenti
1277 4057 1423 4123 condicio
1447 4056 1558 4123 vetuit.

348 4258 678 4267 ..ψῂ-

348 4385 353 4415 ¹
372 4401 466 4437 moneo
486 4401 518 4437 ne
537 4388 594 4449 quis
608 4386 634 4434 in
648 4399 761 4434 errorem
772 4384 897 4445 trabatur,
917 4385 981 4435 haec
999 4400 1015 4433 ιι
1033 4387 1174 4435 Wimmero
1188 4386 1354 4449 neglegenter
1369 4395 1466 4436 munta
1478 4395 1523 4435 aut
1541 4389 1638 4437 omissa

274 4475 358 4537 esse§
375 4474 527 4523 laetodorus
547 4469 665 4538 [traditur
683 4472 812 4535 ποιοῦσιν],
832 4472 846 4536 ξ
861 4473 892 4525 16
910 4469 977 4529 ὅλως
990 4489 1049 4533 om,
1069 4469 1129 4535 §26
1149 4469 1174 4521 δὲ
1193 4480 1251 4536 post
1272 4469 1331 4540 ὁρᾶν
1350 4473 1443 4537 om.‚⁴§
1457 4471 1489 4524 27
1514 4472 1559 4538 μὲν
1578 4485 1638 4539 post

273 4557 381 4628 [latebat
395 4578 454 4622 om,
467 4557 525 4622 §34
538 4553 632 4623 μᾶλλον
645 4568 703 4622 post
716 4557 788 4626 ζῴων
801 4576 861 4622 om„
880 4559 894 4623 ξ
906 4559 938 4613 63
951 4555 1092 4627 αἰσθήσεων
1105 4575 1151 4621 pro
1165 4554 1301 4626 αἰσθητῶν,
1320 4560 1334 4624 ξ
1345 4560 1378 4613 90
1391 4560 1436 4628 μὲν
1450 4570 1509 4611 ante
1523 4560 1635 4629 ἀπορροή

274 4666 325 4698 om.
338 4663 440 4696 caussas
454 4645 568 4694 mutandi
581 4661 629 4694 nec
642 4646 742 4695 addidit
753 4662 800 4695 nec
812 4648 886 4698 facile
899 4651 955 4713 quis
969 4649 1109 4711 intellegat.
1139 4662 1206 4708 quae
1225 4649 1341 4697 consulto
1361 4651 1514 4713 peccaverit,
1534 4651 1634 4699 omisa.

273 4735 318 4783 sed
337 4734 395 4783 ride
414 4734 559 4797 speciminis
578 4747 615 4796 gr.
634 4730 693 4794 §51
714 4733 779 4782 baec
798 4749 891 4796 graeca
913 4736 1060 4785 Wimmeri:
1088 4730 1213 4799 ἀπορροὴν
1232 4736 1342 4785 ποιοῦντι
1366 4734 1487 4798 [traditur
1504 4733 1634 4799 ποιοῦντα]

273 4818 297 4870 τί
313 4816 350 4868 δεῖ
365 4816 410 4883 τὴν
424 4815 582 4868 ἀποτὸπωοιν
598 4821 681 4868 ποιεῖν.
699 4820 833 4869 Mullaebii
847 4822 939 4871 librum
952 4839 1005 4872 non
1019 4825 1140 4887 inspexit,
1159 4837 1217 4871 aero
1228 4822 1404 4887 Philippsonls
1423 4826 1454 4874 cf.
1468 4825 1540 4875 Ptol.
1551 4837 1634 4874 xxxi.

273 4909 347 4955 aliter
365 4907 486 4970 plurimas
505 4922 557 4954 non
576 4921 593 4955 a
610 4921 637 4954 se
656 4909 738 4970 primo
758 4910 917 4971 excogitatas
937 4909 1043 4960 vidisset
1060 4909 1262 4960 emendationes.
