3464 5586
659 333 934 385 uuonnecrouua
1406 338 1466 401 217

104 501 207 570 τθιους
228 500 385 564 damnari
407 501 454 563 aod
478 498 555 586 (περὶ
575 499 707 586 obeam
729 509 889 585 apparent
913 501 956 589 [v.
972 503 1113 586 Spengel
1135 498 1294 588 Philolog.
1311 508 1469 591 supplem.

105 603 138 668 11
153 599 240 689 532J,
262 600 352 668 aliud
366 601 628 686 gravissimorum
644 602 833 687 scriptorum
850 605 995 672 crebram
1010 626 1141 673 morere
1155 608 1359 675 mentionem.
1388 609 1469 676 illud

105 704 140 770 in
168 703 335 771 Ciceronis
358 710 501 771 aetatem
533 704 687 788 quadrat,
719 704 772 787 qui
796 707 990 773 Aristotelem
1014 720 1141 791 praetor
1167 712 1332 775 admodum
1351 732 1471 793 poocos

105 810 297 892 pbilosophis
325 811 468 891 ignorari
495 805 573 872 dicit
595 804 671 892 [top.
694 796 718 872 1'
733 805 781 894 3l,
805 808 866 874 hoc
888 810 921 876 in
943 811 1122 895 proximam
1145 820 1301 898 aetatem,
1329 815 1384 880 ubi
1411 836 1469 899 per

106 910 285 977 Andronici
308 909 453 976 scholam
469 908 646 993 stagiritae
670 909 791 993 scripta
807 911 953 995 diligenti
968 912 1235 997 interpretatione
1250 915 1283 980 in
1299 916 1471 984 severioris

107 1013 302 1098 disciplinae
325 1012 436 1079 orbem
457 1012 616 1078 introduci
641 1019 758 1096 coepta
780 1020 881 1080 erant.
926 1021 1127 1080 vetustorum
1155 1017 1252 1099 igitur
1274 1019 1471 1084 Placitorum

108 1115 302 1201 explicaturi
323 1113 411 1180 haud
434 1114 545 1181 dubito
561 1114 639 1197 quin
661 1135 701 1181 ea
717 1115 900 1182 Aristotelis
915 1116 1047 1182 decreta
1062 1117 1277 1186 adscribenda
1293 1122 1367 1207 sint,
1387 1143 1470 1205 quae

108 1239 174 1286 non
185 1239 226 1285 ex
238 1224 391 1284 accurata
406 1216 508 1301 ipsius
523 1217 680 1301 doctrina,
700 1217 759 1284 sed
775 1239 816 1284 ex
830 1219 1044 1285 recentiorum
1056 1220 1344 1304 Peripateticorum
1360 1226 1472 1290 schola

108 1328 242 1406 recepta
262 1319 446 1404 rideantur,
471 1318 559 1403 quod
579 1338 683 1401 genus
704 1319 799 1386 Arius
821 1321 888 1387 fere
918 1327 950 1386 et
973 1321 1087 1387 (licere
1110 1324 1266 1392 adbibere
1289 1329 1395 1393 solent
1418 1327 1469 1414 [cf.

109 1423 248 1490 Krische
269 1445 302 1508 p.
315 1422 378 1488 308
400 1426 433 1488 et
454 1440 538 1504 quac
561 1441 659 1505 supro
682 1423 817 1506 exposui
840 1445 870 1508 p.
886 1422 976 1511 1881,
1000 1432 1112 1490 contra
1135 1426 1236 1492 sicubi
1258 1429 1330 1513 ipsa
1351 1431 1471 1514 scripta

107 1530 195 1594 lecta
217 1530 389 1611 apparent,
410 1521 455 1588 ibi
470 1523 556 1588 Aedi
579 1524 743 1607 adgnosco
767 1526 938 1610 supplendi
961 1526 1111 1592 studium.
1145 1547 1184 1593 ac
1205 1550 1247 1596 ne
1265 1533 1469 1598 arbitrarium

109 1636 206 1715 putes
227 1628 290 1694 hoe
312 1626 494 1709 discrimen,
517 1627 603 1709 quod
625 1645 724 1710 supra
747 1626 814 1691 dixi
837 1649 868 1710 p.
886 1628 949 1692 134
960 1648 1029 1710 sqq.
1065 1638 1221 1716 repetam,
1244 1633 1278 1698 in
1297 1635 1470 1718 prooemiis

109 1729 401 1817 Peripateticorum
423 1728 625 1813 potissimum
648 1730 792 1795 scholam
814 1730 942 1812 respici.
977 1749 1053 1812 ergo
1077 1732 1114 1815 si,
1138 1742 1172 1798 ut
1195 1735 1256 1800 hoc
1278 1743 1361 1819 utar,
1384 1737 1432 1800 11
1454 1746 1469 1798 υ

110 1835 303 1902 Aristoteles
326 1831 444 1897 citatur
465 1830 541 1895 ἔστιν
564 1831 614 1896 οὖν
636 1835 711 1896 κατὰ
733 1834 782 1895 τὸν
800 1831 998 1917 Ἀριστοτέλην
1017 1835 1024 1865 ¹
1051 1836 1136 1920 φύσις
1158 1839 1236 1923 ἀρχὴ
1260 1843 1400 1924 κινήσεως
1422 1843 1470 1904 καὶ

110 1938 233 2025 ἠρεμίας
256 1938 287 2001 ἐν
311 1936 337 2022 ᾧ
361 1937 484 2019 πρώτως
512 1935 572 1998 ἐστὶ
599 1938 647 1998 καὶ
675 1936 709 1999 οὐ
737 1935 811 1998 κατὰ
838 1937 1036 2021 συμβεβηκός,
1066 1940 1152 2020 quod
1181 1961 1221 2005 ex
1249 1941 1372 2027 physic.
1395 1943 1427 2007 II
1452 1947 1467 2007 1

109 2063 141 2125 p.
160 2041 240 2106 192*
263 2040 302 2105 21
332 2037 454 2105 eisdem
475 2035 544 2103 fere
567 2035 674 2102 verbis
697 2057 885 2122 expressum
908 2043 970 2120 est,
994 2039 1021 2103 si
1043 2040 1162 2106 iudicia
1185 2064 1268 2125 quae
1289 2044 1331 2109 de
1352 2045 1470 2110 Ionicis

110 2143 233 2209 addere
260 2142 355 2208 Aetio
384 2140 477 2206 libuit
504 2138 648 2205 eiusdem
677 2139 750 2204 libri
779 2140 879 2206 tincta
911 2152 985 2208 suunt
1013 2144 1189 2229 coloribus,
1222 2167 1330 2212 nonne
1363 2148 1471 2212 omnia

111 2245 251 2312 suadent
273 2251 309 2310 ut
330 2244 515 2310 Aristotelis
542 2263 634 2307 usum
657 2242 772 2308 iuniori
794 2244 890 2309 Aetio
912 2247 1136 2311 reservemus?

197 2347 282 2412 Hinc
304 2347 365 2412 erit
379 2346 518 2412 fortasse
534 2344 704 2429 quispiam,
728 2345 782 2428 qui
805 2346 1066 2431 Theophrasti
1090 2370 1217 2433 quoque
1232 2371 1323 2415 usum
1340 2391 1379 2400 -
1396 2371 1470 2416 nam

113 2450 155 2516 ad
178 2470 252 2516 eum
274 2455 351 2534 post
372 2449 487 2531 longas
509 2447 663 2529 ambages
686 2447 818 2513 tandem
841 2455 987 2514 revertor
1002 2485 1043 2494 -
1058 2449 1152 2515 Aetio
1176 2452 1218 2516 sit
1240 2453 1470 2519 vindicaturus.

113 2553 329 2636 nequeenim
352 2552 472 2636 duplex
495 2549 581 2614 illius
604 2549 837 2633 testimonium,
860 2551 946 2633 quod
968 2551 1002 2615 in
1024 2562 1198 2637 conspectu
1222 2577 1251 2638 p.
1271 2557 1332 2619 138
1355 2562 1386 2621 et
1409 2559 1472 2621 140

114 2654 222 2737 citavi,
246 2652 331 2719 hanc
353 2652 541 2718 dissuadere
562 2652 691 2718 ridetur
706 2651 873 2734 originem.
906 2655 1086 2719 nam1129
1106 2667 1121 2717 7
1140 2655 1329 2741 Ἀναξαγόρας
1345 2661 1385 2728 ὥς
1400 2682 1471 2742 φησι

113 2756 298 2843 Θεόφραστος
324 2757 373 2819 καὶ
399 2760 457 2817 τῶν
486 2757 623 2818 ὑποκάτω
651 2761 703 2839 τῆς
733 2758 857 2840 σελήνης
884 2755 948 2819 ἔσθ’
977 2757 1026 2820 ὅτε
1052 2763 1196 2842 σωμάτων
1219 2762 1471 2844 ἐπιπροσθούντων

112 2858 278 2942 praeeedit
304 2859 365 2938 §6
392 2857 608 2939 Anaxagorae
641 2859 824 2940 generalior
858 2859 966 2942 opinio
1002 2860 1043 2924 de
1077 2863 1174 2927 lunae
1207 2860 1348 2946 defectu,
1382 2863 1472 2927 euius

112 2961 232 3037 Thales
260 2962 354 3026 Plato
382 2959 481 3026 Stoici
509 2959 729 3025 mathematici
758 2960 933 3044 participes
962 2961 1178 3028 nominantur.
1230 2965 1343 3030 eodem
1374 2966 1471 3030 modo

113 3062 326 3149 Xenophauis
347 3064 389 3129 de
412 3064 481 3128 sole
501 3061 666 3127 decretum
681 3063 771 3128 1120
788 3071 804 3124 3
827 3063 992 3146 Ξενοφάνης
1008 3065 1041 3127 ἐκ
1056 3071 1151 3150 νεφῶν
1168 3069 1383 3150 πεπυρωμένων
1399 3068 1471 3132 εἶναι

111 3168 159 3230 τὸν
186 3168 269 3250 ἥλιον
297 3164 416 3249 excipit
447 3164 577 3229 doctum
605 3162 666 3229 bec
694 3165 951 3248 supplementum
977 3166 1162 3252 Θεόφραστος
1190 3171 1219 3233 ἐν
1248 3176 1306 3239 τοῖς
1333 3173 1472 3242 Φυσικοῖς

111 3269 250 3353 γέγραφεν
280 3269 313 3331 ἐκ
340 3269 477 3352 πυριδίων
512 3268 564 3349 μὲν
591 3272 650 3330 τῶν
684 3268 952 3350 συναθροιζομένων
979 3271 1011 3332 ἐν
1039 3276 1091 3354 τῆς
1125 3274 1211 3355 ὑγρᾶς
1238 3272 1472 3355 ἀναθυμιάσεως,

111 3372 358 3456 συναθροιζόντων
382 3371 414 3433 δὲ
435 3372 484 3434 τὸν
507 3373 598 3455 ἥλιον.
635 3370 708 3435 binc
731 3370 785 3453 qui
800 3370 884 3435 actii
903 3371 1083 3437 doctrinam
1097 3373 1287 3438 laudaturus
1303 3381 1362 3459 est,
1379 3376 1471 3458 quasi

111 3472 344 3559 limpidissimis
367 3471 478 3537 rivulis
500 3478 631 3537 vetusta
646 3473 774 3539 Placita
789 3473 939 3557 irrigarit,
962 3495 1078 3540 vereor
1093 3496 1135 3541 ne
1150 3476 1280 3558 egregie
1301 3476 1405 3542 falsus
1421 3478 1471 3543 sit.

112 3598 188 3643 nam
212 3576 298 3660 quod
314 3594 431 3642 nomen
447 3574 512 3638 illis
528 3573 654 3639 dnobus
670 3576 750 3641 locis
766 3585 928 3642 servatum
946 3585 1005 3660 est,
1029 3577 1104 3643 inde
1126 3577 1364 3663 explicandum,
1387 3580 1472 3660 quod

113 3681 252 3764 duplicis
275 3678 449 3744 memoriae
471 3677 577 3742 altera
599 3677 779 3743 accuratior
801 3699 865 3744 non
886 3680 956 3746 sine
972 3681 1174 3745 auctoritatis
1188 3689 1267 3746 nota
1282 3682 1380 3764 priori
1395 3681 1472 3746 addi

112 3790 249 3868 poterat.
294 3780 347 3845 hic
376 3780 461 3846 enim
490 3779 614 3845 obtinet
642 3781 888 3865 compilatorum
921 3803 990 3848 mos
1019 3790 1053 3847 ut
1079 3783 1141 3847 nisi
1171 3782 1248 3864 quid
1275 3782 1472 3849 diversitatis

111 3891 271 3971 appareat
298 3883 430 3949 nomina
459 3888 626 3947 auctorum
656 3882 822 3948 sileantur.
866 3885 955 3966 atqui
985 3885 1076 3949 vario
1104 3885 1200 3949 modo
1228 3885 1473 3968 Theophrastea

111 3986 277 4052 influxisse
299 3986 332 4050 in
353 3985 478 4050 Placita
508 4005 583 4049 mox
605 3985 792 4067 diligentius
814 3986 1053 4052 demonstrabo.
1088 3987 1160 4069 quis
1189 3987 1285 4068 igitur·
1307 3988 1473 4053 doctrinae

113 4088 299 4174 multiplicis
329 4088 457 4153 laudem
485 4086 579 4151 Aetio
608 4106 703 4168 quam
731 4095 858 4153 vetusto
886 4090 1085 4154 Placitorum
1114 4089 1277 4154 collectori
1308 4089 1472 4172 impertire

112 4404 243 4466 excerpsit
268 4411 293 4450 et
315 4401 450 4465 aliquanto
475 4400 544 4462 prius
568 4399 673 4449 Cassius
695 4404 838 4465 Dionysius
864 4404 991 4452 Uticensis
1014 4416 1090 4461 qttcm
1115 4403 1197 4450 Varro
1223 4403 1254 4449 de
1280 4419 1298 4449 r.
1325 4417 1342 4448 ν.
1363 4401 1374 4448 Ι
1399 4399 1428 4451 Π
1448 4411 1472 4449 et

111 4491 176 4539 alias
195 4491 316 4552 sequitur.
347 4489 417 4549 atqui
437 4487 614 4536 Oeconomicus
633 4492 772 4538 coniuncta
791 4506 848 4537 cum
868 4491 982 4538 Politicis
1003 4493 1072 4538 utin
1092 4490 1236 4549 codicibus,
1256 4491 1291 4536 ita
1309 4490 1386 4536 etism
1405 4491 1471 4538 anti-

111 4578 196 4639 quitus
210 4577 360 4626 circumlata
373 4591 428 4624 esse
443 4575 568 4624 videntur.
594 4583 660 4625 certe
675 4575 856 4640 Theophrasto
871 4579 981 4626 Politice
1000 4593 1110 4638 νμνοιριυ,
1129 4588 1156 4625 ιιι
1170 4578 1221 4633 illa,
1242 4577 1273 4623 ab
1288 4576 1472 4625 Alexandrinis

112 4680 164 4713 non
185 4665 262 4713 nullis
282 4672 306 4712 et
325 4679 341 4712 a
353 4664 482 4726 Dionysio
497 4664 719 4713 Halicarnassensl
738 4665 806 4713 arch.
820 4667 842 4713 V
858 4663 899 4714 73.
912 4663 945 4713 74
965 4664 1044 4726 [οοιιΙ.
1059 4667 1138 4712 Arist.
1160 4665 1216 4713 Pol.
1230 4664 1270 4711 111
1286 4661 1316 4710 lt
1328 4661 1396 4724 sqq.]
1433 4674 1471 4710 at-

111 4751 296 4801 tribuebantur.
330 4768 391 4815 ergo
416 4750 480 4800 nihil
500 4750 585 4800 obstat
605 4754 741 4813 quominus
760 4753 851 4800 horum
871 4753 973 4813 quidem
994 4752 1116 4799 librorum
1136 4751 1265 4811 vulgatam
1284 4750 1402 4798 notit-iam
1421 4752 1472 4798 iarn

112 4839 250 4888 Tullianae
270 4843 349 4887 aetatl
369 4839 552 4887 concedamus.

184 4924 192 4956 ¹
212 4926 302 4977 eadem
321 4927 447 4976 lemmatis
464 4927 548 4976 torma
568 4928 647 4976 utitur
666 4927 756 4976 Attius
775 4927 814 4976 IV
832 4925 849 4977 8
867 4934 878 4972 t
897 4922 963 4974 κατὰ
981 4922 1038 4980 τοὺς
1058 4918 1336 4990 Περιπατητικοὺς.
