3442 5588
315 305 357 369 10
610 310 623 358 1
659 310 708 358 DE
728 307 997 360 PLUTARCHEAE
1018 300 1202 358 EPITOMES
1221 308 1392 359 MEMORIA

313 484 421 541 autem
437 498 478 542 ne
494 477 564 559 quis
580 477 640 542 soli
658 476 831 542 Plutarcho
847 476 1060 542 dormitantes
1074 474 1215 542 editores
1232 476 1385 558 obtigisse
1401 483 1519 559 rector,
1543 477 1677 559 perinde

314 576 482 642 ridiculum
503 598 645 644 errorem
661 579 822 662 hodieque
837 580 900 662 legi
914 579 948 645 in
964 579 1219 645 Pseudo-Iustini
1234 579 1356 644 cohort.
1373 598 1399 643 o.
1416 582 1450 642 e:
1480 577 1676 663 Ἀριστοτέλης

313 681 346 742 δὲ
373 680 407 743 οὐ
433 682 634 766 κοινοτέραν
662 682 714 764 τὴν
740 683 838 766 ψυχὴν
864 681 938 745 εἶναι’
965 704 1051 767 φησιν
1080 683 1110 745 ἐν
1138 681 1163 767 qi
1191 683 1389 765 περιειληπται
1415 682 1464 744 καὶ
1496 687 1533 747 τὰ
1559 686 1676 769 φ11αρτά

314 783 411 866 μόρια,
433 785 509 848 ἀλλὰ
530 787 563 848 rb
586 786 699 867 λογικδν
723 784 819 865 μόνον.
858 790 893 847 ut
914 783 1079 848 Plutarchi
1101 782 1251 848 librarios
1272 783 1401 866 decepit
1426 786 1515 850 vocis
1538 788 1674 852 Στωικοὶ

313 884 426 950 ultima
448 885 577 970 syllaba
598 884 748 969 repetita,
771 884 818 948 ita
839 885 872 948 in
895 886 1017 949 Iustino
1039 885 1100 950 fuit
1121 883 1311 950 adverbium
1334 888 1506 971 κοινότερον.

400 986 466 1052 Sed
495 987 571 1071 quid
602 987 693 1052 multi
723 1007 833 1052 sumus
862 986 895 1052 in
923 987 1054 1053 Eusebii
1085 986 1285 1072 praestantia
1315 988 1495 1074 laudanda,
1524 993 1675 1074 quoniam

313 1089 480 1171 antiquum
510 1088 626 1154 librum
659 1088 819 1155 inferioris
847 1088 964 1154 aetatis
993 1090 1140 1155 sordibus
1174 1109 1285 1155 carere
1318 1099 1569 1158 consentaneum
1604 1095 1676 1158 est?

314 1211 423 1257 verum
447 1191 632 1257 enimvero
656 1191 982 1272 multograviusest
1008 1192 1094 1274 quod
1122 1191 1207 1257 idem
1236 1192 1367 1258 Eusebii
1396 1195 1580 1278 exemplum
1608 1215 1674 1260 non

313 1293 410 1358 nullis
431 1292 511 1358 locis
532 1299 646 1376 aperte
669 1294 721 1358 vel
744 1293 903 1376 corruptis
925 1296 978 1359 rel
990 1293 1153 1360 lacunosis
1168 1292 1215 1358 ita
1229 1295 1390 1361 consentit
1405 1317 1475 1362 cum
1492 1304 1674 1361 nostrorum

313 1395 458 1460 codicum
481 1395 725 1478 depravatione,
748 1395 869 1460 utiam
892 1403 1006 1477 quarto
1030 1398 1162 1462 saecula
1191 1397 1375 1478 vulgaria
1403 1399 1554 1480 exempla
1575 1405 1674 1480 atque

313 1499 480 1580 ἀδιόρθωτα
509 1495 559 1583 [ef.
583 1496 620 1561 L.
644 1497 784 1563 Dindorf
802 1497 903 1580 praef.
927 1497 969 1561 ad
996 1496 1092 1562 Dion.
1117 1498 1283 1583 Chrysost.
1304 1500 1319 1563 1
1342 1520 1373 1582 p.
1390 1520 1420 1560 ιν
1436 1498 1458 1585 ⁴]
1486 1498 1674 1564 circumlata

313 1621 385 1665 esse
408 1600 487 1663 satis
509 1606 645 1682 constet,
669 1600 754 1665 unde
777 1601 810 1665 in
833 1600 903 1664 dies
923 1599 1026 1681 magis
1041 1600 1198 1682 gliscente
1214 1600 1354 1665 cuiusvis
1370 1599 1584 1684 corruptionis
1600 1601 1673 1665 labe

313 1701 563 1786 Byzantinornm
583 1700 656 1765 libri
672 1702 801 1768 deducti
817 1709 901 1767 sunt.
935 1708 1065 1784 praeter
1080 1703 1164 1767 hano
1178 1709 1286 1768 autem
1304 1703 1469 1785 vulgarem
1486 1702 1672 1768 memoriam

312 1805 408 1869 etiam
432 1812 506 1887 post
521 1802 651 1868 Eusebii
674 1811 814 1870 aetatem
839 1802 1001 1887 pleniores
1023 1811 1152 1887 praesto
1175 1813 1268 1870 erant
1289 1811 1322 1869 et
1337 1804 1574 1870 emendatiores
1590 1805 1673 1888 libri,

313 1927 446 1988 quornm
470 1906 591 1970 auxilio
615 1905 701 1970 haud
725 1906 826 1972 semel
848 1906 986 1970 vulnera
1006 1914 1063 1971 aut
1084 1907 1287 1971 conclamata
1313 1912 1370 1970 aut
1393 1905 1541 1971 sanitatis
1564 1907 1673 1991 specie

312 2009 460 2073 fallentia
483 2018 573 2075 certa
595 2029 693 2074 manu
716 2028 829 2074 curare
852 2008 995 2091 contigit.
1034 2008 1117 2073 ineo
1140 2027 1274 2072 numero
1296 2014 1370 2072 sunt
1393 2007 1534 2093 Cyrillus
1556 2015 1589 2073 et
1603 2029 1683 2092 per*

313 2117 448 2176 sonatus
470 2112 624 2177 Galenus.

398 2213 662 2279 Theodoretus
685 2213 771 2278 enim
794 2211 964 2295 episcopus
987 2211 1150 2296 cyrensis,
1173 2210 1227 2295 qui
1249 2211 1382 2276 ineunte
1405 2211 1516 2294 quinto
1540 2214 1671 2278 saeculo

313 2315 429 2399 floruit,
445 2316 536 2381 nevit
550 2316 605 2382 ille
621 2315 750 2399 quidem
767 2313 931 2379 Plutarchi
947 2317 999 2399 rip
1016 2317 1079 2399 napi
1102 2320 1160 2378 τῶν
1183 2320 1242 2383 τοῖς
1264 2315 1433 2398 φιλοσόφοις
1455 2315 1597 2384 δοξάντων
1613 2317 1671 2379 ἐπι-

212 2449 214 2453 ·
312 2422 403 2503 τομήν
431 2416 548 2504 [graec.
574 2419 678 2483 affect.
707 2424 807 2482 curat.
824 2418 868 2484 IV
885 2419 923 2482 31
949 2416 987 2482 cf.
1005 2418 1032 2483 V
1050 2415 1116 2504 16],
1143 2417 1201 2483 sed
1229 2416 1359 2499 quaell
1376 2418 1437 2482 112
1465 2425 1498 2483 et
1519 2418 1604 2482 1114
1630 2418 1672 2484 de

312 2519 417 2585 atheis
452 2520 597 2603 Diagora
632 2520 803 2585 Theodoro
839 2519 1022 2585 Euhemero
1061 2520 1236 2586 Plutarcho
1270 2517 1436 2583 nominato
1470 2527 1582 2584 narrat
1615 2517 1670 2605 [cf.

313 2621 426 2687 Placit.
450 2623 464 2686 1
489 2624 506 2686 7
529 2619 554 2707 r]
581 2641 621 2687 ea
641 2621 782 2687 Eusebio
805 2629 953 2705 surrepta
975 2629 1062 2704 sunt,
1089 2622 1174 2688 unde
1196 2622 1309 2687 eodem
1333 2621 1530 2686 100011113
1553 2628 1586 2687 et
1610 2625 1671 2687 115

313 2725 512 2806 Protagorae
539 2733 572 2790 et
597 2723 748 2788 Numenii
775 2724 930 2789 memoria
957 2724 1057 2788 fluxit.
1091 2722 1178 2807 quod
1206 2723 1380 2804 Diagoram
1407 2722 1595 2788 Milesium
1622 2744 1672 2789 co·

313 2826 424 2907 gnovit
454 2826 659 2891 consentiens
696 2846 766 2891 cum
798 2826 956 2909 Eusebio,
991 2825 1109 2891 furtum
1143 2824 1249 2889 reddit
1282 2824 1497 2890 manifestum.
1541 2826 1598 2891 sed
1631 2827 1673 2893 de

313 2928 517 2993 Theodoreto
540 2927 624 2991 infra
646 2928 827 2993 accuratius
848 2927 1019 2993 dicendum
1042 2928 1113 2994 erit.

399 3030 537 3095 Utiliora
563 3038 638 3094 sunt
667 3031 767 3094 multo
794 3028 931 3114 Cyrilli
957 3030 1157 3096 acerbissimi
1184 3029 1381 3095 'theodoreti
1411 3029 1589 3095 adversarii
1621 3050 1673 3095 ex·

312 3140 438 3216 ccrpta,
472 3132 588 3216 quibus
619 3134 661 3198 ad
692 3133 852 3196 Iulianum
884 3131 1095 3196 refellendum
1126 3132 1233 3196 utitur.
1267 3132 1314 3195 ita
1340 3138 1440 3197 contr.
1468 3133 1526 3196 lul.
1546 3133 1578 3198 11
1610 3131 1671 3218 [ed.

312 3234 446 3300 Auberti
473 3235 578 3301 Lutet.
598 3237 682 3301 1638
702 3236 767 3299 νοΙ.
783 3232 839 3321 Vl]
865 3254 896 3317 p.
912 3234 1109 3298 les-lto
1136 3241 1287 3316 quattuor
1309 3233 1463 3317 deinceps
1489 3234 1598 3318 priora
1623 3255 1673 3299 ca·

313 3337 381 3420 pita
402 3337 475 3402 libri
491 3339 522 3403 11
545 3344 695 3402 accurate
718 3336 879 3420 excerpsit
900 3334 989 3401 hisce
1011 3335 1211 3419 praemissis:
1236 3336 1462 3423 Πλούταρχος
1484 3339 1577 3401 τοίνυν
1600 3341 1673 3424 ἀνὴρ

313 3447 371 3503 τῶν
394 3440 460 3526 παρ’
493 3440 591 3510 αὐτοῖς
618 3440 672 3504 οὐκ
698 3439 811 3523 ἄσημος
838 3443 961 3522 γεγονὼς
987 3440 1021 3502 ἐν
1048 3445 1095 3523 τῷ
1124 3439 1273 3522 δευτέρῳ
1297 3439 1420 3525 βιβλίῳ
1444 3445 1504 3524 τῆς
1526 3446 1592 3503 τῶν
1615 3465 1674 3525 φυ-

314 3550 418 3608 σικῶν
440 3546 618 3627 δογμάτων
640 3547 839 3625 συναγωγῆς
861 3542 939 3605 οὕτω
962 3541 1034 3624 φησὶ
1064 3541 1128 3623 περὶ
1150 3545 1201 3603 τοῦ
1223 3541 1344 3622 κόσμου.
1389 3540 1488 3605 etiam
1514 3542 1598 3606 tituli
1625 3561 1676 3607 ca·

314 3645 414 3729 pitum
437 3651 617 3727 servantur,
640 3663 711 3710 cum
732 3644 870 3708 alterum
892 3641 934 3706 ab
959 3641 1008 3706 his
1031 3640 1138 3706 verbis
1161 3641 1305 3706 ordiatur
1327 3641 1389 3705 εἶτα
1412 3645 1568 3727 περὶτοῦ
1590 3648 1678 3729 σχήέ

314 3771 418 3828 ματος
441 3753 500 3811 τοῦ
522 3749 653 3828 κόσμου
676 3746 736 3808 ὧδε
757 3746 841 3808 πάλιν
863 3746 960 3828 φησίν.
983 3744 1125 3826 itemque
1141 3764 1167 3808 c.
1184 3745 1204 3808 3
1219 3742 1276 3828 ἔφη
1293 3746 1326 3807 δὲ
1348 3747 1433 3808 πάλιν
1455 3748 1506 3815 τὰς
1528 3752 1586 3808 τῶν
1605 3745 1669 3830 παρ’

306 3847 426 3933 Ἕλλησι
446 3851 613 3934 φιλοσόφων
636 3848 720 3917 δόξας
742 3848 782 3917 εἰς
803 3847 952 3931 ἐξηγήσεις
974 3849 1135 3932 πρυτιδείς,
1157 3846 1187 3909 εἰ
1209 3844 1364 3932 ἔμψυχος
1392 3850 1407 3910 ὁ
1433 3849 1563 3928 κόσμος
1586 3849 1604 3930 ἦ
1628 3849 1676 3931 μὴ

313 3954 414 4021 οὕτως.
456 3951 603 4016 similiter
630 3953 698 4015 c.4
730 3950 845 4016 iterum
876 3949 1084 4015 Plutarchum
1115 3948 1304 4014 nominatim
1335 3949 1441 4014 adfert
1466 3970 1498 4032 p.
1514 3952 1553 4014 51
1566 3972 1607 4012 nc
1633 3949 1676 4015 cf.

313 4076 344 4137 p.
358 4055 435 4118 ‘l'Oct
460 4053 517 4138 ἔφη
533 4055 586 4137 γάρ
602 4078 657 4117 που
673 4054 736 4136 περὶ
751 4053 848 4116 αὐτῶν
864 4053 962 4137 ἰσχνὸς
985 4056 1026 4116 ὢν
1049 4053 1120 4135 ἄγαν
1144 4056 1160 4116 ὁ
1184 4053 1407 4136 Πλούταρχος
1430 4053 1529 4136 ἐντῷ
1550 4056 1676 4136 πρώτῳ

314 4158 435 4242 βιβλίῳ
458 4161 610 4241 φυσικῶν
626 4157 805 4236 δογμάτων
828 4162 1039 4239 συναγωγῆςε
1062 4153 1180 4240 ἰἔλαβον
1197 4156 1230 4218 δὲ
1243 4156 1277 4218 ἐκ
1292 4155 1393 4217 τούτου
1409 4154 1479 4216 κτλ]
1502 4173 1543 4219 ex
1559 4156 1643 4219 Plnt.
1661 4155 1677 4219 I

314 4260 377 4322 es.
398 4269 420 4319 1.
441 4268 465 4319 2.
502 4255 681 4340 proximum
711 4264 810 4339 caput
839 4254 865 4343 [1
886 4258 902 4321 1
927 4267 965 4318 11.
988 4268 1028 4319 re.
1050 4267 1090 4318 tr.
1113 4266 1152 4318 ιο.
1171 4265 1213 4318 32.
1232 4254 1277 4342 33]
1304 4261 1475 4340 postquam
1503 4277 1535 4340 p.
1550 4258 1677 4322 ⁴28ch

313 4358 511 4442 compilavit:
534 4362 691 4444 γεγράφασι
714 4359 756 4434 δέ,
778 4357 891 4441 inquit,
913 4361 976 4444 napi
999 4361 1108 4424 τούτων
1132 4360 1356 4444 Πλούταρχος
1378 4383 1410 4423 τε
1432 4361 1480 4423 καὶ
1503 4360 1594 4442 ἕτεροι
1617 4364 1677 4422 τῶν

313 4460 379 4545 παρ’
419 4462 516 4531 αὐτοῖς
553 4463 683 4544 λογάδων
713 4463 761 4523 καὶ
794 4463 809 4524 i
845 4464 953 4545 11ρασδς
984 4460 1051 4524 καθ’
1091 4464 1175 4544 ἡμῶν
1211 4462 1416 4547 11ορφι3ριος.
1466 4460 1677 4526 Plutarchum

314 4562 500 4646 opinionum
523 4572 556 4630 et
576 4562 791 4647 Porphyrium
814 4563 953 4628 vitarum
976 4564 1165 4647 scriptorem
1188 4565 1376 4629 coniunctos
1398 4562 1592 4647 compluries
1612 4581 1679 4627 me·

314 4672 419 4730 morat
447 4666 545 4731 etiam
568 4665 802 4749 'Pheodoretus
825 4666 930 4748 quode
953 4665 1038 4731 infra
1061 4666 1194 4732 dicetur.

399 4769 449 4832 lle
475 4768 624 4851 exemplo
652 4768 816 4836 Plutarchi
845 4767 1012 4852 aCyrillo
1040 4771 1124 4835 lecto
1151 4769 1307 4834 nonnulla
1333 4768 1473 4835 dicenda
1499 4775 1575 4834 sunt
1601 4767 1679 4850 quia
