3464 5586
679 325 954 376 recenseamus
1427 321 1489 385 235

124 498 282 582 exempla
311 514 352 561 ex
381 514 420 561 eo
447 493 626 578 archetypo
648 492 806 559 deductus
828 500 894 577 est,
925 493 1011 560 unde
1032 491 1173 558 Laura
1195 491 1271 556 dixi.
1315 489 1400 573 quod
1423 495 1489 554 tam

125 607 178 668 αἱ
200 596 419 680 manifestum
440 595 603 662 neminem
625 601 661 661 ut
682 594 797 661 fallere
818 596 929 679 possit.
967 596 1081 663 eadem
1103 601 1191 660 certe
1207 594 1356 660 indoctae
1371 592 1490 658 aetatis

123 703 265 788 indicia,
286 698 404 768 eadem
426 698 690 782 compendiorum
713 696 873 782 confusio,
903 697 1016 763 eadem
1046 702 1204 780 monstra,
1230 697 1327 762 iidem
1350 696 1489 778 denique

124 804 250 889 hiatus,
271 811 308 869 nt
329 801 478 868 vitiatam
492 820 640 867 mancam
658 800 876 866 oblitteratam
890 799 1059 884 archetypi
1075 800 1215 884 exempli
1229 799 1365 864 formam
1380 796 1488 861 animo

124 907 220 973 velut
240 905 426 971 instaurare
447 902 564 985 possis.
600 922 662 969 neo
683 909 793 968 tamen
814 902 897 967 alter
919 900 1021 967 codex
1045 921 1104 966 sua
1125 901 1223 967 laude
1249 907 1347 966 caret.
1384 919 1489 965 emen-

125 1009 280 1077 dationes
307 1025 374 1072 ncn
401 1023 526 1089 paucae
553 1006 695 1071 virorum
722 1004 888 1069 doctorum
915 1023 1000 1068 nunc
1026 1003 1144 1070 codicis
1166 1003 1229 1069 fide
1251 1002 1489 1084 confirmantur,

124 1111 265 1178 totidem
291 1126 400 1174 novae
426 1114 603 1189 emergunt.
650 1106 728 1190 quin
757 1106 854 1172 etiam
880 1108 1017 1172 lacunae
1039 1108 1209 1190 explentur
1231 1128 1262 1189 p.
1278 1107 1351 1171 243.
1375 1103 1487 1169 333K.

125 1234 195 1280 non
224 1230 400 1294 numquam
422 1209 588 1294 aliquanto
617 1209 772 1293 integrior
803 1218 941 1293 apparet
969 1208 1138 1294 archetypi
1168 1208 1323 1275 memoria
1353 1227 1417 1289 (pua
1445 1207 1489 1271 ad

126 1335 243 1383 verum
265 1312 447 1398 pervenias.
492 1312 621 1378 omnino
644 1313 751 1392 multoj
773 1310 876 1376 maior
906 1317 992 1376 esset
1018 1310 1090 1374 libri
1118 1310 1254 1393 utilitas,
1284 1309 1345 1374 nisi
1374 1314 1489 1392 aperta

127 1415 319 1485 recentioris
345 1414 609 1499 interpolationis
637 1413 775 1495 vestigia
803 1413 969 1497 proderet,
996 1433 1060 1496 qua
1083 1413 1210 1495 quidem
1234 1412 1307 1478 labe
1328 1410 1416 1495 prior
1438 1430 1489 1474 co-

125 1517 244 1586 dexA
271 1523 370 1584 earet
416 1516 530 1582 titulus
551 1524 587 1583 ut
608 1516 670 1582 boo
692 1522 765 1581 utar
786 1535 881 1597 quem
895 1514 924 1579 Α
940 1514 1039 1580 habet
1061 1517 1124 1599 περὶ
1146 1515 1339 1600 φιλοσόφου
1363 1512 1488 1595 ἱστορίας

125 1621 308 1690 densentur
328 1619 363 1684 in
386 1620 450 1704 περὶ
472 1623 673 1706 φιλοσόφων
697 1619 831 1702 ἱστορίας.
866 1637 893 1683 c.
907 1618 947 1681 18
969 1637 1000 1700 p.
1016 1618 1079 1681 243
1101 1624 1151 1682 est
1173 1617 1206 1681 in
1226 1616 1254 1680 A
1278 1619 1294 1680 ὁ
1316 1616 1488 1698 ὃημόκριτος

125 1725 157 1789 ἐν
179 1728 241 1794 τοῖς
255 1727 398 1809 συφικσῖς,
421 1720 476 1786 ubi
492 1721 591 1788 Sexto
607 1727 795 1804 comparato
807 1719 1009 1804 Ὀνομάκριτος
1023 1722 1053 1783 ἐν
1069 1726 1128 1789 τοῖς
1140 1718 1285 1804 Ὀρφικοῖς
1306 1718 1487 1782 restitutum

125 1832 186 1893 sot
230 1824 308 1908 quid
329 1843 408 1890 vero
432 1823 481 1888 B?
514 1824 733 1908 ὁΔημόκριτος
761 1824 790 1887 ἐν
817 1828 877 1892 τοῖς
905 1828 1082 1906 σοφιστικοῖς
1108 1841 1212 1905 prona
1239 1821 1389 1886 nimirum
1416 1840 1489 1884 0011-

124 1929 260 2011 iectura,
283 1945 347 2010 qua
369 1925 446 1990 Itali
469 1945 597 2008 quoque
616 1925 770 2009 principis
785 1924 937 1991 editionis
952 1930 1100 1989 auctores
1115 1924 1164 1988 usi
1180 1930 1263 1989 sunt.
1297 1924 1329 1988 in
1346 1924 1486 2006 capitum

124 2029 353 2113 inscriptiones
385 2027 520 2093 licenter
551 2034 719 2110 grassatur
748 2028 844 2093 modo
874 2047 976 2092 novas
1006 2026 1158 2109 fingendo
1191 2025 1288 2090 modo
1319 2031 1487 2090 contextus

125 2130 229 2196 verba
250 2151 309 2213 pro
332 2130 426 2196 titulo
453 2128 661 2215 praefigendo
684 2128 759 2217 [ud
781 2153 813 2215 p.
828 2127 912 2215 2251.
947 2129 1005 2194 sed
1027 2128 1088 2193 loe
1111 2128 1180 2194 sino
1199 2149 1294 2194 noxa.
1327 2128 1408 2193 illud
1423 2128 1504 2192 mo?

126 2232 241 2298 lestins
263 2232 350 2316 quod
372 2232 527 2315 quidquid
552 2231 737 2298 offensionis
759 2235 811 2299 vel
827 2232 1031 2299 obscuritatis
1054 2230 1191 2297 occurrit
1205 2230 1314 2296 fucata
1329 2229 1488 2295 medicina

125 2333 418 2418 quomodocunque
439 2333 597 2400 resarcire
620 2334 736 2401 studet.
770 2341 821 2400 est
842 2335 897 2399 ubi
919 2341 1006 2401 recte
1028 2333 1207 2399 coniectum
1225 2333 1275 2416 sit,
1299 2335 1487 2417 plerumque

125 2436 160 2501 in
182 2435 358 2520 quemlibet
379 2456 509 2503 sensum
533 2437 688 2502 mendosa
714 2437 815 2503 verba
845 2443 920 2503 sunt
942 2438 1079 2502 detorta.
1125 2437 1304 2502 cavendum
1326 2436 1487 2519 igiturne

125 2536 264 2622 improbi
286 2538 428 2604 hominis
449 2538 612 2604 lenocinia
634 2538 742 2609 fucum
763 2539 893 2605 faciant.

211 2639 354 2705 Tertium
377 2640 520 2706 codicem
545 2639 779 2706 Barocoianum
802 2647 1040 2708 monstraverat
1062 2642 1120 2708 Ch.
1144 2641 1396 2722 Darembcrgius
1418 2641 1637 2722 [no-uaroecunus

125 2740 206 2807 tices
221 2747 255 2807 et
268 2741 403 2808 extraits
419 2742 478 2809 des
494 2743 690 2808 manuscrits
705 2742 904 2809 medicauxl
926 2766 958 2827 p.
976 2744 1038 2825 18].
1073 2752 1123 2810 est
1143 2767 1174 2810 n.
1193 2744 1332 2808 CXXXI
1355 2741 1486 2825 bomby-

126 2843 226 2927 cinus,
249 2849 285 2908 ut
308 2843 419 2928 fertur,
442 2843 547 2910 forma
570 2844 693 2912 maiore
715 2864 799 2911 saec.
815 2847 902 2911 XIV.
937 2848 1069 2930 Γαληυοῦ
1091 2850 1155 2932 περὶ
1178 2847 1339 2931 φιλοσόφου
1361 2844 1486 2927 ἱστορίας

123 2944 238 3029 incipit
258 2963 280 3010 a
299 2944 322 3010 f.
342 2946 414 3011 343.
449 2944 543 3011 nihili
567 2966 640 3013 enm
662 2948 845 3015 faciendum
869 2969 941 3016 esse
963 2970 1003 3014 cx
1026 2949 1200 3033 specimine
1215 2948 1356 3030 Ingrami
1372 2948 1487 3032 Byvva-

124 3046 185 3113 teri
205 3045 399 3113 Oxoniemis
423 3047 652 3116 benevolentia
674 3057 809 3136 accepto
831 3050 1049 3117 indicaveram
1072 3052 1103 3117 d.
1120 3051 1191 3116 Gal.
1213 3051 1252 3115 H.
1269 3050 1323 3133 pb.
1339 3071 1370 3133 p.
1389 3052 1409 3114 5
1432 3050 1486 3115 ubi

123 3155 233 3215 tamen
259 3149 470 3215 Laurentiani
494 3152 523 3216 A
547 3172 620 3219 eum
649 3153 874 3237 apographum
904 3173 976 3219 esse
1002 3174 1068 3218 non
1090 3160 1178 3219 recte
1212 3153 1344 3218 conieci.
1388 3151 1486 3216 immo

125 3252 284 3336 plurimae
304 3252 463 3319 lectiones
487 3273 559 3319 cum
582 3255 722 3321 Laur.B
743 3255 875 3341 faciunt,
898 3276 971 3322 raro
994 3257 1082 3323 velut
1103 3257 1137 3321 in
1152 3257 1225 3321 libri
1241 3256 1334 3322 titulo
1349 3254 1484 3321 alterius

124 3360 174 3419 est
195 3351 339 3420 similior.

208 3455 312 3521 Alteri
327 3455 473 3522 codicum
489 3457 601 3539 generi
617 3458 850 3526 adscribendus
866 3467 916 3526 est
930 3462 1027 3527 etiam
1042 3463 1070 3527 is
1085 3463 1176 3547 liber,
1193 3482 1286 3546 quem
1302 3462 1483 3527 Nicolaus

123 3557 293 3640 Reginus
315 3578 336 3623 a
358 3557 498 3624 Roberto
521 3558 698 3627 Aniovensi
722 3561 851 3628 Siciliae
873 3584 950 3646 rege
972 3573 1143 3649 acceperat
1165 3566 1318 3633 donatum
1343 3564 1418 3629 olim
1440 3562 1482 3628 ab
1524 3553 1550 3582 ⁰⁰
1566 3552 1593 3581 ⁶¹

126 3659 311 3727 Andronico
334 3661 535 3743 Palaeologo,
551 3660 603 3749 [ol.
620 3664 645 3729 l.
662 3664 798 3731 Mueller
812 3665 855 3730 ad
871 3667 941 3732 Gal.
958 3669 999 3733 de
1014 3669 1097 3751 plac.
1113 3671 1210 3753 Hipp.
1226 3677 1259 3736 et
1273 3670 1356 3735 Plat.
1371 3691 1402 3753 p.
1419 3664 1482 3753 2⁵}

123 3780 164 3828 ex
191 3781 231 3828 eo
254 3762 365 3829 codice
392 3763 547 3829 Nicolaus
575 3765 719 3832 medicus
747 3787 819 3832 cum
847 3767 913 3833 alia
939 3769 1055 3835 Galeni
1084 3771 1217 3855 scripta,
1245 3792 1328 3855 quae
1354 3792 1483 3839 accura-

123 3863 246 3930 tissime
273 3864 513 3931 Maximilianus
542 3865 708 3933 Bonnetus
736 3868 778 3935 de
806 3869 922 3935 (isloni
951 3871 1203 3953 subfiguratione
1232 3874 1385 3956 empirica
1415 3878 1481 3956 p.1

124 3972 305 4050 enumerat,
332 3973 400 4031 tum
430 3967 478 4031 ‘de
498 3973 619 4052 ystoria
640 3957 897 4055 pbilosophor'om’
922 3981 1078 4060 verterat,
1107 3995 1202 4057 quam
1229 3975 1410 4041 versionem
1433 3998 1483 4042 oo-

123 4066 293 4149 gnovimus
321 4088 362 4134 ex
391 4069 534 4136 editione
562 4092 694 4155 operum
725 4077 848 4140 Golioni
875 4098 937 4141 aec.
959 4081 1048 4159 impr.
1073 4082 1157 4142 odito
1183 4099 1240 4159 per
1267 4079 1483 4161 Hieronymum

124 4171 294 4233 Suriooum
310 4170 520 4238 Venet.1502
539 4194 570 4257 p.
583 4174 615 4239 ΙΙ
637 4195 668 4257 p.
681 4176 862 4263 eva-580,
885 4178 938 4244 ubi
954 4179 1035 4247 huec
1051 4181 1231 4263 subscripta
1247 4186 1333 4246 sunt:
1356 4183 1483 4262 explicit

122 4273 199 4336 libor
213 4274 337 4336 (loliani
358 4275 398 4339 dc
419 4279 540 4359 ystoria
559 4278 812 4359 pbilosophorum
833 4285 898 4345 stoc
920 4285 958 4347 de
980 4286 1172 4366 dogmatibus
1188 4288 1360 4349 translatus
1375 4305 1396 4346 o
1411 4306 1482 4363 mo-

120 4378 217 4457 pistro
239 4376 373 4440 Nioolao
397 4380 543 4462 derepto
566 4381 605 4442 de
627 4383 770 4445 solobria
792 4405 875 4448 onoo
899 4388 1015 4450 domim?
1038 4389 1109 4450 rell
1132 4391 1170 4451 de
1192 4410 1292 4452 moroso
1314 4389 1426 4470 aprilis
1449 4390 1482 4454 ia

122 4479 173 4541 die
193 4499 287 4542 nono.
321 4479 450 4546 Nicolai
472 4483 578 4549 versio
600 4484 698 4549 valde
721 4486 834 4551 mutila
857 4493 915 4552 est.
950 4491 1052 4555 multa
1072 4491 1183 4574 capita
1202 4498 1237 4555 ut
1259 4491 1364 4574 logica
1386 4512 1481 4573 quae-

120 4579 195 4644 dam
217 4580 251 4645 in
274 4580 476 4664 singulorum
499 4604 598 4668 saepe
620 4605 771 4651 versuum
786 4590 954 4671 angustias
970 4593 1130 4657 contraxit
1153 4600 1185 4657 et
1200 4593 1232 4656 in
1249 4593 1480 4675 posterioribus

120 4680 154 4745 id
176 4680 346 4748 breviandi
369 4685 509 4751 studium
532 4686 630 4752 edum
653 4697 797 4771 augetur.
839 4712 970 4774 prorsus
994 4694 1114 4759 omissa
1137 4700 1211 4758 sunt
1233 4713 1279 4758 cc.
1300 4696 1340 4759 19
1366 4697 1407 4760 26
1438 4698 1479 4761 35

119 4784 162 4848 48
189 4785 232 4848 50
256 4786 296 4850 51
325 4788 451 4853 60-63
479 4790 519 4853 65
547 4791 585 4854 71
616 4792 656 4855 73
683 4794 724 4855 <ri
751 4794 792 4856 93
822 4795 989 4860 100-102
1018 4798 1089 4860 131.
1123 4816 1376 4879 nonnumquam
1400 4799 1477 4863 ordo

120 4885 262 4974 capitum
285 4888 432 4955 turbatus
456 4897 515 4977 est,
538 4898 574 4955 ut
596 4911 640 4957 oc.
662 4895 702 4958 13
728 4895 770 4958 14
792 4898 866 4979 post
889 4895 928 4959 21
954 4897 1162 4981 collocantur,
1185 4903 1349 4981 postrema
1371 4900 1479 4985 capita
