<?xml version="1.0" encoding="UTF-8"?>
<!DOCTYPE html PUBLIC "-//W3C//DTD XHTML 1.0 Transitional//EN"
    "http://www.w3.org/TR/xhtml1/DTD/xhtml1-transitional.dtd">
<html xmlns="http://www.w3.org/1999/xhtml" xml:lang="en" lang="en">
 <head>
  <title>
</title>
<meta http-equiv="Content-Type" content="text/html;charset=utf-8" />
  <meta name='ocr-system' content='tesseract 3.04.00' />
  <meta name='ocr-capabilities' content='ocr_page ocr_carea ocr_par ocr_line ocrx_word'/>
</head>
<body>
  <div class='ocr_page' id='page_1' title='image "./doxographigraec00dielgoog/doxographigraec00dielgoog_0459.png"; bbox 0 0 3442 5588; ppageno 0'>
   <div class='ocr_carea' id='block_1_1' title="bbox 167 304 1098 401">
    <p class='ocr_par' dir='ltr' id='par_1_1' title="bbox 167 304 1098 401">
     <span class='ocr_line' id='line_1_1' title="bbox 167 304 1098 401; baseline -0.028 -7"><span class='ocrx_word' id='word_1_1' title='bbox 167 337 231 401; x_wconf 78' lang='lat'><strong>440</strong></span> <span class='ocrx_word' id='word_1_2' title='bbox 436 304 446 324; x_wconf 82' lang='lat'><em>&#39;</em></span> <span class='ocrx_word' id='word_1_3' title='bbox 586 332 688 382; x_wconf 76' lang='grc' dir='ltr'><strong>κυπιι</strong></span> <span class='ocrx_word' id='word_1_4' title='bbox 705 329 807 381; x_wconf 70' lang='lat' dir='ltr'><strong>mc.</strong></span> <span class='ocrx_word' id='word_1_5' title='bbox 822 328 846 376; x_wconf 91' lang='lat' dir='ltr'>v</span> <span class='ocrx_word' id='word_1_6' title='bbox 865 324 924 380; x_wconf 68' lang='grc' dir='ltr'><strong>σοι</strong></span> <span class='ocrx_word' id='word_1_7' title='bbox 942 322 1027 376; x_wconf 66' lang='grc' dir='ltr'><strong>υτον</strong></span> <span class='ocrx_word' id='word_1_8' title='bbox 1044 318 1098 373; x_wconf 73' lang='grc' dir='ltr'><strong>σοι</strong></span> 
     </span>
    </p>
   </div>
   <div class='ocr_carea' id='block_1_2' title="bbox 251 390 1352 491">
    <p class='ocr_par' dir='ltr' id='par_1_2' title="bbox 251 390 1352 491">
     <span class='ocr_line' id='line_1_2' title="bbox 251 390 1352 491; baseline -0.017 0"><span class='ocrx_word' id='word_1_9' title='bbox 251 438 459 491; x_wconf 73' lang='grc' dir='ltr'><strong>Ριυπκιιυιιι</strong></span> <span class='ocrx_word' id='word_1_10' title='bbox 478 390 1297 488; x_wconf 49' lang='lat' dir='ltr'><strong>is-ffififficffl</strong></span> <span class='ocrx_word' id='word_1_11' title='bbox 1317 421 1352 472; x_wconf 80' lang='grc' dir='ltr'><strong>ιο</strong></span> 
     </span>
    </p>
   </div>
   <div class='ocr_carea' id='block_1_3' title="bbox 208 569 818 763">
    <p class='ocr_par' dir='ltr' id='par_1_3' title="bbox 208 569 818 763">
     <span class='ocr_line' id='line_1_3' title="bbox 208 569 818 658; baseline -0.013 -17"><span class='ocrx_word' id='word_1_12' title='bbox 208 581 348 654; x_wconf 80' lang='grc' dir='ltr'><strong>ποιοῦσιν,</strong></span> <span class='ocrx_word' id='word_1_13' title='bbox 370 573 435 639; x_wconf 80' lang='grc' dir='ltr'><strong>ἀλλ’</strong></span> <span class='ocrx_word' id='word_1_14' title='bbox 463 577 493 639; x_wconf 81' lang='grc' dir='ltr'><strong>αἱ</strong></span> <span class='ocrx_word' id='word_1_15' title='bbox 516 579 568 639; x_wconf 82' lang='grc' dir='ltr'><strong>τοῦ</strong></span> <span class='ocrx_word' id='word_1_16' title='bbox 587 572 740 658; x_wconf 82' lang='grc' dir='ltr'>τρέφοντος</span> <span class='ocrx_word' id='word_1_17' title='bbox 755 569 818 634; x_wconf 77' lang='grc' dir='ltr'>ἐδά-</span> 
     </span>
     <span class='ocr_line' id='line_1_4' title="bbox 208 702 289 763; baseline -0.074 -13"><span class='ocrx_word' id='word_1_18' title='bbox 208 702 289 763; x_wconf 80' lang='grc' dir='ltr'><strong>φους.</strong></span> 
     </span>
    </p>
   </div>
   <div class='ocr_carea' id='block_1_4' title="bbox 180 913 1325 1852">
    <p class='ocr_par' dir='ltr' id='par_1_4' title="bbox 180 913 1325 1852">
     <span class='ocr_line' id='line_1_5' title="bbox 210 913 1325 1003; baseline -0.008 -23"><span class='ocrx_word' id='word_1_19' title='bbox 210 921 255 988; x_wconf 79' lang='grc' dir='ltr'><strong>κζ.</strong></span> <span class='ocrx_word' id='word_1_20' title='bbox 287 914 371 1001; x_wconf 83' lang='grc' dir='ltr'><strong>Περὶ</strong></span> <span class='ocrx_word' id='word_1_21' title='bbox 393 919 525 1003; x_wconf 79' lang='grc' dir='ltr'><strong>τροφῆς</strong></span> <span class='ocrx_word' id='word_1_22' title='bbox 546 914 603 978; x_wconf 78' lang='grc' dir='ltr'><strong>καὶ</strong></span> <span class='ocrx_word' id='word_1_23' title='bbox 625 913 818 999; x_wconf 76' lang='grc' dir='ltr'><strong>αὐξήσεως.</strong></span> <span class='ocrx_word' id='word_1_24' title='bbox 1073 914 1156 1000; x_wconf 78' lang='grc' dir='ltr'><strong>Περὶ</strong></span> <span class='ocrx_word' id='word_1_25' title='bbox 1183 919 1325 999; x_wconf 79' lang='grc' dir='ltr'><strong>τροφῆς.</strong></span> 
     </span>
     <span class='ocr_line' id='line_1_6' title="bbox 248 1048 851 1139; baseline -0.002 -24"><span class='ocrx_word' id='word_1_26' title='bbox 248 1048 485 1139; x_wconf 81' lang='grc' dir='ltr'><strong>Ἐριπεόοκλής</strong></span> <span class='ocrx_word' id='word_1_27' title='bbox 515 1051 673 1137; x_wconf 82' lang='grc' dir='ltr'><strong>τρέφεσθαι</strong></span> <span class='ocrx_word' id='word_1_28' title='bbox 703 1052 755 1134; x_wconf 73' lang='grc' dir='ltr'><strong>μὲν</strong></span> <span class='ocrx_word' id='word_1_29' title='bbox 783 1051 851 1115; x_wconf 78' lang='grc' dir='ltr'><strong>τόΙ</strong></span> 
     </span>
     <span class='ocr_line' id='line_1_7' title="bbox 192 1153 821 1238; baseline -0.002 -21"><span class='ocrx_word' id='word_1_30' title='bbox 192 1153 278 1238; x_wconf 77' lang='grc' dir='ltr'><strong>σζιγῖα</strong></span> <span class='ocrx_word' id='word_1_31' title='bbox 298 1153 347 1218; x_wconf 81' lang='grc' dir='ltr'><strong>διὰ</strong></span> <span class='ocrx_word' id='word_1_32' title='bbox 367 1155 419 1238; x_wconf 83' lang='grc' dir='ltr'><strong>τήν</strong></span> <span class='ocrx_word' id='word_1_33' title='bbox 442 1153 598 1218; x_wconf 73' lang='grc' dir='ltr'>ὑπόστασιν</span> <span class='ocrx_word' id='word_1_34' title='bbox 624 1157 676 1217; x_wconf 81' lang='grc' dir='ltr'><strong>τοῦ</strong></span> <span class='ocrx_word' id='word_1_35' title='bbox 703 1153 821 1231; x_wconf 82' lang='grc' dir='ltr'><strong>οἰκείου,</strong></span> 
     </span>
     <span class='ocr_line' id='line_1_8' title="bbox 211 1254 821 1341; baseline 0 -23"><span class='ocrx_word' id='word_1_36' title='bbox 211 1254 349 1324; x_wconf 79' lang='grc' dir='ltr'><strong>αὔξεσθαι</strong></span> <span class='ocrx_word' id='word_1_37' title='bbox 378 1256 412 1319; x_wconf 79' lang='grc' dir='ltr'><strong>δὲ</strong></span> <span class='ocrx_word' id='word_1_38' title='bbox 438 1256 485 1319; x_wconf 78' lang='grc' dir='ltr'><strong>θιό</strong></span> <span class='ocrx_word' id='word_1_39' title='bbox 514 1256 567 1340; x_wconf 84' lang='grc' dir='ltr'><strong>τὴν</strong></span> <span class='ocrx_word' id='word_1_40' title='bbox 589 1256 748 1341; x_wconf 80' lang='grc' dir='ltr'><strong>παρουσίαν</strong></span> <span class='ocrx_word' id='word_1_41' title='bbox 769 1259 821 1318; x_wconf 80' lang='grc' dir='ltr'><strong>τοῦ</strong></span> 
     </span>
     <span class='ocr_line' id='line_1_9' title="bbox 212 1357 823 1443; baseline 0.002 -22"><span class='ocrx_word' id='word_1_42' title='bbox 212 1358 334 1442; x_wconf 79' lang='grc' dir='ltr'><strong>θερμοῦ,</strong></span> <span class='ocrx_word' id='word_1_43' title='bbox 358 1358 511 1441; x_wconf 82' lang='grc' dir='ltr'><strong>μειοῦσθαι</strong></span> <span class='ocrx_word' id='word_1_44' title='bbox 533 1359 567 1422; x_wconf 79' lang='grc' dir='ltr'><strong>δὲ</strong></span> <span class='ocrx_word' id='word_1_45' title='bbox 583 1359 631 1423; x_wconf 78' lang='grc' dir='ltr'><strong>καὶ</strong></span> <span class='ocrx_word' id='word_1_46' title='bbox 646 1357 757 1443; x_wconf 76' lang='grc' dir='ltr'>φθίνειν</span> <span class='ocrx_word' id='word_1_47' title='bbox 774 1358 823 1422; x_wconf 80' lang='grc' dir='ltr'><strong>διὰ</strong></span> 
     </span>
     <span class='ocr_line' id='line_1_10' title="bbox 213 1457 822 1546; baseline 0.002 -24"><span class='ocrx_word' id='word_1_48' title='bbox 213 1461 265 1544; x_wconf 81' lang='grc' dir='ltr'><strong>τήν</strong></span> <span class='ocrx_word' id='word_1_49' title='bbox 288 1457 413 1545; x_wconf 76' lang='grc' dir='ltr'><strong>ἔκλειψιν</strong></span> <span class='ocrx_word' id='word_1_50' title='bbox 440 1461 598 1546; x_wconf 81' lang='grc' dir='ltr'><strong>ἑκατέρων·</strong></span> <span class='ocrx_word' id='word_1_51' title='bbox 631 1461 697 1531; x_wconf 84' lang='grc' dir='ltr'><strong>τοίις</strong></span> <span class='ocrx_word' id='word_1_52' title='bbox 719 1461 752 1524; x_wconf 77' lang='grc' dir='ltr'><strong>δὲ</strong></span> <span class='ocrx_word' id='word_1_53' title='bbox 773 1465 822 1524; x_wconf 78' lang='grc' dir='ltr'><strong>νῦν</strong></span> 
     </span>
     <span class='ocr_line' id='line_1_11' title="bbox 214 1561 822 1648; baseline 0.002 -23"><span class='ocrx_word' id='word_1_54' title='bbox 214 1561 388 1646; x_wconf 76' lang='grc' dir='ltr'><strong>ἀνθρώπους</strong></span> <span class='ocrx_word' id='word_1_55' title='bbox 416 1567 476 1633; x_wconf 87' lang='grc' dir='ltr'><strong>τοῖς</strong></span> <span class='ocrx_word' id='word_1_56' title='bbox 505 1565 630 1648; x_wconf 84' lang='grc' dir='ltr'><strong>πρώτοις</strong></span> <span class='ocrx_word' id='word_1_57' title='bbox 663 1563 822 1648; x_wconf 82' lang='grc' dir='ltr'><strong>συμβαλλο-</strong></span> 
     </span>
     <span class='ocr_line' id='line_1_12' title="bbox 180 1664 702 1751; baseline -0.004 -24"><span class='ocrx_word' id='word_1_58' title='bbox 180 1683 204 1721; x_wconf 85' lang='lat'><strong>10</strong></span> <span class='ocrx_word' id='word_1_59' title='bbox 217 1665 319 1747; x_wconf 81' lang='grc' dir='ltr'><strong>μένους</strong></span> <span class='ocrx_word' id='word_1_60' title='bbox 341 1665 456 1750; x_wconf 82' lang='grc' dir='ltr'><strong>βρεφῶν</strong></span> <span class='ocrx_word' id='word_1_61' title='bbox 479 1666 594 1751; x_wconf 79' lang='grc' dir='ltr'><strong>ἐπέχειν</strong></span> <span class='ocrx_word' id='word_1_62' title='bbox 615 1664 702 1734; x_wconf 83' lang='grc' dir='ltr'><strong>τάξιν.</strong></span> 
     </span>
     <span class='ocr_line' id='line_1_13' title="bbox 254 1764 859 1852; baseline 0 -21"><span class='ocrx_word' id='word_1_63' title='bbox 254 1764 487 1851; x_wconf 73' lang='grc' dir='ltr'><strong>Ἀναξαγόρας</strong></span> <span class='ocrx_word' id='word_1_64' title='bbox 509 1768 666 1852; x_wconf 82' lang='grc' dir='ltr'><strong>τρέφεσθαι</strong></span> <span class='ocrx_word' id='word_1_65' title='bbox 687 1768 739 1850; x_wconf 76' lang='grc' dir='ltr'><strong>μὲν</strong></span> <span class='ocrx_word' id='word_1_66' title='bbox 762 1810 770 1826; x_wconf 87' lang='lat'><strong>·</strong></span> <span class='ocrx_word' id='word_1_67' title='bbox 816 1785 859 1838; x_wconf 61' lang='grc' dir='ltr'><strong>ιν</strong></span> 
     </span>
    </p>
   </div>
   <div class='ocr_carea' id='block_1_5' title="bbox 183 2179 1447 2381">
    <p class='ocr_par' dir='ltr' id='par_1_5' title="bbox 183 2179 1447 2381">
     <span class='ocr_line' id='line_1_14' title="bbox 218 2179 1447 2278; baseline -0.016 -21"><span class='ocrx_word' id='word_1_68' title='bbox 218 2196 266 2275; x_wconf 59' lang='grc' dir='ltr'><strong>ἦ.</strong></span> <span class='ocrx_word' id='word_1_69' title='bbox 310 2190 427 2256; x_wconf 77' lang='grc' dir='ltr'><strong>Πόθεν</strong></span> <span class='ocrx_word' id='word_1_70' title='bbox 450 2195 486 2256; x_wconf 83' lang='grc' dir='ltr'><strong>αἱ</strong></span> <span class='ocrx_word' id='word_1_71' title='bbox 510 2193 648 2278; x_wconf 79' lang='grc' dir='ltr'><strong>ὀρέξεις</strong></span> <span class='ocrx_word' id='word_1_72' title='bbox 669 2196 828 2278; x_wconf 88' lang='grc' dir='ltr'><strong>γίνονται</strong></span> <span class='ocrx_word' id='word_1_73' title='bbox 966 2186 1049 2271; x_wconf 79' lang='grc' dir='ltr'><strong>Περὶ</strong></span> <span class='ocrx_word' id='word_1_74' title='bbox 1072 2183 1224 2269; x_wconf 81' lang='grc' dir='ltr'><strong>ὀρέξεως</strong></span> <span class='ocrx_word' id='word_1_75' title='bbox 1246 2186 1312 2244; x_wconf 84' lang='grc' dir='ltr'><strong>τῶν</strong></span> <span class='ocrx_word' id='word_1_76' title='bbox 1336 2179 1447 2266; x_wconf 76' lang='grc' dir='ltr'><strong>ζῴων.</strong></span> 
     </span>
     <span class='ocr_line' id='line_1_15' title="bbox 183 2293 774 2381; baseline 0.012 -26"><span class='ocrx_word' id='word_1_77' title='bbox 183 2315 208 2354; x_wconf 77' lang='grc' dir='ltr'><strong>ιο</strong></span> <span class='ocrx_word' id='word_1_78' title='bbox 275 2298 350 2364; x_wconf 85' lang='grc' dir='ltr'><strong>τοῖς</strong></span> <span class='ocrx_word' id='word_1_79' title='bbox 373 2293 481 2379; x_wconf 75' lang='grc' dir='ltr'><strong>ζῴοις</strong></span> <span class='ocrx_word' id='word_1_80' title='bbox 503 2296 560 2359; x_wconf 82' lang='grc' dir='ltr'><strong>καὶ</strong></span> <span class='ocrx_word' id='word_1_81' title='bbox 582 2297 618 2359; x_wconf 90' lang='grc' dir='ltr'><strong>αί</strong></span> <span class='ocrx_word' id='word_1_82' title='bbox 641 2298 774 2381; x_wconf 83' lang='grc' dir='ltr'><strong>ήθοναί.</strong></span> 
     </span>
    </p>
   </div>
   <div class='ocr_carea' id='block_1_6' title="bbox 153 2428 861 3027">
    <p class='ocr_par' dir='ltr' id='par_1_6' title="bbox 153 2428 861 2823">
     <span class='ocr_line' id='line_1_16' title="bbox 153 2428 861 2517; baseline -0.003 -22"><span class='ocrx_word' id='word_1_83' title='bbox 153 2462 156 2467; x_wconf 94' lang='grc'><em>·</em></span> <span class='ocrx_word' id='word_1_84' title='bbox 257 2428 494 2514; x_wconf 76' lang='grc' dir='ltr'><strong>Ἐμπεδοκλῆς</strong></span> <span class='ocrx_word' id='word_1_85' title='bbox 516 2432 567 2502; x_wconf 79' lang='grc' dir='ltr'><strong>τὰς</strong></span> <span class='ocrx_word' id='word_1_86' title='bbox 590 2433 641 2515; x_wconf 79' lang='grc' dir='ltr'><strong>μέν</strong></span> <span class='ocrx_word' id='word_1_87' title='bbox 665 2432 771 2517; x_wconf 76' lang='grc' dir='ltr'><strong>ὀρέξεις</strong></span> <span class='ocrx_word' id='word_1_88' title='bbox 789 2435 828 2516; x_wconf 87' lang='grc' dir='ltr'><strong>γί-</strong></span> <span class='ocrx_word' id='word_1_89' title='bbox 848 2442 861 2493; x_wconf 89' lang='grc'><strong>1</strong></span> 
     </span>
     <span class='ocr_line' id='line_1_17' title="bbox 219 2533 830 2620; baseline 0.002 -23"><span class='ocrx_word' id='word_1_90' title='bbox 219 2533 320 2597; x_wconf 90' lang='grc' dir='ltr'><strong>νεσθαι</strong></span> <span class='ocrx_word' id='word_1_91' title='bbox 342 2539 401 2604; x_wconf 82' lang='grc' dir='ltr'><strong>τοῖς</strong></span> <span class='ocrx_word' id='word_1_92' title='bbox 425 2533 511 2620; x_wconf 80' lang='grc' dir='ltr'><strong>ζιγίοις</strong></span> <span class='ocrx_word' id='word_1_93' title='bbox 534 2533 607 2596; x_wconf 77' lang='grc' dir='ltr'><strong>κατὰ</strong></span> <span class='ocrx_word' id='word_1_94' title='bbox 626 2533 676 2602; x_wconf 77' lang='grc' dir='ltr'><strong>τὰς</strong></span> <span class='ocrx_word' id='word_1_95' title='bbox 691 2533 830 2619; x_wconf 75' lang='grc' dir='ltr'><strong>ἐλλείψεις</strong></span> 
     </span>
     <span class='ocr_line' id='line_1_18' title="bbox 219 2635 831 2721; baseline 0.003 -23"><span class='ocrx_word' id='word_1_96' title='bbox 219 2640 278 2699; x_wconf 85' lang='grc' dir='ltr'><strong>τῶν</strong></span> <span class='ocrx_word' id='word_1_97' title='bbox 298 2636 515 2700; x_wconf 79' lang='grc' dir='ltr'><strong>ἀποτελούντων</strong></span> <span class='ocrx_word' id='word_1_98' title='bbox 530 2635 652 2700; x_wconf 79' lang='grc' dir='ltr'><strong>ἕκαστον</strong></span> <span class='ocrx_word' id='word_1_99' title='bbox 668 2636 831 2721; x_wconf 85' lang='grc' dir='ltr'><strong>στοιχείων,</strong></span> 
     </span>
     <span class='ocr_line' id='line_1_19' title="bbox 221 2737 832 2823; baseline 0.003 -23"><span class='ocrx_word' id='word_1_100' title='bbox 221 2738 271 2807; x_wconf 79' lang='grc' dir='ltr'><strong>τὰς</strong></span> <span class='ocrx_word' id='word_1_101' title='bbox 291 2738 324 2801; x_wconf 81' lang='grc' dir='ltr'><strong>δὲ</strong></span> <span class='ocrx_word' id='word_1_102' title='bbox 338 2737 445 2822; x_wconf 81' lang='grc' dir='ltr'><strong>ήόονὰς</strong></span> <span class='ocrx_word' id='word_1_103' title='bbox 467 2737 530 2820; x_wconf 73' lang='grc' dir='ltr'><strong>ὀξή</strong></span> <span class='ocrx_word' id='word_1_104' title='bbox 543 2738 630 2823; x_wconf 82' lang='grc' dir='ltr'><strong>ὑγροῦ</strong></span> <span class='ocrx_word' id='word_1_105' title='bbox 645 2739 692 2801; x_wconf 87' lang='grc' dir='ltr'><strong>καὶ</strong></span> <span class='ocrx_word' id='word_1_106' title='bbox 708 2738 759 2808; x_wconf 80' lang='grc' dir='ltr'><strong>τὰς</strong></span> <span class='ocrx_word' id='word_1_107' title='bbox 773 2743 832 2802; x_wconf 83' lang='grc' dir='ltr'><strong>τῶν</strong></span> 
     </span>
    </p>

    <p class='ocr_par' dir='ltr' id='par_1_7' title="bbox 186 2839 833 3027">
     <span class='ocr_line' id='line_1_20' title="bbox 186 2839 833 2926; baseline 0.008 -27"><span class='ocrx_word' id='word_1_108' title='bbox 186 2839 360 2903; x_wconf 80' lang='grc' dir='ltr'><strong>ιοκινδίινων</strong></span> <span class='ocrx_word' id='word_1_109' title='bbox 383 2840 431 2904; x_wconf 87' lang='grc' dir='ltr'><strong>καὶ</strong></span> <span class='ocrx_word' id='word_1_110' title='bbox 454 2840 563 2922; x_wconf 79' lang='grc' dir='ltr'><strong>ὁμοίων</strong></span> <span class='ocrx_word' id='word_1_111' title='bbox 578 2841 714 2926; x_wconf 83' lang='grc' dir='ltr'><strong>κινήσεις,</strong></span> <span class='ocrx_word' id='word_1_112' title='bbox 735 2841 786 2910; x_wconf 81' lang='grc' dir='ltr'><strong>τὰς</strong></span> <span class='ocrx_word' id='word_1_113' title='bbox 800 2841 833 2904; x_wconf 80' lang='grc' dir='ltr'><strong>δὲ</strong></span> 
     </span>
     <span class='ocr_line' id='line_1_21' title="bbox 223 2942 830 3027; baseline 0.005 -23"><span class='ocrx_word' id='word_1_114' title='bbox 223 2942 361 3027; x_wconf 82' lang='grc' dir='ltr'><strong>ὀχλήσεις</strong></span> <span class='ocrx_word' id='word_1_115' title='bbox 383 2943 432 3006; x_wconf 87' lang='grc' dir='ltr'><strong>καὶ</strong></span> <span class='ocrx_word' id='word_1_116' title='bbox 454 2942 505 3012; x_wconf 80' lang='grc' dir='ltr'><strong>τὰς</strong></span> <span class='ocrx_word' id='word_1_117' title='bbox 557 2989 830 3007; x_wconf 86' lang='grc'><strong>......</strong></span> 
     </span>
    </p>
   </div>
   <div class='ocr_carea' id='block_1_7' title="bbox 182 3191 842 5033">
    <p class='ocr_par' dir='ltr' id='par_1_8' title="bbox 182 3191 835 3351">
     <span class='ocr_line' id='line_1_22' title="bbox 218 3191 832 3269; baseline 0.002 -21"><span class='ocrx_word' id='word_1_118' title='bbox 218 3198 228 3248; x_wconf 97' lang='lat' dir='ltr'>l</span> <span class='ocrx_word' id='word_1_119' title='bbox 260 3191 312 3246; x_wconf 81' lang='grc' dir='ltr'><strong>ἀλλ’</strong></span> <span class='ocrx_word' id='word_1_120' title='bbox 345 3194 375 3246; x_wconf 83' lang='grc' dir='ltr'><strong>έκ</strong></span> <span class='ocrx_word' id='word_1_121' title='bbox 401 3202 446 3250; x_wconf 82' lang='grc' dir='ltr'><strong>τοῦ</strong></span> <span class='ocrx_word' id='word_1_122' title='bbox 473 3195 606 3269; x_wconf 85' lang='grc' dir='ltr'><strong>τρέφεσθαι</strong></span> <span class='ocrx_word' id='word_1_123' title='bbox 633 3201 738 3263; x_wconf 82' lang='lat' dir='ltr'>(A)BC:</span> <span class='ocrx_word' id='word_1_124' title='bbox 767 3216 832 3251; x_wconf 79' lang='lat' dir='ltr'>corr.</span> 
     </span>
     <span class='ocr_line' id='line_1_23' title="bbox 182 3283 835 3351; baseline 0.003 -17"><span class='ocrx_word' id='word_1_125' title='bbox 182 3283 353 3350; x_wconf 75' lang='lat' dir='ltr'><strong>wyttenbaeh</strong></span> <span class='ocrx_word' id='word_1_126' title='bbox 372 3288 404 3338; x_wconf 79' lang='lat' dir='ltr'><strong>cf.</strong></span> <span class='ocrx_word' id='word_1_127' title='bbox 423 3288 458 3351; x_wconf 59' lang='grc' dir='ltr'><strong>(ἦ</strong></span> <span class='ocrx_word' id='word_1_128' title='bbox 476 3285 502 3338; x_wconf 77' lang='grc' dir='ltr'><strong>αἱ</strong></span> <span class='ocrx_word' id='word_1_129' title='bbox 520 3290 633 3350; x_wconf 72' lang='lat' dir='ltr'><strong>(servato</strong></span> <span class='ocrx_word' id='word_1_130' title='bbox 652 3286 835 3349; x_wconf 76' lang='grc' dir='ltr'><strong>έκ)1)ιιεόυεε</strong></span> 
     </span>
    </p>

    <p class='ocr_par' dir='ltr' id='par_1_9' title="bbox 217 3369 645 3442">
     <span class='ocr_line' id='line_1_24' title="bbox 217 3369 645 3442; baseline 0.007 -19"><span class='ocrx_word' id='word_1_131' title='bbox 217 3369 233 3423; x_wconf 88' lang='lat'><strong>5</strong></span> <span class='ocrx_word' id='word_1_132' title='bbox 251 3370 345 3423; x_wconf 88' lang='grc' dir='ltr'><strong>οίκείου</strong></span> <span class='ocrx_word' id='word_1_133' title='bbox 363 3369 440 3442; x_wconf 75' lang='grc' dir='ltr'><strong>ὑγροῦ</strong></span> <span class='ocrx_word' id='word_1_134' title='bbox 458 3377 525 3425; x_wconf 83' lang='grc' dir='ltr'><strong>οοοί.</strong></span> <span class='ocrx_word' id='word_1_135' title='bbox 544 3376 645 3426; x_wconf 75' lang='lat' dir='ltr'>Usener</span> 
     </span>
    </p>

    <p class='ocr_par' dir='ltr' id='par_1_10' title="bbox 182 3459 835 3706">
     <span class='ocr_line' id='line_1_25' title="bbox 218 3459 835 3526; baseline 0.005 -17"><span class='ocrx_word' id='word_1_136' title='bbox 218 3459 249 3510; x_wconf 90' lang='grc'><strong>11</strong></span> <span class='ocrx_word' id='word_1_137' title='bbox 269 3469 369 3511; x_wconf 73' lang='lat' dir='ltr'>tantum</span> <span class='ocrx_word' id='word_1_138' title='bbox 390 3470 474 3513; x_wconf 74' lang='lat' dir='ltr'>exstat</span> <span class='ocrx_word' id='word_1_139' title='bbox 492 3463 518 3512; x_wconf 90' lang='lat' dir='ltr'><strong>in</strong></span> <span class='ocrx_word' id='word_1_140' title='bbox 536 3461 586 3512; x_wconf 83' lang='lat' dir='ltr'><strong>AB</strong></span> <span class='ocrx_word' id='word_1_141' title='bbox 605 3478 619 3511; x_wconf 84' lang='grc' dir='ltr'><strong>ε</strong></span> <span class='ocrx_word' id='word_1_142' title='bbox 642 3463 735 3512; x_wconf 76' lang='lat' dir='ltr'><strong>lacuna</strong></span> <span class='ocrx_word' id='word_1_143' title='bbox 758 3476 835 3526; x_wconf 83' lang='lat' dir='ltr'><strong>quam</strong></span> 
     </span>
     <span class='ocr_line' id='line_1_26' title="bbox 182 3549 834 3612; baseline 0.005 -16"><span class='ocrx_word' id='word_1_144' title='bbox 182 3562 263 3597; x_wconf 75' lang='lat' dir='ltr'><strong>vacuo</strong></span> <span class='ocrx_word' id='word_1_145' title='bbox 286 3550 370 3612; x_wconf 72' lang='lat' dir='ltr'><strong>spatio</strong></span> <span class='ocrx_word' id='word_1_146' title='bbox 394 3549 504 3600; x_wconf 87' lang='lat' dir='ltr'>duorum</span> <span class='ocrx_word' id='word_1_147' title='bbox 522 3564 641 3601; x_wconf 73' lang='lat' dir='ltr'>versuum</span> <span class='ocrx_word' id='word_1_148' title='bbox 659 3552 784 3602; x_wconf 69' lang='lat' dir='ltr'>indicavit</span> <span class='ocrx_word' id='word_1_149' title='bbox 801 3550 834 3609; x_wconf 85' lang='grc' dir='ltr'><strong>Α,</strong></span> 
     </span>
     <span class='ocr_line' id='line_1_27' title="bbox 182 3630 790 3706; baseline 0.005 -22"><span class='ocrx_word' id='word_1_150' title='bbox 182 3636 372 3698; x_wconf 77' lang='grc' dir='ltr'><strong>εεειγαίσλιοιίαε</strong></span> <span class='ocrx_word' id='word_1_151' title='bbox 385 3636 420 3686; x_wconf 90' lang='lat' dir='ltr'><strong>B:</strong></span> <span class='ocrx_word' id='word_1_152' title='bbox 438 3630 688 3706; x_wconf 76' lang='grc' dir='ltr'><strong>Ἀναξαγόρας-μὲν</strong></span> <span class='ocrx_word' id='word_1_153' title='bbox 704 3653 755 3688; x_wconf 90' lang='lat' dir='ltr'><strong>om.</strong></span> <span class='ocrx_word' id='word_1_154' title='bbox 768 3636 790 3687; x_wconf 84' lang='lat' dir='ltr'>C</span> 
     </span>
    </p>

    <p class='ocr_par' dir='ltr' id='par_1_11' title="bbox 184 3719 837 3878">
     <span class='ocr_line' id='line_1_28' title="bbox 219 3719 837 3791; baseline 0.003 -18"><span class='ocrx_word' id='word_1_155' title='bbox 219 3720 252 3774; x_wconf 86' lang='grc'><strong>15</strong></span> <span class='ocrx_word' id='word_1_156' title='bbox 271 3719 297 3772; x_wconf 78' lang='grc' dir='ltr'><strong>αἱ</strong></span> <span class='ocrx_word' id='word_1_157' title='bbox 315 3735 375 3774; x_wconf 80' lang='lat' dir='ltr'>anto</span> <span class='ocrx_word' id='word_1_158' title='bbox 393 3721 479 3791; x_wconf 81' lang='grc' dir='ltr'><strong>ήόοναὶ</strong></span> <span class='ocrx_word' id='word_1_159' title='bbox 491 3727 516 3774; x_wconf 84' lang='grc' dir='ltr'>Α</span> <span class='ocrx_word' id='word_1_160' title='bbox 529 3724 602 3789; x_wconf 86' lang='lat' dir='ltr'><strong>[ind.‚</strong></span> <span class='ocrx_word' id='word_1_161' title='bbox 622 3728 649 3776; x_wconf 89' lang='lat' dir='ltr'><strong>in</strong></span> <span class='ocrx_word' id='word_1_162' title='bbox 668 3736 737 3777; x_wconf 85' lang='lat' dir='ltr'><strong>cont.</strong></span> <span class='ocrx_word' id='word_1_163' title='bbox 756 3733 837 3775; x_wconf 83' lang='lat' dir='ltr'><strong>totum</strong></span> 
     </span>
     <span class='ocr_line' id='line_1_29' title="bbox 184 3810 693 3878; baseline 0.006 -18"><span class='ocrx_word' id='word_1_164' title='bbox 184 3819 261 3875; x_wconf 71' lang='lat' dir='ltr'><strong>eaput</strong></span> <span class='ocrx_word' id='word_1_165' title='bbox 281 3810 401 3876; x_wconf 85' lang='lat' dir='ltr'>excidit],</span> <span class='ocrx_word' id='word_1_166' title='bbox 420 3812 477 3864; x_wconf 72' lang='lat'><strong>0132</strong></span> <span class='ocrx_word' id='word_1_167' title='bbox 501 3812 526 3865; x_wconf 77' lang='grc' dir='ltr'><strong>αἱ</strong></span> <span class='ocrx_word' id='word_1_168' title='bbox 545 3829 595 3864; x_wconf 82' lang='lat' dir='ltr'><strong>om.</strong></span> <span class='ocrx_word' id='word_1_169' title='bbox 615 3814 693 3878; x_wconf 81' lang='lat' dir='ltr'>vulgo</span> 
     </span>
    </p>

    <p class='ocr_par' dir='ltr' id='par_1_12' title="bbox 220 3901 416 3962">
     <span class='ocr_line' id='line_1_30' title="bbox 220 3901 416 3962; baseline 0.005 -6"><span class='ocrx_word' id='word_1_170' title='bbox 220 3904 253 3956; x_wconf 90' lang='lat'><strong>18</strong></span> <span class='ocrx_word' id='word_1_171' title='bbox 272 3901 416 3962; x_wconf 76' lang='grc' dir='ltr'><strong>ίκαστοςθ</strong></span> 
     </span>
    </p>

    <p class='ocr_par' dir='ltr' id='par_1_13' title="bbox 184 3991 842 4857">
     <span class='ocr_line' id='line_1_31' title="bbox 223 3991 838 4058; baseline -0.003 -15"><span class='ocrx_word' id='word_1_172' title='bbox 223 3991 254 4044; x_wconf 87' lang='grc'><strong>19</strong></span> <span class='ocrx_word' id='word_1_173' title='bbox 286 4001 407 4057; x_wconf 77' lang='lat' dir='ltr'>corrupta</span> <span class='ocrx_word' id='word_1_174' title='bbox 440 3991 580 4058; x_wconf 76' lang='lat' dir='ltr'><strong>archetypo</strong></span> <span class='ocrx_word' id='word_1_175' title='bbox 616 3992 763 4043; x_wconf 74' lang='lat' dir='ltr'><strong>oblitterato</strong></span> <span class='ocrx_word' id='word_1_176' title='bbox 794 3993 838 4041; x_wconf 85' lang='lat' dir='ltr'><strong>vix</strong></span> 
     </span>
     <span class='ocr_line' id='line_1_32' title="bbox 184 4079 840 4145; baseline -0.002 -15"><span class='ocrx_word' id='word_1_177' title='bbox 184 4082 283 4130; x_wconf 78' lang='lat' dir='ltr'>restitui</span> <span class='ocrx_word' id='word_1_178' title='bbox 301 4087 417 4145; x_wconf 76' lang='lat' dir='ltr'><strong>possunt.</strong></span> <span class='ocrx_word' id='word_1_179' title='bbox 445 4079 478 4129; x_wconf 78' lang='lat' dir='ltr'><strong>do</strong></span> <span class='ocrx_word' id='word_1_180' title='bbox 501 4094 528 4128; x_wconf 82' lang='lat' dir='ltr'><strong>re</strong></span> <span class='ocrx_word' id='word_1_181' title='bbox 548 4081 579 4130; x_wconf 79' lang='lat' dir='ltr'><strong>cf.</strong></span> <span class='ocrx_word' id='word_1_182' title='bbox 597 4079 637 4130; x_wconf 91' lang='lat' dir='ltr'><strong>IV</strong></span> <span class='ocrx_word' id='word_1_183' title='bbox 651 4079 666 4130; x_wconf 88' lang='grc'>9</span> <span class='ocrx_word' id='word_1_184' title='bbox 679 4088 710 4128; x_wconf 78' lang='grc' dir='ltr'><strong>ιο.</strong></span> <span class='ocrx_word' id='word_1_185' title='bbox 729 4080 840 4130; x_wconf 73' lang='grc' dir='ltr'><strong>Καικίου</strong></span> 
     </span>
     <span class='ocr_line' id='line_1_33' title="bbox 186 4162 840 4236; baseline -0.002 -18"><span class='ocrx_word' id='word_1_186' title='bbox 186 4176 267 4218; x_wconf 77' lang='lat' dir='ltr'>tentat</span> <span class='ocrx_word' id='word_1_187' title='bbox 288 4165 332 4223; x_wconf 78' lang='grc' dir='ltr'><strong>τὰς</strong></span> <span class='ocrx_word' id='word_1_188' title='bbox 354 4164 380 4218; x_wconf 77' lang='grc' dir='ltr'><strong>ὀί</strong></span> <span class='ocrx_word' id='word_1_189' title='bbox 402 4164 493 4235; x_wconf 80' lang='grc' dir='ltr'><strong>ήόονιλς</strong></span> <span class='ocrx_word' id='word_1_190' title='bbox 515 4162 686 4236; x_wconf 74' lang='grc' dir='ltr'><strong>ἐξεργάζεσθαι</strong></span> <span class='ocrx_word' id='word_1_191' title='bbox 708 4164 774 4217; x_wconf 78' lang='grc' dir='ltr'><strong>κατὰ</strong></span> <span class='ocrx_word' id='word_1_192' title='bbox 795 4165 840 4224; x_wconf 80' lang='grc' dir='ltr'><strong>τὰς</strong></span> 
     </span>
     <span class='ocr_line' id='line_1_34' title="bbox 185 4249 837 4321; baseline 0 -18"><span class='ocrx_word' id='word_1_193' title='bbox 185 4257 237 4304; x_wconf 83' lang='grc' dir='ltr'><strong>τῶν</strong></span> <span class='ocrx_word' id='word_1_194' title='bbox 268 4251 368 4303; x_wconf 83' lang='grc' dir='ltr'><strong>οἰκείων</strong></span> <span class='ocrx_word' id='word_1_195' title='bbox 400 4253 443 4304; x_wconf 87' lang='grc' dir='ltr'><strong>καλ</strong></span> <span class='ocrx_word' id='word_1_196' title='bbox 470 4250 564 4320; x_wconf 84' lang='grc' dir='ltr'><strong>ὁμοίων</strong></span> <span class='ocrx_word' id='word_1_197' title='bbox 592 4252 713 4321; x_wconf 84' lang='grc' dir='ltr'><strong>κινήσεις,</strong></span> <span class='ocrx_word' id='word_1_198' title='bbox 745 4252 790 4310; x_wconf 81' lang='grc' dir='ltr'><strong>τὰς</strong></span> <span class='ocrx_word' id='word_1_199' title='bbox 813 4249 837 4303; x_wconf 81' lang='grc' dir='ltr'><strong>θ’</strong></span> 
     </span>
     <span class='ocr_line' id='line_1_35' title="bbox 186 4336 841 4410; baseline 0.002 -18"><span class='ocrx_word' id='word_1_200' title='bbox 186 4338 301 4410; x_wconf 85' lang='grc' dir='ltr'><strong>ὀχλήσεις</strong></span> <span class='ocrx_word' id='word_1_201' title='bbox 332 4340 375 4392; x_wconf 84' lang='grc' dir='ltr'><strong>καλ</strong></span> <span class='ocrx_word' id='word_1_202' title='bbox 400 4338 445 4396; x_wconf 79' lang='grc' dir='ltr'><strong>τὰς</strong></span> <span class='ocrx_word' id='word_1_203' title='bbox 476 4336 613 4408; x_wconf 79' lang='grc' dir='ltr'><strong>ἀλγήόὀνας</strong></span> <span class='ocrx_word' id='word_1_204' title='bbox 642 4345 694 4399; x_wconf 84' lang='grc' dir='ltr'><strong>τοῖς</strong></span> <span class='ocrx_word' id='word_1_205' title='bbox 716 4339 841 4397; x_wconf 70' lang='grc' dir='ltr'><strong>ἐναντίοις.</strong></span> 
     </span>
     <span class='ocr_line' id='line_1_36' title="bbox 187 4424 842 4496; baseline -0.006 -12"><span class='ocrx_word' id='word_1_206' title='bbox 187 4432 329 4484; x_wconf 84' lang='lat' dir='ltr'>Schneider</span> <span class='ocrx_word' id='word_1_207' title='bbox 351 4432 481 4496; x_wconf 81' lang='lat' dir='ltr'>Theophr.</span> <span class='ocrx_word' id='word_1_208' title='bbox 500 4432 529 4482; x_wconf 93' lang='lat'><strong>11</strong></span> <span class='ocrx_word' id='word_1_209' title='bbox 548 4429 599 4483; x_wconf 74' lang='lat'><strong>617</strong></span> <span class='ocrx_word' id='word_1_210' title='bbox 627 4428 672 4486; x_wconf 75' lang='grc' dir='ltr'><strong>τὰς</strong></span> <span class='ocrx_word' id='word_1_211' title='bbox 699 4424 725 4478; x_wconf 80' lang='grc' dir='ltr'><strong>ὀί</strong></span> <span class='ocrx_word' id='word_1_212' title='bbox 751 4425 842 4496; x_wconf 82' lang='grc' dir='ltr'><strong>ήόονᾶς</strong></span> 
     </span>
     <span class='ocr_line' id='line_1_37' title="bbox 187 4517 840 4591; baseline 0 -20"><span class='ocrx_word' id='word_1_213' title='bbox 187 4519 226 4572; x_wconf 81' lang='grc' dir='ltr'><strong>διὰ</strong></span> <span class='ocrx_word' id='word_1_214' title='bbox 243 4520 287 4578; x_wconf 76' lang='grc' dir='ltr'><strong>τὰς</strong></span> <span class='ocrx_word' id='word_1_215' title='bbox 305 4525 357 4572; x_wconf 83' lang='grc' dir='ltr'><strong>τῶν</strong></span> <span class='ocrx_word' id='word_1_216' title='bbox 375 4517 468 4588; x_wconf 82' lang='grc' dir='ltr'><strong>ὁμοίων</strong></span> <span class='ocrx_word' id='word_1_217' title='bbox 486 4519 603 4589; x_wconf 84' lang='grc' dir='ltr'><strong>κινήσεις,</strong></span> <span class='ocrx_word' id='word_1_218' title='bbox 624 4519 669 4579; x_wconf 83' lang='grc' dir='ltr'><strong>τὰς</strong></span> <span class='ocrx_word' id='word_1_219' title='bbox 685 4519 705 4573; x_wconf 81' lang='grc' dir='ltr'><strong>δ’</strong></span> <span class='ocrx_word' id='word_1_220' title='bbox 726 4519 840 4591; x_wconf 85' lang='grc' dir='ltr'><strong>ὀχλήσεις</strong></span> 
     </span>
     <span class='ocr_line' id='line_1_38' title="bbox 187 4609 840 4677; baseline 0 -14"><span class='ocrx_word' id='word_1_221' title='bbox 187 4612 227 4668; x_wconf 72' lang='grc' dir='ltr'><strong>1ιό</strong></span> <span class='ocrx_word' id='word_1_222' title='bbox 244 4611 288 4669; x_wconf 82' lang='grc' dir='ltr'><strong>τὰς</strong></span> <span class='ocrx_word' id='word_1_223' title='bbox 305 4615 358 4662; x_wconf 83' lang='grc' dir='ltr'><strong>τῶν</strong></span> <span class='ocrx_word' id='word_1_224' title='bbox 375 4609 501 4663; x_wconf 84' lang='grc' dir='ltr'><strong>ίναντίων.</strong></span> <span class='ocrx_word' id='word_1_225' title='bbox 520 4612 626 4677; x_wconf 68' lang='lat' dir='ltr'>propius</span> <span class='ocrx_word' id='word_1_226' title='bbox 643 4626 660 4662; x_wconf 85' lang='grc' dir='ltr'><strong>ε</strong></span> <span class='ocrx_word' id='word_1_227' title='bbox 678 4614 777 4663; x_wconf 79' lang='lat' dir='ltr'>traditis</span> <span class='ocrx_word' id='word_1_228' title='bbox 796 4615 840 4663; x_wconf 81' lang='lat' dir='ltr'><strong>ab·</strong></span> 
     </span>
     <span class='ocr_line' id='line_1_39' title="bbox 188 4695 842 4766; baseline -0.009 -9"><span class='ocrx_word' id='word_1_229' title='bbox 188 4713 273 4757; x_wconf 74' lang='lat' dir='ltr'>essent</span> <span class='ocrx_word' id='word_1_230' title='bbox 295 4704 371 4753; x_wconf 78' lang='lat' dir='ltr'><strong>haec:</strong></span> <span class='ocrx_word' id='word_1_231' title='bbox 394 4699 439 4757; x_wconf 75' lang='grc' dir='ltr'><strong>τὰς</strong></span> <span class='ocrx_word' id='word_1_232' title='bbox 460 4697 487 4750; x_wconf 82' lang='grc' dir='ltr'><strong>ὀλ</strong></span> <span class='ocrx_word' id='word_1_233' title='bbox 509 4696 599 4766; x_wconf 75' lang='grc' dir='ltr'><strong>ἡδονὰς</strong></span> <span class='ocrx_word' id='word_1_234' title='bbox 621 4695 647 4758; x_wconf 79' lang='grc' dir='ltr'><strong>ὀξ</strong></span> <span class='ocrx_word' id='word_1_235' title='bbox 666 4697 758 4751; x_wconf 91' lang='grc' dir='ltr'><strong>οίκείου</strong></span> <span class='ocrx_word' id='word_1_236' title='bbox 776 4699 842 4751; x_wconf 80' lang='grc' dir='ltr'><strong>κατὰ</strong></span> 
     </span>
     <span class='ocr_line' id='line_1_40' title="bbox 188 4783 842 4857; baseline -0.008 -14"><span class='ocrx_word' id='word_1_237' title='bbox 188 4791 232 4849; x_wconf 82' lang='grc' dir='ltr'><strong>τὰς</strong></span> <span class='ocrx_word' id='word_1_238' title='bbox 244 4793 296 4841; x_wconf 83' lang='grc' dir='ltr'><strong>τῶν</strong></span> <span class='ocrx_word' id='word_1_239' title='bbox 309 4792 431 4857; x_wconf 85' lang='grc' dir='ltr'><strong>συγγενῶν</strong></span> <span class='ocrx_word' id='word_1_240' title='bbox 443 4787 487 4838; x_wconf 87' lang='grc' dir='ltr'><strong>καὶ</strong></span> <span class='ocrx_word' id='word_1_241' title='bbox 499 4783 594 4853; x_wconf 84' lang='grc' dir='ltr'><strong>ὁμοίων</strong></span> <span class='ocrx_word' id='word_1_242' title='bbox 607 4786 714 4854; x_wconf 81' lang='grc' dir='ltr'><strong>κράσεις,</strong></span> <span class='ocrx_word' id='word_1_243' title='bbox 731 4785 775 4845; x_wconf 82' lang='grc' dir='ltr'><strong>τὰς</strong></span> <span class='ocrx_word' id='word_1_244' title='bbox 786 4784 842 4838; x_wconf 89' lang='grc' dir='ltr'><strong>κτλ.</strong></span> 
     </span>
    </p>

    <p class='ocr_par' dir='ltr' id='par_1_14' title="bbox 189 4875 841 5033">
     <span class='ocr_line' id='line_1_41' title="bbox 224 4875 841 4944; baseline -0.005 -15"><span class='ocrx_word' id='word_1_245' title='bbox 224 4877 257 4929; x_wconf 71' lang='lat'><strong>21</strong></span> <span class='ocrx_word' id='word_1_246' title='bbox 289 4880 399 4944; x_wconf 78' lang='lat' dir='ltr'><strong>spatium</strong></span> <span class='ocrx_word' id='word_1_247' title='bbox 425 4875 618 4939; x_wconf 73' lang='lat' dir='ltr'><strong>sesquialterius</strong></span> <span class='ocrx_word' id='word_1_248' title='bbox 645 4891 733 4927; x_wconf 82' lang='grc' dir='ltr'><strong>νοεευε</strong></span> <span class='ocrx_word' id='word_1_249' title='bbox 765 4876 841 4926; x_wconf 84' lang='lat' dir='ltr'>relin-</span> 
     </span>
     <span class='ocr_line' id='line_1_42' title="bbox 189 4965 332 5033; baseline 0 -17"><span class='ocrx_word' id='word_1_250' title='bbox 189 4974 270 5033; x_wconf 79' lang='lat' dir='ltr'>quunt</span> <span class='ocrx_word' id='word_1_251' title='bbox 287 4965 332 5016; x_wconf 82' lang='lat' dir='ltr'><strong>Bc</strong></span> 
     </span>
    </p>
   </div>
   <div class='ocr_carea' id='block_1_8' title="bbox 0 0 1754 5588">
    <p class='ocr_par' dir='ltr' id='par_1_15' title="bbox 0 0 1754 5588">
     <span class='ocr_line' id='line_1_43' title="bbox 0 0 1754 5588; baseline 0 0"><span class='ocrx_word' id='word_1_252' title='bbox 0 0 1754 5588; x_wconf 95' lang='lat' dir='ltr'><strong> </strong></span> 
     </span>
    </p>
   </div>
  </div>
 </body>
</html>
