3442 5588
459 333 713 384 FRAGMENTUM
733 333 783 381 DE
802 331 975 383 SENSIBUS
994 329 1008 394 ξ
1025 327 1126 384 16—22
1411 327 1473 391 505

162 511 252 569 παῖσαι
264 506 386 589 γίνονται
398 500 476 586 <καί>
488 504 596 584 μᾶλλον
612 500 674 584 όσιμ
689 499 724 563 ἄν
735 501 854 583 πλήρεις
869 499 924 561 ῶσι
939 503 997 562 τῶν
1014 500 1132 580 ὀμοίων,
1148 499 1174 562 εἰ
1187 500 1227 583 μή
1243 522 1285 568 τις
1299 497 1422 582 λεχθείη

161 609 225 692 περί
252 608 361 672 τούτων
388 606 545 689 διορισμός.
698 599 740 664 ἔτι
768 602 800 664 δὲ
826 603 859 664 τό
882 603 946 686 περί
973 603 1026 686 τὴν
1047 603 1207 686 ἀπορροήν,
1237 599 1340 682 καίπερ
1363 600 1419 686 οὐχ
1439 609 1473 661 20

162 713 268 780 ίκανῶς
295 710 449 793 λεγόμενον
478 708 543 792 περὶ
571 707 623 789 μὲν
645 705 696 775 τὰς
718 705 808 773 ἄλλας
830 703 911 787 ύμως
933 702 994 769 ἔστι
1017 729 1078 774 πως
1101 704 1271 789 ὑπολαβεῖν,
1300 703 1364 787 περὶ
1391 705 1424 767 δὲ

160 815 213 897 τὴν
235 813 314 897 ἁφὴν
335 812 384 875 καί
406 815 502 894 γεῦσιν
533 809 567 872 οὐ
594 807 702 893 ῥᾴδιον.
746 810 810 877 πῶς
837 806 891 891 γὰρ
916 808 956 890 τῇ
982 809 1115 892 ἀπορρυῇ
1142 807 1282 891 κρίνωμεν
1311 807 1330 889 ἢ
1357 812 1421 876 πῶς

135 944 147 980 ι
165 915 338 999 ἐναρμόττον
359 916 420 982 τοῖς
442 913 541 996 πόροις
562 912 596 973 τδ
618 909 711 994 τραχύ
734 910 782 973 καί
804 909 838 973 τδ
860 913 951 991 λεῖον;
978 911 1066 992 μόνου
1093 910 1147 993 γὰρ
1169 911 1250 972 δοκεῖ
1270 913 1328 971 τῶν
1351 930 1422 973 στοι-

162 1018 251 1102 χείων
273 1021 325 1080 τού
348 1017 438 1099 πυρός
460 1017 607 1098 ἀπορρεῖν,
628 1013 687 1076 ἀπδ
709 1013 742 1075 δὲ
763 1016 822 1075 τῶν
844 1011 941 1074 ἄλλων
963 1012 1089 1081 οόδενός.
1127 1008 1169 1074 ἔτι
1191 1009 1216 1073 δ’
1238 1011 1263 1073 εἰ
1287 1012 1305 1093 ἡ
1325 1010 1423 1094 φθίσις

160 1120 207 1183 διὰ
227 1121 281 1203 τὴν
303 1120 465 1201 ἀπορροήν,
491 1115 572 1202 ᾧπερ
601 1121 709 1200 χρῆται
737 1115 895 1198 κοινοτάτιρ
922 1115 1047 1198 σημείιρ,
1076 1113 1224 1198 συμβαίνει
1247 1112 1279 1175 δὲ
1301 1113 1348 1174 καί
1371 1113 1421 1182 τὰς

162 1221 255 1303 ὀσμὰς
277 1222 410 1305 ἀπορρυῇ
436 1219 581 1302 γίνεσθαι,
607 1218 644 1280 τὰ
672 1217 808 1300 πλείστην
831 1214 937 1302 ἔχοντα
964 1218 1058 1301 ὀσμὴν
1085 1212 1198 1300 τάχιστ’
1227 1215 1318 1298 ἐχρῆν
1340 1214 1422 1298 φθεί-

160 1324 271 1407 ρεσθαι.
303 1327 352 1385 νῶν
368 1323 400 1385 δὲ
423 1321 528 1406 σχεδὸν
551 1321 686 1389 ἐναντίως
708 1318 784 1404 ἔχει·
808 1320 844 1381 τὰ
865 1319 919 1402 γὰρ
941 1319 1151 1401 ὀσμωδέστατα
1172 1323 1230 1380 τῶν
1253 1322 1351 1401 φυτῶν
1374 1319 1422 1381 καὶ

123 1454 145 1491 ιο
163 1430 222 1488 τῶν
243 1423 340 1487 ἀλλων
363 1425 424 1488 έστί
452 1426 644 1508 χρονιώτατα.
689 1420 838 1506 συμβαίνει
864 1421 898 1483 δὲ
925 1421 972 1483 καί
1000 1420 1047 1483 ἐπὶ
1074 1425 1126 1503 τῆς
1153 1419 1248 1505 φιλίας
1275 1419 1351 1488 όλως
1378 1421 1419 1502 μὴ

160 1527 231 1590 εἰναι
254 1525 390 1610 αἴσθησιν
413 1527 432 1609 ἢ
455 1527 541 1609 ἧττον
564 1526 666 1590 διὰτὸ
689 1521 889 1606 συγκρίνεσθαι
910 1523 977 1586 τότε
998 1525 1046 1586 καὶ
1069 1524 1110 1606 μὴ
1134 1524 1278 1605 ἀπορρεῖν.

223 1629 298 1691 ἀλλά
312 1630 377 1713 περὶ
390 1631 441 1711 μὲν
456 1631 509 1712 τὴν
524 1630 616 1712 ἀκοὴν
632 1630 700 1692 όταν
715 1627 817 1709 ἀποδῷ
832 1629 893 1694 τοῖς
908 1623 1020 1688 ἔσωθεν
1034 1625 1162 1707 γίνεσθαι
1178 1625 1291 1709 ψόφοις,
1312 1623 1419 1687 ἄτοπον
1437 1632 1467 1685 21

158 1733 191 1794 τὸ
215 1729 329 1795 οἴεσθαι
346 1733 433 1814 δῆλον
455 1724 528 1795 εἰναι
551 1736 613 1800 πῶς
635 1728 803 1804 ἀκούουσιν,
830 1725 912 1790 ἔνδον
937 1729 1098 1812 ποιήσαντα
1127 1727 1220 1812 ψόφον
1244 1728 1342 1809 ὥσπερ
1366 1729 1421 1789 κύ-

160 1836 260 1902 δωνος.
304 1838 363 1896 τῶν
386 1830 439 1916 μὶν
461 1833 514 1916 γὰρ
537 1831 594 1901 ἔξω
621 1830 658 1895 δι’
686 1831 795 1894 ἐκεῖνον
817 1830 976 1912 ἀκούομεν,
1003 1829 1113 1892 ἐκείνου
1136 1830 1169 1892 δὲ
1190 1833 1350 1914 ψοφοῦντος
1372 1829 1420 1892 διὰ

120 1964 143 1999 ιι
162 1936 204 2018 τί;
225 1938 311 1997 τούτο
334 1936 388 2018 γὰρ
410 1936 482 1999 αότδ
505 1935 633 1998 λείπεται
656 1936 760 2015 ζητεῖν.
805 1931 922 2001 ἀτόπως
944 1932 1046 1994 δὲκαὶ
1068 1932 1101 1993 τό
1124 1932 1189 2015 περὶ
1210 1932 1262 2015 τὴν
1279 1929 1419 2015 ὄσφρησιν

159 2036 282 2122 εἴρηκεν.
328 2042 444 2120 πρῶτον
467 2038 595 2120 μὲνγὰρ
618 2036 652 2100 ού
674 2035 773 2118 κοινὴν
795 2033 888 2097 αἰτίαν
911 2034 1076 2097 ἀπέδωκεν·
1106 2030 1167 2096 ἔνια
1191 2033 1319 2116 μὲνγὰρ
1342 2035 1418 2102 όλως

159 2138 220 2204 οόδ’
249 2139 383 2203 ἀναπνέει
405 2142 463 2201 τῶν
491 2139 735 2224 ὀσφραινομένων.
781 2134 881 2200 ἔπειτα
909 2138 943 2199 τό
973 2137 1098 2219 μαλιστα
1124 2135 1331 2219 ὀσφραίνεσθαι
1352 2135 1420 2204 τούς

158 2246 291 2305 πλεῖστον
321 2242 540 2323 ἐπισπωμένους
569 2239 690 2324 εὔηθες·
725 2239 808 2303 οὐδὲν
835 2239 889 2322 γάρ
917 2236 1021 2323 ὄφελος
1050 2239 1089 2321 μὴ
1121 2237 1301 2319 ὑγιαινούσης
1328 2237 1347 2320 ἢ
1376 2237 1417 2319 μίη

158 2345 343 2429 ἀνεῳγμένης
373 2367 436 2413 πως
462 2349 515 2427 τῆς
544 2342 721 2426 αἰσθήσεως.
766 2344 883 2410 πολλοῖς
910 2341 943 2403 δὲ
968 2339 1117 2424 συμβαίνει
1148 2339 1341 2424 πεπηρῶσθαι
1372 2341 1419 2403 καὶ

118 2475 143 2512 το
161 2449 237 2516 όλως
260 2446 351 2529 μηδὲν
374 2446 576 2510 αἰσθάνεσθαι.
621 2446 692 2528 πρός
722 2443 754 2506 δὲ
782 2444 893 2512 τούτοις
923 2444 951 2505 οἱ
977 2442 1113 2507 δύσπνοοι
1140 2444 1188 2506 καὶ
1214 2444 1241 2505 οἱ
1268 2448 1420 2512 πονοῦντες

158 2548 205 2611 καί
233 2551 260 2611 οἱ
290 2549 479 2617 καθεύδοντες
508 2551 616 2630 μᾶλλον
638 2546 673 2609 ἀν
696 2545 879 2608 αἰσθάνοιντο
901 2550 959 2608 τῶν
987 2547 1102 2628 ὀσμῶν·
1129 2549 1178 2610 τόν
1205 2549 1338 2609 πλεῖστον
1365 2546 1420 2629 γὰρ

158 2650 290 2713 ἕλκουσιν
325 2650 407 2733 ἀέρα.
451 2654 500 2713 νῦν
527 2651 560 2713 δὲ
591 2648 739 2733 συμβαίνει
772 2646 944 2710 τούναντίον.
1097 2648 1131 2712 οὐ
1165 2649 1218 2731 γὰρ
1249 2646 1318 2716 ἴσως
1343 2646 1411 2710 καθ’
1436 2657 1469 2710 22

158 2754 230 2815 αύτό
252 2754 285 2815 τό
310 2753 444 2816 ἀναπνεῖν
468 2751 558 2816 αἴτιον
580 2757 633 2835 τῆς
656 2751 837 2834 ὀσφρήσεως,
860 2750 935 2813 ἀλλὰ
957 2750 1032 2813 κατὰ
1054 2751 1247 2835 συμβεβηκός,
1269 2754 1310 2819 ὡς
1332 2748 1366 2812 ἔκ
1388 2774 1419 2814 τε

157 2859 215 2918 τῶν
241 2854 337 2918 ἄλλων
366 2854 452 2940 ζῴων
482 2858 665 2938 μαρτυρεῖται
693 2853 741 2915 καί
769 2851 816 2914 διὰ
845 2857 904 2914 τῶν
934 2853 1094 2936 εἰρημένων
1122 2853 1242 2916 παθῶν·
1274 2856 1289 2916 ὁ
1321 2851 1348 2915 δ’
1377 2857 1417 2923 ῶς

118 2985 143 3021 ω
160 2957 267 3041 ταύτης
290 2955 379 3039 ούσης
401 2963 454 3042 τῆς
476 2958 569 3026 αἰτίας
591 2957 639 3019 καὶ
662 2955 709 3018 ἐπὶ
725 2953 800 3016 τέλει
815 2956 900 3017 παλιν
915 2954 1029 3038 εἴρηκεν
1045 2956 1143 3037 ῶσπερ
1159 2954 1418 3038 ἑπισημαινόμενυς

308 3062 367 3123 ὧδε
391 3061 442 3143 μὲν
465 3060 516 3124 ούν
539 3064 640 3141 πνοιῖης
662 3081 693 3120 τε
714 3057 871 3143 λελόγχασι
894 3059 986 3121 πάντα
1009 3059 1057 3120 καί
1080 3059 1191 3139 ὀσμῶν.

108 3243 306 3251 ----
863 3248 988 3254 .‚....--—---..
1003 3251 1011 3255 ,.

107 3355 119 3406 l
139 3355 182 3407 καὶ
201 3355 295 3423 μᾶλλον
313 3355 364 3426 όσιμ
384 3355 413 3409 ἀν
431 3361 530 3423 scripsi.
561 3373 620 3408 nam
640 3352 690 3423 όσῳ
709 3371 762 3406 non
814 3351 887 3423 §1111
905 3355 935 3407 13
955 3362 1009 3414 πῶς
1021 3360 1058 3407 sic
1072 3360 1114 3408 PF
1129 3354 1141 3423 β
1158 3356 1294 3424 ποιήσαντα
1308 3361 1350 3410 PF
1359 3377 1392 3410 sc.
1407 3363 1467 3410 Em·

104 3453 228 3507 sequente
242 3442 337 3510 μᾶλλον
351 3448 521 3496 Aristotelem
535 3454 572 3494 est
586 3461 640 3493 mos
653 3441 696 3506 [cf.
707 3443 761 3493 ind.
812 3445 960 3510 pedociem,
987 3447 1031 3508 qui
1057 3446 1200 3495 audiendus
1228 3455 1266 3494 est
1291 3449 1317 3495 in
1342 3447 1468 3497 infinitivo

103 3532 219 3581 Bonitzii
238 3548 263 3596 p.
276 3531 399 3596 453242]
418 3549 465 3583 nec
478 3535 561 3582 minu·
575 3532 654 3596 probe
667 3526 762 3597 μᾶλλον
814 3527 915 3583 οἴεσθαι.
944 3529 1092 3598 ποιησαντος
1110 3533 1235 3582 Wimmer
1255 3528 1267 3598 Η
1296 3531 1327 3582 14
1345 3530 1468 3590 κύόωνας

103 3621 306 3683 comparativum
328 3623 431 3685 exeipit.
455 3639 479 3671 v.
498 3621 600 3670 Vahlen
624 3619 658 3668 ad
676 3616 762 3682 μυρί’*
813 3620 870 3669 PF:
889 3635 954 3669 corr.
973 3619 1049 3670 Sturz
1068 3620 1098 3669 cf.
1117 3619 1161 3682 §9
1182 3614 1194 3684 11
1215 3615 1243 3668 δι’
1260 3617 1341 3669 ἐκεῖνα
1359 3621 1418 3669 PF:
1437 3615 1466 3669 δι’

107 3702 200 3767 12'Isq.
211 3707 242 3755 τό
262 3722 284 3770 ρ.
296 3698 383 3764 50'7‚2
402 3704 461 3774 δρᾶν
475 3744 481 3758 .
494 3744 501 3757 .
515 3744 521 3757 .
535 3711 571 3774 τῷ
584 3704 697 3774 διαφανεῖ
712 3742 719 3756 .
733 3741 740 3756 .
754 3742 761 3756 .
816 3705 908 3757 ἐκεῖνον
928 3706 1082 3767 Schneider,
1101 3715 1163 3770 puta
1180 3703 1301 3756 κώδωναι
1324 3703 1353 3757 δι’
1374 3706 1468 3758 ἐκείνου

103 3791 147 3841 καί
162 3787 213 3859 όσιρ
226 3789 256 3841 ἀν
268 3788 447 3862 καθαρώτερον
459 3789 476 3862 η’
491 3789 594 3859 μᾶλλον.
606 3789 657 3860 όσιρ
668 3788 763 3858 μᾶλλον
815 3796 917 3844 Usener
927 3791 939 3858 ΙΙ
951 3789 1084 3858 ἀκούωμεν
1094 3795 1162 3858 pr.F
1177 3789 1188 3859 Ιί
1201 3794 1280 3845 έκεῖνο
1288 3797 1319 3857 (1)
1329 3796 1398 3859 μεθ’
1410 3789 1423 3860 11
1439 3794 1479 3846 15·

103 3876 763 3946 ἂνοοΙΙουενετετὸοἰιιιιὶόειβείμὴκτλιιείειειιδε
815 3878 849 3942 τί;
878 3877 907 3931 τδ
925 3881 971 3948 γὰρ
998 3883 1056 3931 PF:
1085 3897 1151 3931 corr.
1173 3883 1299 3933 Wimmer
1319 3878 1331 3946 11
1352 3879 1469 3950 ὄσφρησις

103 3967 209 4016 suntad
228 3970 304 4016 πᾶσαι
323 3966 534 4032 οἰ.ρ.503,3εη.
550 3964 562 4031 ίΙ
578 3961 760 4032 θτὰπερίλίίΙ
814 3983 866 4017 σεο.
893 3969 914 4018 P
942 3971 968 4018 in
996 3985 1060 4033 mrg.
1091 3964 1103 4034 Η
1135 3968 1166 4019 17
1195 3967 1297 4019 ἀναπνεῖ
1323 3971 1469 4033 corrigebat

102 4051 121 4101 4
141 4050 257 4119 κρίνομεν
277 4054 334 4104 PF:
360 4071 425 4104 con·-
444 4054 589 4120 Stephanus
612 4055 642 4102 ci.
667 4070 690 4118 p.
702 4050 763 4113 504,
1103 4089 1140 4139 ⁴⁰1

103 4135 136 4188 27
177 4136 189 4204 β
227 4137 243 4190 5
279 4139 429 4208 ἐναρμόττον
468 4144 503 4194 P:
539 4138 695 4208 ἐναρμόττειν
727 4140 763 4190 Fi
816 4142 956 4193 Schneider
975 4139 988 4207 11
1006 4143 1036 4194 19
1055 4141 1274 4222 ἀνεγνωσμίνηςΡ
1289 4145 1469 4210 (superscripta

104 4226 182 4289 vulgo
208 4224 352 4293 ἐναρμόττει
376 4244 408 4279 ex
433 4229 584 4280 Schneideri
608 4230 762 4278 coniectura.
815 4248 848 4280 m.
867 4230 941 4291 socii
960 4229 1147 4298 ἀνεγνωσμίνης
1166 4232 1187 4281 F
1208 4226 1220 4295 11
1246 4232 1276 4283 19
1289 4227 1469 4298 πεπληρῶσθαι

104 4313 150 4361 sed
188 4315 345 4364 audiendum
382 4314 498 4382 κρίνομεν
530 4311 541 4381 β
576 4314 591 4365 7
622 4312 763 4381 συμβαίνειν
814 4319 871 4370 PF:
890 4334 955 4369 corr·
975 4319 1058 4382 0⁰1⁸?
1081 4313 1092 4385 ίί
1114 4317 1145 4369 2¹
1166 4313 1328 4373 καθώθοντῑς
1338 4354 1468 4368 ········

102 4399 159 4448 PF:
186 4402 275 4463 scripsi
308 4398 434 4468 συμβαίνει
464 4400 498 4453 δὲ.
534 4403 666 4452 deleverat
701 4415 762 4468 συμ·
815 4410 1109 4472 .,.....;...νοσμῶν
1132 4408 1225 4456 lacuna
1250 4415 1365 4457 extremo
1392 4421 1468 4456 versu

104 4482 192 4551 βαίνειν
219 4488 344 4537 Wimmer
378 4485 390 4554 Η
425 4487 442 4540 8
471 4484 577 4556 φθείρειν
608 4489 665 4539 PF:
696 4503 761 4538 corr.
813 4496 901 4544 relicta
919 4511 956 4558 pr.
976 4495 1006 4553 P,
1025 4509 1103 4556 quam
1121 4495 1235 4558 explevit
1252 4510 1302 4544 σευ.
1322 4495 1356 4544 P:
1376 4488 1467 4544 καθεύ-

102 4572 244 4623 Schneider
265 4571 358 4641 φθίνειν
381 4576 456 4624 simul
481 4591 636 4640 proponens.
660 4576 706 4624 sed
729 4576 759 4625 cf.
812 4577 894 4636 ὀοντες
911 4590 1026 4630 extremo
1045 4596 1130 4643 versu,
1148 4583 1334 4646 νοσμῶνίυἰίὶο
1354 4583 1466 4645 proximi

102 4656 240 4723 p.508‚21
269 4655 281 4725 Η
310 4661 342 4712 10
369 4659 436 4730 φιλία
459 4663 635 4728 Empedoclea
662 4664 759 4726 opponi
812 4669 883 4717 nulla
906 4668 999 4716 lacuna
1023 4669 1148 4730 indicata,
1175 4669 1219 4718 sed
1243 4671 1270 4718 in
1295 4683 1358 4731 mrg.
1377 4669 1467 4718 eadem

102 4748 203 4797 videtur
220 4751 252 4815 τῇ
271 4743 352 4814 φθίσει
374 4767 397 4798 v.
412 4749 435 4811 6,
462 4751 532 4812 quod
551 4750 679 4799 intellexit
696 4750 758 4800 Phi·
811 4769 887 4803 manu
901 4750 1021 4820 (1112ss
1035 4756 1066 4804 cf.
1086 4772 1110 4819 p.
1122 4753 1182 4816 498,
1197 4753 1227 4806 15
1242 4750 1255 4822 Η
1270 4751 1304 4804 24
1323 4751 1336 4804 ὀ
1354 4751 1378 4804 δ’
1393 4756 1438 4806 PF
1453 4751 1467 4818 ΙΙ

101 4836 211 4899 Ιὶρρεοιι.
235 4833 294 4884 hinc
307 4831 479 4902 συγκρίνεσθαι
497 4837 561 4886 v.11
577 4838 758 4900 explicandum
810 4837 843 4892 26
862 4841 940 4907 πνοῆς
957 4856 984 4890 τε
1003 4842 1064 4892 PF:
1083 4857 1149 4891 corr.
1168 4842 1314 4907 Stephanus

102 4922 133 4970 ef.
144 4923 224 4971 Λευ.
243 4938 268 4986 p.
282 4918 399 4972 333112.
419 4920 528 4973 νειιιο
543 4920 556 4988 γ
572 4920 604 4973 ιν
618 4918 714 4974 iamim
726 4926 757 4975 ef.
1421 4909 1422 4914 '
