3442 5588
212 380 242 419 Vl

216 561 275 621 quo
298 544 405 604 nuntio
429 542 502 622 quid
524 542 598 603 milti
620 549 682 603 luno
705 545 881 623 exoptatius
902 546 1003 622 poluit
1025 544 1194 605 accidere?
1229 545 1312 626 quod
1335 544 1387 606 diu
1410 540 1573 616 moliebar,

211 644 292 705 idem
313 645 380 723 fere
401 646 468 705 illic
480 646 707 725 praescriptum
722 646 796 707 cidi.
834 648 929 726 ipitur
950 647 1028 707 nibil
1049 656 1188 708 moratus
1210 649 1243 708 in
1266 667 1377 709 novum
1399 647 1479 709 illud
1500 665 1572 706 cer-

213 755 313 808 tamen
336 748 496 822 descendi,
520 756 637 810 etcum
659 768 716 811 nec
740 749 849 810 Tuum
871 769 927 811 nec
953 756 1124 811 ceterorum
1146 751 1316 812 amicorum
1338 751 1489 812 auxilium
1510 768 1570 829 pe-

208 850 281 911 tenti
312 849 446 925 deesset,
469 869 563 930 saepe
579 853 685 930 ‚etiam
712 852 793 913 ultro
818 850 998 932 offerretur,
1020 851 1209 913 Placitorum
1233 871 1347 932 corpus
1369 871 1437 913 cunt
1460 851 1571 913 Prole-

215 953 352 1030 pomenis
376 954 504 1016 assiduo
527 954 634 1016 labore
656 962 844 1016 maturatum
865 961 982 1016 statuta
1004 955 1055 1016 die
1077 974 1106 1016 a.
1132 965 1266 1015 cxxt'n
1286 955 1486 1015 summatibus
1509 955 1573 1016 illis

212 1055 289 1115 ciris
312 1054 459 1117 traditum
473 1065 528 1132 est,
550 1057 660 1139 quibus
675 1057 864 1120 Academiae
885 1057 1034 1118 mandatu
1057 1057 1206 1119 iudicium
1228 1065 1297 1119 erat
1317 1056 1488 1135 ferendum.
1519 1060 1572 1138 qai

212 1177 280 1220 cum
299 1158 484 1237 probassent
499 1179 538 1222 ac
551 1162 692 1240 praemio
709 1161 833 1241 dipuum
848 1161 1068 1222 iudicaoissent
1084 1179 1162 1239 opus
1177 1161 1257 1242 typis
1272 1159 1405 1222 describi
1421 1168 1569 1238 coeptum.

297 1261 349 1322 Tu
371 1280 444 1324 cero
467 1281 506 1322 ne
531 1270 592 1324 tum
615 1264 736 1344 quidem
752 1263 939 1325 Placitorum
960 1262 1049 1340 suisti
1069 1263 1236 1324 immemor.
1272 1281 1345 1323 nam
1366 1263 1495 1323 luctanti
1514 1281 1572 1341 per

212 1362 367 1425 biennium
389 1384 457 1426 cunt
475 1366 561 1445 preli
583 1367 741 1440 monstris,
769 1373 916 1446 quantum
939 1365 1060 1445 quidem
1077 1384 1139 1446 per
1160 1365 1365 1426 valetudinem
1388 1383 1426 1426 ac
1448 1365 1572 1444 nepotia

212 1485 352 1542 vacares,
374 1487 538 1548 numquam
560 1469 633 1530 mibi
656 1467 782 1547 defuisti
803 1488 900 1549 neque
921 1469 1017 1529 ullam
1039 1468 1107 1546 [ere
1123 1468 1287 1549 plapulam
1308 1469 1468 1541 remisisti,
1497 1468 1570 1547 quin

212 1578 266 1630 aut
297 1570 488 1631 emendando
518 1577 573 1631 aut
601 1570 770 1632 dubitando
797 1590 844 1631 me
871 1572 990 1651 eprepie
1015 1570 1194 1631 adiuvares.
1239 1570 1351 1651 quodsi
1376 1588 1438 1631 non
1466 1571 1571 1631 amnia

210 1678 274 1732 tam
294 1672 434 1752 perlecta
455 1673 541 1734 uides
565 1682 594 1735 et
610 1674 786 1754 perpolita,
809 1692 900 1753 mam
922 1682 950 1735 et
972 1681 1154 1753 exspectare
1174 1681 1301 1751 poteras
1324 1673 1440 1748 etipse
1462 1674 1571 1752 cupie-

210 1773 295 1849 bam,
322 1777 497 1838 memineris
529 1776 619 1837 celim
653 1776 736 1856 quod
766 1777 850 1838 baud
877 1796 953 1838 raro
980 1796 1049 1838 sum
1075 1784 1220 1855 expertus
1246 1775 1430 1837 Hesiodeum
1452 1771 1571 1836 ‘cillere

210 1877 334 1959 μητρυιὴ
357 1876 437 1940 πέλει
460 1876 568 1961 ἡμέρη,
590 1876 694 1940 ἄλλοτε
717 1876 834 1963 μήτηρ’.
868 1888 1000 1942 ceterum
1016 1881 1045 1941 si
1060 1879 1135 1960 quid
1149 1897 1301 1941 nouercae
1323 1878 1443 1941 invidia
1466 1876 1571 1938 damni

208 1980 339 2041 inlatum
361 1980 572 2057 observaram,
595 1983 628 2044 in
643 1982 807 2045 Addendis
823 1985 957 2057 correxi,
979 1984 1102 2064 reliqua
1118 1983 1271 2062 corripent
1287 1981 1395 2062 quibus
1417 1979 1452 2040 id
1475 1998 1570 2041 curae

209 2083 275 2144 erit.
322 2084 400 2146 nibil
422 2087 501 2146 enim
523 2085 726 2148 oebementius
748 2093 838 2166 opto,
861 2105 951 2167 mam
974 2094 1007 2147 ut
1022 2087 1078 2147 alii
1093 2086 1217 2146 veniant
1232 2086 1265 2146 in
1278 2093 1394 2163 partes,
1418 2084 1471 2164 qni
1493 2101 1569 2162 apro

208 2184 281 2245 olim
304 2186 451 2267 barrida,
475 2207 556 2251 nunc
578 2206 656 2249 sane
677 2188 801 2249 cultiori
822 2207 911 2250 suam
932 2188 1028 2249 oelint
1050 2187 1226 2268 impendere
1248 2204 1383 2265 operam.
1427 2187 1570 2266 inprimis

210 2294 310 2349 autern
330 2288 361 2351 0.
383 2289 652 2352 Wocltsmutlsio
670 2300 793 2371 motum
806 2291 918 2371 fecisse
940 2293 1031 2370 cupio
1052 2290 1178 2352 Stobaei
1200 2290 1323 2370 colopas
1345 2289 1399 2350 diu
1422 2297 1571 2369 expecta·

209 2400 268 2466 tas,
294 2392 410 2454 diutins
432 2394 568 2473 epitalas
591 2394 720 2456 edituro.
759 2396 811 2474 qui
829 2397 857 2456 si
871 2414 933 2457 non
948 2396 1098 2456 inutiliter
1107 2394 1303 2474 praelusisse
1316 2412 1363 2454 me
1375 2392 1570 2468 indicaverit,

209 2494 383 2574 proliacum
414 2515 492 2577 quas
521 2498 569 2558 illi
592 2497 684 2559 debeo
706 2499 861 2560 maximas
888 2498 1008 2578 aliquid
1030 2498 1137 2559 saltem
1159 2497 1312 2557 rettulisse
1333 2494 1470 2558 videbor.
1515 2515 1571 2557 nee

209 2597 343 2659 tacendo
365 2606 410 2659 est
431 2602 488 2663 boc
510 2603 578 2664 loco
602 2600 746 2680 officiosa
763 2603 931 2663 amicorum
947 2602 1091 2664 voluntas
1105 2600 1258 2681 imprimis
1273 2600 1398 2661 lconis
1413 2598 1571 2661 brunsii

210 2699 436 2777 berolinensis,
464 2704 721 2765 Maximiliani
747 2702 924 2765 bonnetii
953 2704 1154 2777 Parisiensis,
1180 2702 1370 2764 Friderioi
1396 2702 1438 2762 de
1466 2701 1571 2763 Dubn

209 2804 425 2884 Gottinpensis,
448 2804 645 2885 Benedicti
667 2805 794 2866 Niesei
817 2805 1059 2885 Morburpensis,
1082 2803 1304 2888 Hieronymi
1330 2802 1474 2864 Vitellii
1496 2803 1571 2864 Flo·

208 2906 336 2984 rentini‚
361 2906 414 2985 qui
436 2906 596 2970 codicibus
621 2908 815 2970 excutiendis
837 2910 949 2989 optime
969 2916 1040 2968 sunt
1063 2907 1101 2968 de
1122 2907 1345 2987 Docoprcpbis
1366 2906 1476 2966 meriti.
1515 2905 1571 2966 de·

209 3008 282 3069 inde
307 3009 487 3088 pratissima
521 3013 671 3073 monario
697 3029 869 3091 prosequor
891 3009 1107 3071 Eduardum
1133 3009 1329 3083 Zellerum,
1355 2989 1456 3070 airum
1485 3027 1572 3069 sum-

209 3128 301 3185 mum,
326 3113 379 3191 qui
399 3111 504 3172 studia
526 3122 634 3174 nostra
656 3122 718 3174 tam
734 3112 861 3195 publice
877 3131 967 3192 quom
981 3113 1130 3192 priuatim
1152 3111 1434 3174 benevolentissime
1454 3130 1574 3191 semper

209 3211 340 3273 adiuoit.

298 3314 378 3376 Tibi
400 3334 489 3391 cera,
515 3316 687 3393 Usenere,
710 3336 779 3379 cum
801 3315 934 3378 debitam
953 3317 1151 3397 meritamque
1164 3318 1300 3397 pratiam
1322 3334 1415 3395 apere
1436 3315 1573 3390 instituo,

210 3416 368 3478 baesitore
394 3436 442 3478 me
468 3421 566 3480 sentio
589 3428 617 3481 et
638 3419 752 3481 rubore
773 3418 931 3498 subfundi.
976 3417 1056 3480 adeo
1077 3437 1124 3480 me
1141 3425 1336 3498 praepraoat
1360 3416 1574 3497 beneficiorum

210 3519 371 3581 Tuorum
397 3520 446 3581 uel
471 3523 678 3601 quaesitorum
700 3522 749 3583 oel
769 3522 944 3584 oblatorum
965 3519 1136 3581 multitudo.
1182 3520 1293 3600 quoodm
1314 3538 1419 3580 oerum
1440 3520 1573 3594 iudicas,

212 3622 295 3702 quod
316 3623 405 3683 aiunt
429 3621 567 3705 quidam,
597 3633 687 3703 turpe
709 3642 775 3685 esse
796 3624 879 3717 einai
901 3623 1066 3701 benefieiis,
1089 3620 1315 3700 desperandum
1338 3622 1411 3683 mibi
1435 3640 1501 3682 esse
1523 3623 1574 3682 oi·

216 3725 283 3787 deo.
319 3726 369 3785 sin
384 3743 468 3800 cera,
491 3727 543 3805 qui
558 3726 649 3788 rebus
663 3745 725 3788 non
738 3734 847 3805 potest,
870 3726 974 3786 animo
990 3743 1126 3804 aequore
1141 3723 1311 3786 liberaliter
1326 3724 1513 3804 conceditur,
1536 3743 1574 3784 ne

213 3846 268 3907 epo
290 3826 408 3906 faciam
436 3837 470 3889 ut
497 3847 652 3909 nunqnam
681 3828 837 3890 desideres
860 3845 994 3888 amorem
1022 3835 1160 3888 nostrum
1182 3828 1231 3888 cel
1253 3828 1408 3906 pietatem.
1452 3826 1573 3886 interim

211 3930 264 4011 qui
294 3929 372 3990 liber
401 3929 500 3991 Tuae
525 3930 586 4010 fuit
611 3931 878 4011 propensissimae
903 3930 1070 3990 uoluntatis
1096 3931 1196 4002 testis,
1226 3928 1354 3989 erendem
1384 3928 1449 3989 ooli
1475 3928 1574 3988 nostri

210 4032 318 4112 accipe
339 4051 519 4112 sponsorem
540 4034 766 4114 proomsimum.
809 4033 888 4094 eale.

1016 4326 1289 4333 ——.———..

563 4393 622 4434 SCR.
646 4392 782 4434 BEROLINI
800 4393 869 4433 ΚΑΒ.
889 4391 1009 4433 OCTOBR.
1029 4391 1220 4433 macecaxxlx
