3464 5586
416 349 674 403 THEOPHRASTI
691 348 830 402 PHYSIC.
849 349 1011 401 OPINION.
1030 349 1083 400 ΕΒ.
1097 346 1122 401 5.
1135 347 1173 401 5ο
1413 348 1475 413 481

114 521 154 603 μὴ
179 517 224 582 όν·
248 517 391 602 οὔτεγὰρ
414 518 448 581 ἀν
477 519 518 588 εἰς
548 520 618 583 αὐτὸ
640 519 738 603 ἕτερον
768 518 835 582 οὔτε
856 518 927 582 αὐτὸ
954 519 1026 603 πρὸς
1048 517 1119 583 ἀλλο
1142 518 1252 583 ἐλθεῖν·
1283 516 1423 581 κινεῖσθαι
1445 519 1478 586 δὲ

112 622 148 684 τά
180 620 272 685 πλείω
306 625 357 684 τοῦ
387 621 468 690 ένός·
498 622 594 707 ἕτερον
621 622 675 705 γάρ
702 621 743 690 εἰς
778 621 876 705 ἕτερον
909 622 1112 707 μεταβάλλειν,
1150 622 1227 685 ὥστε
1261 622 1308 685 καλ
1340 622 1408 687 όταν
1442 625 1476 689 έν

113 724 231 808 ταύτῷ
255 724 373 806 μένειν
396 725 485 808 λέγη
508 727 569 789 καὶ
592 726 636 807 μῆ
661 723 836 787 κινεῖσθαι

358 829 416 890 ἀεὶ
439 825 468 889 δ’
495 829 531 891 έν
553 827 667 912 ταύτῷ
692 826 810 909 μίμνει
833 826 1045 908 κινεόμενον
1068 825 1172 890 οὐδέν

358 930 440 993 οὐδὲ
463 929 707 1015 μετέρχεσθαί
729 952 784 1011 μιν
806 928 996 1013 ἐπιπρέπει
1018 927 1146 992 ἀλλοεε
1168 927 1273 1012 άλλη,
1493 963 1505 1000 π

113 1033 147 1095 οὐ
172 1033 245 1095 κατὰ
271 1035 323 1116 τὴν
346 1033 468 1116 ἠρεμίαν
490 1034 542 1115 τὴν
565 1032 762 1115 ἀντικειμένην
784 1037 821 1114 τῆ
844 1034 954 1115 κινήσει
978 1030 1071 1114 μένειν
1093 1030 1165 1094 αότό
1188 1052 1285 1115 φησιν,
1307 1032 1382 1095 ἀλλά
1404 1035 1477 1098 κατὰ

112 1134 165 1216 τῆν
195 1135 253 1197 ἀπὸ
284 1138 425 1219 κινήσεως
454 1136 501 1197 καὶ
533 1135 654 1220 η’ρεμίας
676 1133 857 1219 έίηρημένην
879 1136 979 1218 μονῆν.
1026 1132 1170 1202 Νικόλαος
1191 1134 1224 1197 δὲ
1247 1135 1263 1195 ό
1286 1134 1478 1219 Δαμασκηνὸς

115 1239 156 1306 ὥς
185 1236 303 1321 ἄπειρον
332 1239 379 1299 καὶ
412 1238 546 1320 ἀκίνητον
568 1237 700 1319 λέγοντος
723 1237 812 1301 αὐτοῦ
840 1238 893 1321 τὴν
921 1237 1017 1321 ἀρχὴν
1040 1237 1070 1299 ἐν
1092 1241 1130 1318 τῇ
1153 1235 1223 1320 Περὶ
1247 1237 1325 1300 θεῶν
1348 1239 1476 1323 ἀπομνη-

115 1340 239 1421 μονεύει.
281 1338 464 1423 Ἀλέξανδρος
496 1341 528 1403 δὲ
557 1344 598 1409 ὡς
629 1340 896 1425 πεπερασμένον
924 1339 1009 1403 αὐτὸ
1037 1340 1095 1403 καὶ
1126 1340 1360 1424 σφαιροειδές.
1406 1341 1470 1406 ἀλλ’

112 1443 155 1505 ότι
185 1445 237 1524 μὲν
265 1442 332 1506 οὔτε
358 1442 475 1526 ἄπειρον
499 1441 566 1506 οὔτε
593 1443 809 1527 πεπερασμένον
837 1442 909 1505 αὐτὸ
933 1442 1088 1517 δείκνυσιν,
1115 1443 1147 1505 ἐκ
1175 1447 1233 1505 τῶν
1259 1445 1476 1528 προειρημένων
1496 1474 1519 1512 ιο

114 1546 221 1628 δῆλον,
248 1546 519 1629 πεπερασμένον
546 1547 584 1609 δὲ
611 1548 669 1610 καὶ
702 1545 929 1631 σφαιροειδὲς
959 1544 1048 1607 αὐτὸ
1083 1545 1140 1607 διὰ
1172 1546 1209 1608 τὸ
1243 1548 1476 1633 πανταχόθεν

114 1648 237 1730 όμοιον
260 1647 373 1731 λέγει·
398 1649 453 1711 καὶ
477 1650 591 1712 πάντα
614 1654 707 1712 νοεῖν
729 1649 768 1711 δέ
790 1669 895 1732 φησιν
918 1649 1006 1712 αὐτὸ
1028 1649 1137 1731 λέγων

315 1749 393 1815 ἀλλ’
422 1752 600 1814 ἀπάνευθε
622 1752 746 1815 πόνοιο
768 1751 851 1815 νόου
875 1753 972 1835 φρενὶ
995 1753 1107 1815 πάντα
1130 1753 1322 1836 κραδαίνει.

771 2141 820 2205 bo

175 2248 283 2298 Galen.
302 2249 329 2296 in
350 2248 472 2312 Hippoor.
492 2247 516 2295 d.
537 2256 587 2297 nst.
608 2249 677 2297 hom.
691 2246 741 2296 XV
755 2243 828 2297 2511.

198 2346 307 2416 Κακιῖνς
336 2349 369 2411 δὲ
398 2351 446 2411 καὶ
477 2355 534 2411 τῶν
565 2346 712 2431 ἐξηγητῶν
735 2345 805 2410 ἔνιοι
827 2346 1040 2431 κατεψεύσαντο
1062 2346 1284 2434 Ξενοφάνους
1307 2350 1405 2434 ὥσπερ
1428 2352 1475 2414 καὶ

112 2451 234 2535 Σαβῖνος
268 2450 324 2514 ὡδί
353 2474 415 2518 πως
443 2454 555 2536 γράψας
583 2451 680 2519 αὐτοῖς
704 2448 858 2532 ὀνόμασιν·
897 2447 980 2512 ζοὔτε
1005 2448 1059 2532 γὰρ
1086 2451 1206 2532 πάμπαν
1235 2450 1307 2535 ἀέρα
1328 2453 1404 2535 λέγω
1426 2454 1475 2516 τὸν
1496 2480 1519 2518 us

114 2553 270 2639 ἄνθρωπον
294 2555 393 2637 ὥσπερ
413 2552 611 2636 Ἀναξιμένης,
640 2551 707 2615 οὔτε
733 2553 811 2636 ὕδωρ
834 2556 874 2622 ὡς
898 2551 1015 2635 Θαλῆς,
1041 2549 1109 2614 οὔτε
1129 2558 1183 2636 γῆν
1206 2557 1246 2623 όις
1266 2552 1297 2616 ἔν
1319 2578 1371 2618 τινι
1393 2555 1477 2620 Ξενο-

111 2655 234 2741 φάνης’·
263 2656 428 2738 οὐδαμόθεν
451 2656 504 2739 γὰρ
526 2656 686 2739 εὑρίσκεται
711 2656 726 2718 ό
754 2655 921 2739 Ξενοφάνης
948 2655 1170 2738 ἀποφηνάμενος
1192 2657 1294 2726 οὕτως.
1332 2658 1476 2723 ἀλλὰκαὶ

112 2761 128 2822 ό
152 2758 273 2844 Σαβῖνος
295 2758 382 2827 αὐτὸς
404 2757 525 2840 εόόηλός
548 2759 623 2822 ἐστιν
645 2759 678 2822 ἐκ
700 2763 758 2821 τῶν
781 2760 871 2821 αὑτοῦ
899 2756 1161 2841 καταψευδόμενος,
1194 2759 1251 2844 οὐχ
1279 2758 1328 2823 ὑπ’
1360 2761 1475 2843 ἀγνοίας

112 2862 301 2946 ἐσφαλμένος.
336 2887 355 2943 η
372 2859 537 2947 πάντωςάν
553 2860 690 2942 όνομαστὶ
713 2860 895 2945 προσέγραψε
908 2860 942 2921 τὸ
959 2859 1078 2944 βιβλίον,
1100 2860 1130 2923 ἐν
1146 2858 1172 2946 ᾧ
1189 2865 1279 2923 ταῦτα
1295 2863 1473 2947 ἀπεφήνατο.

112 2969 161 3028 νῦν
188 2963 214 3027 δ’
247 2965 339 3033 οὕτως
366 2961 487 3046 ἔγραψεν
514 2961 596 3026 ῑοὔτε
625 2969 678 3047 γῆν
702 2967 742 3032 όνς
764 2960 795 3026 έν
818 2987 871 3026 τινι
893 2959 1085 3046 Ξενοφάνης’.
1123 2962 1172 3026 καὶ
1195 2961 1418 3048 Θεόφραστος
1440 2965 1465 3029 δ’
1488 2993 1513 3031 ω

111 3238 146 3297 εἰς
169 3238 229 3291 ahto
254 3238 335 3308 ἕτερον
358 3236 411 3290 οὔτ’
438 3239 516 3291 ἐκεῖνο
540 3239 573 3296 είς
594 3237 655 3290 ἀλλο
678 3235 766 3291 ἐλθεῖν.
818 3256 890 3291 esse
912 3242 1001 3290 deum
1025 3256 1128 3305 neque
1154 3249 1260 3291 nutum
1279 3255 1424 3304 umquam
1443 3252 1475 3292 et

112 3323 232 3378 κινεῖσθαι
252 3325 278 3378 δὲ
301 3327 332 3378 τά
350 3326 428 3378 πλείω
446 3325 505 3377 ὄντα
528 3326 593 3383 ἑνός·
616 3325 698 3396 έτεραν
722 3327 767 3395 γὰρ
818 3331 1044 3393 sempiternum
1064 3328 1263 3392 conglobato
1281 3330 1396 3392 figura.
1413 3332 1474 3382 Plu-

111 3414 145 3471 εἰς
161 3412 244 3483 ἕτερον
257 3412 306 3465 δεῖν
319 3410 438 3466 κινεῖσθαι
452 3411 465 3481 ΙΙ
480 3413 496 3466 3
513 3412 662 3482 μεταβάλλει
681 3417 769 3466 oodd.:
820 3418 863 3466 eit.
877 3417 890 3465 Ι
904 3413 921 3467 3
935 3424 957 3462 ιε
970 3416 1092 3477 (Theod.)
1109 3414 1136 3466 ἓν
1149 3412 1249 3468 εἶναιτὸ
1262 3419 1311 3466 πᾶν
1324 3453 1330 3466 .
1385 3431 1472 3485 σφαι-

112 3500 767 3570 eorr.Usenerposthrsteniumss4Xenoph.fr.4
819 3499 936 3571 possol:
967 3502 1011 3553 καὶ
1043 3502 1288 3571 πεπερασμένον,
1317 3502 1347 3555 oh
1373 3504 1475 3575 γενητόν

113 3608 138 3655 p.
155 3587 190 3640 35
208 3591 294 3640 Karst.
316 3587 329 3656 ΙΙ
350 3589 431 3655 μίμνει
449 3590 575 3640 ΒΒΕΕΙι
599 3589 664 3655 μένει
688 3591 731 3640 oF
752 3587 765 3653 ΙΙ
818 3586 870 3641 ἀλλ’
886 3587 1303 3659 ἀίθιονκαλπάμπανάκίνητον.
1323 3595 1474 3645 σλόεΡετ-

109 3673 251 3744 κινούμενος
266 3679 325 3728 θ’θ’
341 3674 385 3746 ΗΞ)
403 3693 444 3742 μιν
464 3677 591 3745 ἐπιπρέπει
605 3678 704 3727 Boou
724 3692 766 3742 μιν
816 3695 884 3729 men.
903 3679 1034 3743 Theophr.
1057 3680 1087 3728 fr.
1106 3679 1121 3731 6
1142 3678 1155 3745 ΙΙ
1177 3675 1209 3728 12
1228 3674 1306 3746 λέγειν
1325 3682 1473 3733 hullalu:

109 3762 336 3832 ἐπιτρέπηΕιμῆν
347 3763 399 3815 ἐπεὶ
412 3761 669 3832 πρέπειαΙῖΙΙθαότό
678 3766 764 3814 BDE:
816 3768 928 3815 correxit
963 3781 979 3812 o
1010 3767 1040 3816 of.
1073 3767 1143 3816 Prol.
1175 3781 1200 3829 p.
1227 3763 1276 3816 11⁴2
1310 3762 1324 3833 ΙΙ
1356 3771 1419 3818 νοεῖν
1448 3765 1474 3819 δέ

110 3849 184 3902 αὐτόν
199 3850 273 3900 ale-F
286 3851 299 3914 β
318 3851 332 3901 7
347 3850 426 3919 μονῆν
441 3853 544 3902 ὓΕΕιε
558 3850 632 3918 μόνον
644 3853 669 3901 Ι)
683 3852 763 3901 Brun·
815 3853 964 3902 DEE⁸FH:
975 3848 1001 3902 θλ
1013 3856 1076 3901 νοεῖν
1086 3868 1103 3899 α
1116 3848 1130 3918 Η
1141 3847 1202 3901 αότό
1213 3853 1274 3902 DE:
1286 3850 1361 3904 αίντὸν
1371 3857 1447 3905 ohel?
1460 3854 1473 3920 ll

110 3941 183 3990 dieii:
208 3956 250 3989 om
269 3939 316 3987 oF,
346 3933 357 4002 ψ,
393 3940 408 3989 9
439 3940 583 3988 Alexandri
616 3940 764 4002 opinionem
819 3938 851 3991 13
863 3937 963 3990 fn311.
983 3941 1014 3990 of.
1027 3949 1128 4004 praeter
1143 3941 1214 3990 looos
1228 3951 1383 3992 memoratos
1395 3943 1473 4006 Diog.

110 4041 187 4090 quom
206 4028 267 4077 dicit
278 4025 315 4085 8.,
333 4026 528 4090 Theophrastus
541 4028 562 4074 si
576 4042 629 4076 nou
643 4026 764 4091 probasse
818 4028 857 4077 1x
869 4027 901 4078 19
919 4023 1050 4093 σόμπαντά
1068 4023 1088 4076 τ’
1104 4024 1163 4077 εἶναι
1176 4027 1233 4076 ναῦν
1246 4026 1290 4077 καὶ
1302 4025 1418 4097 φρόνησιν
1431 4029 1475 4080 sol

108 4127 176 4165 certe
203 4115 318 4164 attulisse
338 4114 438 4163 videtur
456 4113 539 4177 [Prol.
559 4129 584 4177 ρ.
604 4109 675 4175 ll'2]‚
698 4113 765 4163 unde
821 4112 897 4165 ἀίδιον
915 4126 941 4165 et
958 4116 1076 4166 Timonis
1095 4117 1125 4166 fr.
1138 4112 1173 4166 40
1183 4116 1225 4165 W.

110 4203 264 4267 Hippolytus
298 4201 396 4250 Philos.
423 4201 485 4251 142
515 4200 576 4269 φησὶ
603 4197 629 4250 δὲ
656 4199 700 4250 καὶ
726 4196 769 4250 τόν
845 4203 877 4254 14
891 4203 1003 4254 Galenus
1014 4203 1152 4266 captiosius
1163 4199 1295 4263 sabinum,
1306 4205 1350 4266 qui
1359 4204 1475 4268 sophista

108 4285 166 4341 θεὸν
190 4284 250 4337 εἶναι
274 4285 350 4337 ἀίδιον
373 4287 416 4338 καὶ
444 4285 486 4338 ἕνα
512 4289 554 4339 καὶ
577 4283 662 4354 όμυιον
687 4288 768 4354 πάντη
820 4293 868 4341 fnit
886 4291 932 4340 suh
946 4290 1089 4349 Hadriano,
1109 4288 1229 4337 vellicare
1249 4289 1356 4339 videtur.
1378 4291 1475 4340 scilieet

110 4374 154 4425 καὶ
185 4374 369 4442 πεπερασμένον
402 4375 446 4425 καὶ
477 4372 618 4444 σφαιροειδῆ
648 4376 705 4427 Gal.
734 4376 768 4425 Η.
820 4387 1017 4428 constsreex
1030 4386 1099 4426 terra
1114 4376 1231 4426 homines
1240 4391 1324 4438 neque
1334 4377 1475 4441 Xenopha-

109 4465 171 4528 phil.
191 4463 241 4513 ol
265 4459 325 4512 εἶναι
349 4463 429 4512 πάντα
448 4461 473 4512 ἓν
492 4461 627 4513 καὶτοῦτο
650 4461 768 4531 ὑπάρχειν
819 4481 865 4515 nes
884 4481 967 4529 neque
980 4464 1176 4528 Theophrastus
1196 4464 1227 4513 de
1245 4465 1291 4512 illo
1310 4465 1410 4514 locutus
1429 4466 1474 4514 sd·

108 4547 166 4601 θεόν
191 4551 375 4617 πεπερασμένον
394 4548 492 4616 λογικόν
521 4548 707 4618 ἀμετάβλητον,
735 4568 768 4601 ex
820 4567 951 4603 severasse
972 4553 1084 4613 videtur,
1108 4552 1154 4601 sed
1179 4560 1249 4600 ortos
1267 4566 1300 4600 ex
1319 4561 1388 4602 terre
1406 4553 1475 4602 houd

109 4639 202 4687 eodem
225 4639 291 4688 libro
315 4639 386 4689 Sext.
411 4640 440 4688 P.
457 4639 490 4687 H.
506 4636 584 4689 1225
608 4637 633 4687 ἓν
656 4635 717 4688 εἶναι
738 4634 768 4687 τὸ
819 4640 896 4690 dubie
920 4641 1038 4688 innuerat
1066 4639 1097 4688 of.
1121 4638 1242 4701 Xenoph.
1262 4639 1291 4687 lr.
1312 4636 1328 4690 θ
1351 4637 1380 4689 lx
1403 4636 1475 4708 γαίης

110 4729 160 4774 πᾶν
178 4724 222 4774 καὶ
237 4722 349 4775 τὸνθεόν
368 4726 469 4792 συμφυῆ
489 4728 541 4780 τοῖς
563 4729 645 4786 πᾶσιν,
664 4722 723 4775 εἶναι
742 4722 768 4775 δὲ
821 4725 868 4792 γάρ
887 4725 966 4775 πάντα
985 4724 1029 4775 καὶ
1048 4723 1082 4781 είς
1093 4727 1140 4792 γῆν
1153 4724 1233 4774 πάντα
1251 4721 1353 4793 τελευτᾷ
1371 4735 1398 4777 et
1415 4727 1474 4779 full

112 4808 254 4879 σφαιροειδῆ
278 4813 322 4862 καὶ
345 4810 430 4880 ἀπαθῆ
456 4811 500 4861 καὶ
526 4810 698 4880 ἀμετάβλητον
726 4812 770 4861 καὶ
821 4813 910 4869 πάντες
927 4811 973 4880 γάρ
991 4810 1063 4879 γαίης
1085 4828 1112 4861 τε
1130 4808 1174 4860 καὶ
1192 4806 1281 4868 ὕδατος
1300 4809 1474 4879 ἐκγενόμεσθα.

110 4897 226 4965 λογικόν,
254 4900 307 4947 Cio.
337 4902 436 4948 Lucull.
459 4898 492 4949 37
516 4909 550 4945 lle
582 4917 672 4950 unum
700 4916 769 4950 esse
823 4916 906 4963 neque
930 4901 1124 4964 Theophrastus
1149 4900 1212 4948 haee
1239 4914 1292 4950 non
1315 4904 1475 4960 memoravit,

111 4990 220 5037 omnia
242 5003 347 5049 nequo
367 4989 397 5035 id
421 5003 489 5035 esso
513 4990 668 5036 mutabile
688 5000 718 5037 et
740 4989 771 5037 id
824 4990 890 5037 unde
908 4989 1013 5051 Hippol.
1032 4987 1132 5037 Philus.
1148 4985 1204 5035 llo
1222 4995 1248 5035 et
1265 4987 1419 5039 Aeelsslu

163 5099 252 5148 mels,
277 5099 421 5148 Doxogrsphl
440 5098 522 5146 grosol-
1233 5071 1273 5135 31
