3464 5586
216 338 278 401 164
364 339 431 387 XIII
466 335 516 386 DE
535 332 793 386 THEOPHRAS'I'I
810 334 850 385 IN
867 334 1027 386 LAER'I‘IO
1045 331 1209 386 DIOGENE
1229 331 1432 385 EXCERP'IIS

215 507 394 594 Hippolyto
410 504 602 588 invenimus,
625 502 667 568 de
682 501 851 588 principio,
871 501 915 570 de
929 501 1049 568 mundo
1070 499 1103 588 [ξ
1117 501 1147 568 8.
1163 499 1207 588 9]‚
1228 503 1271 569 de
1291 502 1388 570 ostris
1412 500 1444 591 [θ
1458 504 1490 570 9.
1507 506 1573 591 10],

214 610 255 675 de
277 608 429 677 meteoris
451 604 525 695 [11].
558 624 620 671 nec
641 624 697 670 cnr
719 611 826 672 terrae
848 605 1004 672 memorie
1024 602 1240 690 desideretur,
1268 607 1379 673 siletur
1401 606 1477 690 §11
1505 610 1572 694 cepi

213 712 246 775 δὲ
268 717 320 796 τῆς
342 717 395 797 γῆς
417 710 501 775 οὐδὲν
523 707 713 792 ἀποφαίνεται
735 706 806 775 ποία
826 706 868 777 τίς
895 708 971 772 ἐστιν
994 705 1053 772 ἀλλ’
1081 708 1150 772 οὐδὲ
1176 709 1242 794 περὶ
1267 713 1326 773 τών
1353 713 1486 796 σκαφῶν.
1529 731 1572 779 en

213 812 308 878 simul
330 819 456 896 gratum
480 809 613 894 originis
627 808 856 875 testimonium.
888 828 965 876 nam
979 808 1042 875 hoc
1056 808 1090 874 in
1104 828 1193 875 more
1210 808 1310 877 habet
1324 811 1571 900 Peripateticus,

213 921 248 980 ut
274 914 365 980 falsis
393 914 598 1001 opinionibus
625 909 773 977 refutetis
805 931 889 996 quse
914 912 949 977 in
975 911 1128 995 cuiusque
1161 911 1309 978 doctrine
1336 912 1572 1003 desiderentur,

212 1017 353 1085 breviter
374 1018 504 1084 indicet.
539 1019 667 1081 constet
689 1013 750 1079 hoc
773 1033 814 1079 ex
835 1012 872 1079 11.
895 1014 936 1081 de
959 1033 1056 1081 sensu
1078 1015 1155 1099 §26
1176 1015 1218 1081 de
1238 1015 1436 1084 Alcmaeone
1457 1019 1522 1104 περὶ
1537 1021 1571 1084 el

211 1120 290 1206 ἁφῆς
317 1121 371 1185 οὐκ
397 1120 511 1207 εἴρηκεν
539 1117 606 1182 οὔτε
633 1120 697 1186 πῶς
719 1114 786 1179 οὔτε
807 1115 860 1179 τίνι
881 1117 997 1200 γίνεται.
1042 1115 1189 1184 similiter
1210 1117 1252 1185 de
1274 1119 1471 1204 Anaxagora
1492 1123 1569 1203 §37

210 1223 245 1286 οὐ
273 1224 359 1307 δηλοῖ
383 1224 416 1288 δὲ
442 1224 493 1293 τὰς
520 1220 767 1304 σωματικωτάτας
789 1216 823 1299 [f.
847 1219 1090 1305 σωματικωτόρας
1111 1227 1241 1304 praeter
1262 1217 1379 1308 visum]
1407 1222 1569 1308 αἰσθήσεις.

210 1325 287 1410 §82
316 1325 358 1391 de
383 1324 569 1392 Democrito
591 1326 674 1387 ποῖον
697 1319 729 1384 δέ
751 1343 777 1383 τι
799 1321 957 1406 τὴνφύσιν
980 1322 1012 1387 ὃν
1034 1323 1092 1387 ὑπὸ
1113 1322 1189 1393 τίνος
1210 1324 1319 1409 πάσχει
1344 1323 1441 1390 υόκίτι
1467 1328 1570 1411 προσέ-

209 1429 299 1514 θηκεν
327 1429 398 1513 ὅπερ
425 1426 495 1498 ίσως
522 1426 558 1513 ἦν
585 1427 771 1510 κυριώτατον.
807 1423 986 1510 Δημόκριτος
1015 1427 1067 1510 μὲν
1099 1425 1150 1491 οὖν
1178 1427 1271 1497 οὕτως
1296 1424 1358 1491 ἔνια
1386 1429 1568 1514 παραλείπει

208 1531 355 1599 similiter
377 1531 419 1599 de
440 1530 588 1613 Diogene
610 1530 630 1594 l.
647 1548 673 1594 c.
698 1527 754 1612 §9
775 1527 808 1589 τὸ
824 1528 857 1591 δὲ
878 1528 1014 1615 περιέχον
1038 1530 1138 1595 ὁποῖόν
1160 1530 1236 1595 ἐστιν
1258 1529 1293 1595 ed
1308 1532 1402 1615 δηλοῖ.
1427 1537 1462 1598 et
1475 1532 1568 1601 initio

208 1635 263 1719 §8
285 1641 386 1720 σαφῶς
406 1633 428 1699 e'
449 1633 532 1699 οὐδὲν
554 1629 708 1695 ἐκτίθεται.
740 1649 853 1696 verum
875 1631 961 1698 enim
983 1651 1060 1698 vero
1083 1632 1239 1700 Heracliti
1261 1632 1490 1702 obscuritatem
1511 1636 1569 1721 qni

84 1726 90 1737 ’
208 1737 378 1823 pervidere
400 1734 550 1819 voluerit,
573 1732 758 1798 coniectura
780 1751 893 1801 carere
914 1755 980 1800 non
1001 1736 1130 1818 poterit.
1166 1755 1272 1820 neque
1295 1756 1336 1802 ex
1357 1735 1569 1807 similitudine

207 1841 408 1907 coniectores
429 1839 538 1905 fecere
559 1836 688 1903 videtur
710 1853 878 1902 recusasse
900 1836 1153 1921 Theophrastus.
1186 1839 1337 1905 Laertius
1358 1839 1488 1923 quidem
1510 1842 1567 1926 §9

206 1943 306 2009 tradit
326 1944 455 2028 pinsetur
478 1940 685 2023 ἀναθυμιάσεις
707 1937 766 2001 ἀπό
788 1961 820 2001 τε
841 1943 894 2023 γῆς
916 1940 964 2004 καί
987 1940 1134 2026 θαλάττης
1159 1941 1194 2012 ἀς
1216 1943 1268 2026 μὲν
1290 1942 1425 2028 λαρπράς
1445 1945 1495 2009 καὶ
1517 1968 1567 2010 κα.

206 2046 309 2131 θαράς,
332 2046 366 2116 ἃς
388 2047 421 2110 δὲ
443 2045 598 2114 σκοτεινάς.
633 2039 773 2111 αὔξεσθαι
795 2042 883 2104 δὲτὸ
906 2042 958 2122 μὲν
980 2047 1038 2127 πῦρ
1061 2044 1118 2108 ὑπὸ
1132 2048 1191 2108 τών
1213 2046 1366 2129 λαμπρῶν,
1387 2043 1459 2110 τὸδ’
1479 2046 1566 2132 ὑγρόν

206 2151 262 2213 ὑπὸ
284 2154 342 2212 τῶν
365 2148 471 2233 ἑτέρων
492 2193 500 2209 .
518 2189 553 2205 ..
577 2143 788 2230 ἀθροιζομένας
810 2142 861 2212 τὰς
882 2143 1017 2228 λαμπρὰς
1038 2145 1246 2229 ἀναθυμιάσεις
1267 2147 1418 2212 ἀποτελεῖν
1445 2148 1566 2235 φλόγας,

205 2251 243 2322 ἀς
264 2251 353 2316 εἶναι
374 2252 415 2315 τὰ
436 2249 555 2334 ἄστρα.
589 2247 795 2332 λαμπροτάτην
817 2245 850 2307 δὲ
872 2243 944 2308 εἶναι
966 2247 1019 2329 τὴν
1033 2253 1085 2311 τοῦ
1100 2250 1184 2333 ἡλίου
1199 2249 1293 2336 φλόγα
1308 2249 1357 2314 καὶ
1372 2250 1567 2337 θερμοτάτην.

203 2352 395 2419 Aristoteles
417 2358 531 2418 contre
556 2350 738 2434 praefracte
760 2347 802 2413 de
823 2343 964 2411 siderum
991 2348 1186 2416 nutrimento
1212 2350 1388 2436 quidquem
1414 2371 1488 2419 eum
1509 2352 1567 2420 do·

203 2455 308 2521 cuisse
335 2454 467 2538 negavit
492 2454 658 2519 meteorol
674 2452 742 2517 112
764 2469 796 2533 p.
813 2448 893 2513 355·
910 2448 950 2513 18
977 2448 1084 2516 ἄτοπον
1114 2454 1147 2517 δὲ
1172 2455 1221 2518 καὶ
1248 2457 1281 2518 τὸ
1304 2454 1392 2537 μόνον
1415 2456 1566 2542 φροντίσαι

202 2562 254 2621 τοῦ
276 2557 370 2642 ἡλίου,
392 2563 450 2622 τών
473 2555 498 2621 δ’
527 2555 623 2621 ἄλλων
645 2555 779 2638 ἄστρων
801 2553 960 2635 παριδεῖν
983 2551 1113 2624 αὐτοὺς
1134 2556 1198 2641 τὴν
1221 2559 1407 2642 σωτηρίαν.
1442 2576 1508 2642 qus
1530 2557 1566 2623 in

202 2680 238 2726 re
260 2659 349 2726 haud
370 2679 486 2727 vereor
511 2679 554 2725 ne
581 2658 749 2742 quisquam
772 2652 937 2720 Schusteri
964 2655 1178 2725 temeritatem
1204 2657 1346 2724 imitetur
1366 2656 1565 2725 Aristoteles

201 2762 417 2847 inspectantis
431 2761 450 2827 ¹.
484 2761 543 2828 sed
559 2753 822 2844 Theophrastine
841 2754 883 2820 sit
898 2754 1082 2823 coniectura
1097 2778 1140 2825 en
1155 2758 1373 2844 compilatoris
1388 2758 1498 2846 φλόγας
1515 2778 1565 2825 sr-

201 2864 297 2930 bitrio
314 2863 528 2950 interpretati,
551 2863 603 2929 hio
620 2882 699 2930 sane
714 2861 882 2926 incertum.
917 2856 1018 2926 Stoici
1034 2867 1121 2928 certe
1136 2861 1301 2928 Heraclito
1323 2860 1460 2929 similem
1481 2881 1563 2929 suae

173 2979 177 2985 '
201 2965 386 3050 opinionem
407 2966 588 3033 tribuerunt
608 2966 680 3031 Aet.
701 2962 733 3027 11
754 2960 793 3026 ll
809 2970 827 3022 4
842 2957 1026 3045 Ἡράκλειτος
1048 2965 1096 3028 καί
1119 2967 1147 3029 οἱ
1169 2963 1293 3030 Στωικοὶ
1314 2963 1473 3050 τρέφεσθαι
1494 2965 1563 3036 τώς

199 3069 322 3154 ἀστέρας
344 3069 377 3132 ἐκ
398 3074 451 3154 τῆς
473 3069 599 3154 ἐπιγείου
614 3065 838 3148 ἀναθυμιάσεως
860 3058 911 3147 [es.
935 3064 978 3129 20
996 3075 1022 3128 6.
1046 3066 1087 3129 28
1106 3062 1144 3152 6].
1178 3067 1236 3134 sed
1257 3067 1392 3133 afferam
1412 3066 1560 3133 certiore.

198 3172 287 3237 velut
309 3171 329 3254 §
344 3171 365 3236 8
387 3176 444 3257 πῦρ
467 3172 539 3236 εἶναι
561 3175 705 3256 στοιχεῖον
727 3168 775 3231 καὶ
790 3166 880 3250 πυρὸς
895 3166 1021 3252 ἀμοιβὴν
1035 3169 1072 3231 τά
1087 3169 1180 3234 πάντα
1195 3171 1335 3255 ἀραιώσει
1349 3170 1399 3234 καὶ
1413 3171 1559 3235 πυκνώσει

196 3275 344 3358 γινόμενα·
368 3278 470 3359 σαφῶς
485 3274 518 3337 δὲ
533 3274 617 3338 οὐδὲν
632 3270 786 3337 ἐκτίθεται.
821 3287 893 3333 eum
915 3265 1027 3352 primis
1045 3268 1275 3337 eonferendum
1298 3270 1461 3356 Theophr.
1483 3270 1556 3337 fr.1

190 3372 327 3446 Ἵππασος
351 3418 382 3438 ·.
400 3419 408 3435 ·
423 3378 471 3440 καὶ
489 3375 675 3462 Ἡράκλειτος
697 3422 704 3437 .
723 3375 827 3455 ..πῦρ
849 3370 1023 3455 ἐποιήσαντο
1044 3373 1097 3455 την
1116 3374 1211 3460 ἀρχὴν
1226 3379 1275 3440 καὶ
1290 3375 1323 3440 ἐκ
1338 3376 1427 3460 πυρὸς
1442 3379 1558 3440 ποιοῦσι

195 3479 231 3542 τὰ
253 3476 321 3543 όντα
343 3482 487 3544 πυκνώσει
516 3480 563 3544 καὶ
588 3479 715 3562 μανώσει
739 3475 903 3558 ...πυρός
931 3473 985 3559 γὰρ
1008 3475 1134 3561 ἀμοιβὴν
1159 3476 1234 3541 είναί
1259 3498 1346 3564 φησιν
1370 3476 1558 3562 Ἡράκλειτος

193 3581 297 3644 πάντα.
322 3583 412 3666 πυρὸς
428 3583 536 3668 ἀμοιβή
553 3587 642 3648 recte
656 3575 793 3645 traditur
808 3574 861 3659 [υ1.
877 3573 1032 3641 Schuster
1047 3597 1078 3660 p.
1093 3577 1179 3663 1671,
1200 3579 1259 3646 sed
1273 3579 1355 3643 mire
1369 3586 1419 3645 est
1434 3579 1556 3665 opinio,

194 3699 258 3765 qus
286 3682 431 3755 πύκνωσις
460 3686 509 3750 καὶ
539 3687 667 3767 μάνωστς
695 3677 859 3747 Heraclito
890 3676 1050 3743 tribuitur.
1095 3679 1137 3746 de
1167 3680 1302 3747 notitiae
1330 3681 1454 3764 origine
1482 3701 1557 3748 cnm

193 3784 328 3851 testibus
351 3785 626 3852 consentientibus
649 3779 817 3849 dubitandi
838 3780 947 3844 nullus
969 3778 1011 3845 sit
1034 3782 1134 3866 loeus,
1156 3782 1208 3848 lric
1230 3790 1317 3850 certe
1337 3782 1556 3868 Theophrasti

190 3887 422 3969 adgnoscende
443 3895 493 3954 est
513 3886 709 3954 coniectura.
744 3883 854 3949 iamne
875 3881 1039 3964 intellegis
1062 3903 1118 3948 cur
1140 3885 1229 3950 velut
1250 3884 1292 3950 eb
1308 3891 1483 3951 excusante
1498 3883 1555 3952 sd·

190 3988 301 4074 datur,
331 3989 417 4072 quod
439 3989 589 4056 Laertius
619 3987 756 4056 feliciter
783 3984 929 4068 retinuit,
960 3990 1062 4069 σαφῶς
1085 3986 1117 4050 δὲ
1144 3986 1227 4049 οὐδὲν
1254 3984 1444 4052 ἐκτίθεταιθι
1486 4007 1555 4053 non

189 4232 328 4283 Schustero
337 4236 489 4299 refragetur.
508 4248 556 4282 nec
566 4230 689 4281 Herecliti
701 4229 732 4279 fr.
743 4224 777 4278 39
791 4228 862 4290 qnod
873 4227 1024 4292 Bywsterus
1036 4242 1119 4291 nuper
1131 4228 1243 4277 eddidit:
1259 4225 1291 4277 rel
1301 4225 1386 4295 ψυχρὰ
1398 4224 1444 4289 [ιιι
1455 4223 1553 4296 ψυχρόν

189 4333 239 4369 om.
253 4318 312 4382 rdl]
325 4315 431 4386 dipersi,
447 4313 540 4385 θερμόν
553 4313 667 4386 ψόχεται,
685 4311 759 4383 θγρόν
771 4311 907 4396 αόαίνιται,
918 4312 1060 4383 καρφαλίον
1072 4311 1191 4372 resideret
1204 4317 1238 4365 sd
1250 4317 1435 4366 elementorum
1448 4323 1551 4380 querer-

186 4409 291 4457 nionem
310 4407 404 4457 reseres
423 4412 532 4471 oportet

259 4492 266 4523 ¹
285 4495 409 4546 Hereellt.
427 4494 458 4544 11.
477 4510 503 4558 ρ.
518 4489 576 4543 114.
600 4486 642 4542 ‘in
666 4489 773 4542 celedon
791 4487 981 4540 Nedeceeelterr
1006 4488 1041 4540 ιἰι
1060 4486 1217 4540 Aristoteles
1234 4488 1309 4541 πίσλι
1326 4488 1419 4541 immor
1437 4487 1486 4540 der
1504 4504 1550 4539 αα-

183 4578 374 4648 verioccst'qsts'
384 4579 389 4630 l

255 4663 354 4730 'quod
372 4666 520 4732 Simplicius
537 4667 601 4716 dicit
618 4666 690 4730 phys.
708 4660 760 4715 32¹
772 4662 806 4716 46
830 4661 870 4714 ee
892 4661 940 4733 γάρ
962 4659 1051 4715 τρόπον
1074 4659 1152 4730 μόνου
1177 4664 1369 4729 [Ammonis]
1392 4660 1551 4734 Θεόφραστος

183 4751 209 4802 lv
227 4757 259 4820 τῇ
278 4750 371 4820 ἱστορίη
389 4751 435 4820 τὴν
454 4752 564 4819 μάνωσιν
583 4749 666 4820 κίρηιιι
684 4749 728 4800 καὶ
746 4746 793 4817 τὴν
811 4747 945 4815 πύκνωσιν,
963 4759 1053 4816 sperno
1073 4753 1155 4800 errori
1174 4752 1290 4803 debetur,
1310 4767 1370 4804 nem
1384 4753 1415 4802 de
1427 4751 1549 4816 Diogene

182 4837 242 4890 fri
261 4841 328 4891 clere
346 4839 540 4903 Theophrastus
558 4842 615 4906 ipso
634 4837 768 4902 Simplicio
787 4845 851 4889 testo
869 4837 1042 4906 τωτινονμίνου
1059 4836 1103 4889 καὶ
1122 4838 1278 4907 μανονμίνου
1297 4839 1354 4904 [τοῦ
1372 4836 1457 4906 ἀίρος]
1474 4853 1548 4888 usur·

180 4936 296 4991 paveret.
314 4923 444 4976 Zellerl‘
459 4923 526 4976 180⁴
550 4928 583 4977 sd
609 4932 707 4993 priores
729 4933 827 4975 tentum
845 4927 949 4980 Ionicos
968 4927 1132 4977 referendum
1152 4945 1208 4979 esse
1228 4937 1307 4994 putet.
1326 4931 1436 4979 forum
1456 4927 1547 4977 Theo·
