3464 5586
214 320 221 334 ·
255 304 318 369 488
578 304 835 357 THEOPHRASTI
853 305 991 358 PHYSIC.
1011 306 1172 358 OPINION.
1191 306 1243 357 FB.
1260 304 1290 356 12

255 477 382 540 θανάτου
410 477 619 540 συναπολλύναι
646 476 745 561 τρόπῳ
772 478 890 560 τοιῷδε·
926 474 1026 560 μηκέτ’
1059 473 1177 561 ἔχοντες
1204 477 1312 560 τροφήν
1340 476 1368 538 οί
1390 477 1562 560 δράκοντες,
1587 477 1619 540 ὃν

255 578 427 663 περιέθεσαν
457 580 564 662 δεσμὸν
591 579 784 664 ἐπιχειροῦσιν
813 577 924 642 ἐκλύειν
951 578 1122 662 ἀπαλλαγὴν
1145 577 1202 662 ἤδη
1226 579 1393 648 ποθοῦντες.
1432 579 1489 642 ύπδ
1511 581 1545 643 δὲ
1566 583 1619 643 τοῦ

256 684 361 767 βάρους
386 686 444 744 τῶν
472 680 636 766 ἐλεφάντων
664 681 831 766 θλιβόμενοι
858 684 1036 756 πιεζούνται,
1063 682 1110 744 καὶ
1140 682 1213 745 πολὺ
1240 683 1367 762 μᾶλλον,
1394 681 1509 744 ἐπειδὰν
1539 683 1619 768 τύχη

257 785 389 869 στέριφον
412 782 471 867 (δν)
493 785 541 847 καὶ
563 784 688 854 λιθῶδες
709 784 742 846 τδ
770 780 890 868 ἔδαφος·
919 783 1113 867 ἰλυσπώμενον
1139 784 1192 867 γάρ
1219 784 1267 846 καλ
1295 784 1388 846 πάντα
1410 789 1557 854 ποιοῦντες
1579 785 1620 855 είς

228 889 386 954 οδιάλυσιν
415 887 470 949 ύπδ
496 891 549 970 τῆς
575 890 627 950 τού
652 886 804 956 πιέσαντος
837 887 900 972 βίας
926 887 1101 970 πεδηθέντες
1128 887 1248 955 ἑαυτοὺς
1271 885 1461 969 πολυτρόπως
1487 887 1517 950 ἐν
1544 889 1620 972 ἀμη-

256 991 356 1076 χάνοις
378 990 427 1052 καὶ
450 990 570 1075 ἀπόροις
592 991 785 1072 γυμνάσαντες
807 987 1009 1065 ἐξασθενυϋσι,
1031 988 1106 1072 (καὶ)
1127 988 1261 1073 καθάπερ
1283 990 1311 1052 υί
1332 988 1577 1059 καταλευσθέντες
1599 991 1619 1074 ἢ

256 1092 370 1178 τείχους
392 1091 532 1177 αἰφνίδιον
555 1092 762 1178 ἐπενεχθέντος
784 1092 1085 1177 πρυκαταληφθέντες,
1111 1090 1172 1155 οὐδ’
1201 1092 1269 1155 όσον
1295 1091 1440 1175 ἀνακύψαι
1468 1093 1620 1174 δυνάμενοι

256 1201 342 1278 πνιγή
366 1198 548 1259 τελευτῶσιν.
586 1195 611 1258 εἰ
634 1196 671 1278 δή
694 1199 752 1257 τῶν
775 1199 871 1278 μερῶν
894 1195 1015 1258 ἕκαστον
1038 1200 1088 1258 τοῦ
1111 1194 1223 1277 κόσμου
1248 1193 1361 1278 φθορὰν
1392 1194 1543 1275 ὑπομένει,
1570 1197 1619 1278 δη-

260 1300 355 1363 λονότι
378 1299 426 1361 καὶ
450 1300 465 1362 ό
488 1297 518 1367 ἐξ
541 1296 637 1361 αὐτῶν
660 1299 759 1379 παγεὶς
782 1287 894 1379 κόσμος’
913 1296 1063 1382 ἄφθαρτος
1085 1297 1138 1361 οὐκ
1160 1295 1250 1360 ἔσται.
1287 1297 1336 1359 τδν
1359 1296 1392 1358 δέ
1414 1296 1548 1380 τέταρτον
1571 1298 1620 1360 καὶ

215 1430 238 1468 ιο
255 1402 355 1465 λοιπὸν
378 1401 462 1482 λόγον
485 1400 662 1485 άκριβωτέον
685 1398 744 1462 ῶδέ
766 1419 868 1483 φασιν·
897 1399 937 1462 ἐί
960 1401 976 1463 ό
999 1400 1108 1480 κόσμος
1130 1401 1221 1469 ἀίδιος
1242 1398 1290 1484 ήν,
1312 1397 1347 1483 ήν
1369 1398 1404 1461 ἀν
1426 1400 1475 1462 καῖ
1497 1402 1534 1464 τά
1557 1406 1621 1485 ζῷα

258 1504 338 1567 ἀίδια
359 1505 408 1566 καλ
430 1503 504 1565 πολύ
525 1525 559 1584 γε
581 1505 690 1585 μᾶλλον
711 1504 745 1566 τδ
767 1506 826 1565 τῶν
848 1502 1012 1586 ἀνθρώπων
1035 1503 1125 1584 γένος,
1148 1504 1210 1586 όσιρ
1233 1503 1281 1565 καί
1302 1506 1360 1564 τῶν
1380 1500 1476 1564 ἄλλων
1492 1501 1619 1584 ἄμεινον.

257 1606 331 1669 ἀλλά
354 1607 401 1668 καὶ
425 1606 557 1689 ὀψίγονον
579 1611 704 1690 φανῆναι
726 1609 785 1674 τοῖς
804 1606 988 1690 βουλομένοις
1003 1606 1121 1689 ἐρευνᾶν
1136 1607 1172 1667 τὰ
1187 1604 1315 1689 φύσεως·
1338 1603 1416 1672 είκδς
1430 1606 1493 1687 γάρ,
1510 1607 1620 1686 μᾶλλον

255 1706 280 1771 δ’
302 1709 456 1791 ἀναγκαῖον
480 1708 646 1792 ἀνθρώποις
668 1706 842 1791 συνυπάρξαι
864 1707 915 1777 τάς
936 1708 1041 1793 τέχνας
1064 1712 1104 1778 ώς
1127 1707 1161 1772 ἀν
1185 1708 1325 1792 ἰσήλικας,
1347 1707 1381 1770 ού
1405 1707 1492 1787 μόνον
1515 1707 1558 1770 ὅτι
1574 1708 1620 1770 λο

254 1816 322 1893 γική
339 1811 423 1896 φύσει
438 1811 471 1873 τδ
494 1810 659 1891 ἐμμέθοδυν
683 1811 799 1883 οἰκεῖον,
821 1810 897 1874 ἀλλά
920 1812 968 1874 καί
991 1812 1035 1875 ότι
1051 1816 1104 1895 ζῆν
1119 1810 1187 1874 ἀνευ
1202 1812 1312 1873 τούτων
1328 1809 1381 1873 ούκ
1396 1806 1486 1871 ἔστιν·
1511 1807 1619 1890 ἴδωμεν

215 1941 239 1980 ιο
256 1911 307 1977 οὖν
323 1915 389 1984 τοὺς
405 1916 535 1979 ἑκάστων
551 1913 674 1999 χρόνους
690 1914 883 1996 ἀλογήσαντες
899 1917 956 1976 τῶν
971 1912 1265 1999 ἐπιτραγῳδουμένων
1282 1913 1361 1981 θεοῖς
1384 1912 1486 1993 μύθων
1498 1910 1518 1952 *
1530 1910 1550 1952 *
1562 1910 1583 1952 *
1592 1913 1619 1976 εί

256 2017 297 2098 μὴ
321 2014 412 2086 ἀίδιος
434 2016 604 2101 ἅνθρωπος,
628 2013 689 2079 οὐδ’
717 2014 789 2078 άλλυ
811 2039 837 2077 τι
861 2020 949 2100 ζῷον,
972 2013 1042 2078 ὥστ’
1070 2013 1132 2079 οὐδ’
1159 2016 1189 2078 αἱ
1211 2015 1377 2096 δεδεγμέναι
1399 2018 1488 2077 ταῦτα
1511 2019 1619 2099 χῶραι,

253 2124 290 2202 γή
314 2119 362 2183 καὶ
386 2121 465 2204 ὕδωρ
487 2120 535 2182 καὶ
557 2119 625 2203 ἀήρ.
662 2117 692 2187 ἐξ
715 2118 756 2180 ῶν
778 2118 811 2180 τδ
834 2118 964 2203 φθαρτὸν
986 2115 1059 2180 εἶναι
1081 2119 1130 2180 τὸν
1152 2117 1261 2198 κόσμον
1284 2117 1372 2201 δῆλόν
1395 2115 1498 2181 ἐστιν’.

206 2221 248 2285 25
340 2219 508 2305 Ἀναγκαῖον
531 2223 564 2286 δὲ
586 2221 658 2304 πρὸς
679 2221 732 2304 τήν
754 2219 896 2303 τοσαύτην
918 2220 1112 2304 εύρεσιλογίαν
1135 2221 1309 2303 ἀπαντῆσαι,
1332 2222 1373 2304 μή
1396 2243 1437 2290 τις
1459 2225 1517 2283 τῶν
1540 2223 1619 2285 ἀπει-

256 2324 380 2408 ροτέρων
395 2325 494 2394 ἐνδούς
510 2324 650 2410 ὑπαχθή·
674 2325 723 2388 καί
738 2323 858 2409 ἀρκτέον
873 2345 905 2405 γε
920 2326 973 2405 τῆς
998 2323 1202 2407 ἀντιρρήσεως,
1224 2320 1274 2407 ἀφ’
1303 2322 1337 2386 ού
1361 2324 1408 2386 καὶ
1431 2328 1483 2406 τῆς
1506 2325 1620 2408 ἀπάτης

214 2454 238 2493 ευ
257 2430 284 2490 οἱ
300 2429 446 2512 σοφισταί·
472 2428 655 2510 ’ἀνωμαλίας
670 2423 761 2490 οὐκέτ’
781 2427 872 2511 ἐχρῆν
887 2424 960 2487 εῖναι
974 2429 1027 2508 τῆς
1041 2430 1105 2509 γής,
1119 2424 1200 2508 εἴπερ
1215 2426 1306 2495 ἀίδιος
1322 2425 1357 2510 ήν
1373 2427 1388 2489 ό
1404 2425 1537 2508 κόσμος’.
1572 2428 1620 2491 διὰ

255 2531 298 2607 τί,
326 2531 351 2593 ῶ
378 2536 514 2614 γενναῖος
541 2532 667 2616 φήσουσι
695 2529 749 2612 γὰρ
777 2528 869 2612 έτεροι
897 2527 1105 2610 παρελθόντες,
1133 2529 1177 2591 ὅτι
1204 2530 1329 2612 δένδρων
1356 2529 1440 2592 οὐδὲν
1466 2531 1496 2591 αἱ
1519 2529 1620 2613 φύσεις

256 2637 314 2696 τῶν
338 2633 415 2717 δρῶν
439 2631 633 2716 διαφέρουσιν,
656 2632 730 2695 ἀλλά
756 2631 889 2714 καθάπερ
912 2631 1019 2695 ἐκεῖναι
1041 2635 1151 2714 καιροῖς
1167 2631 1220 2713 μέν
1234 2648 1290 2695 τισι
1305 2635 1487 2717 φυλλορροεῖ,
1509 2637 1619 2715 καιροῖς

256 2735 290 2798 δὲ
318 2737 403 2797 πάλιν
431 2735 542 2819 ἀνηβᾷ,
564 2770 607 2779 -
630 2735 674 2797 διδ
697 2735 744 2797 καὶ
767 2734 800 2796 τδ
822 2734 971 2817 ποιητικὸν
997 2731 1030 2796 εδ
1057 2732 1168 2817 εῖρητοιι
1190 2733 1301 2818 ζφύλλα
1327 2735 1363 2798 τά
1386 2736 1438 2817 μέν
1461 2733 1487 2797 τ’
1515 2734 1621 2816 ἄνεμος

257 2839 383 2921 χαμάδις
417 2837 497 2923 χέει,
530 2837 604 2901 ἄλλα
637 2838 670 2901 δέ
703 2835 732 2899 θ’
768 2836 822 2919 ὕλη
852 2837 1027 2919 τηλεθόωσα
1055 2836 1132 2920 φύει,
1165 2834 1249 2921 ἔαρος
1279 2835 1304 2899 δ’
1339 2837 1509 2919 ἐπιγίγνεται
1539 2836 1616 2921 ώρη’

214 2967 238 3006 νο
258 2974 301 2984 -
323 2940 372 3002 τδν
395 2939 482 3003 αὐτὸν
504 2941 609 3023 τρόπον
634 2942 762 3004 καὶτῶν
785 2940 862 3023 δρῶν
884 2940 921 3004 τὰ
944 2940 996 3022 μὲν
1015 2938 1213 3022 ἀποθραύεται
1227 2940 1313 3024 μέρη,
1335 2941 1371 3004 τά
1385 2941 1417 3003 δέ
1432 2941 1620 3025 προσφύεται.

257 3048 378 3125 μακροῖς
401 3043 433 3105 δὲ
455 3043 570 3126 χρόνοις
592 3045 612 3127 ή
635 3043 795 3128 πρόσφυσις
817 3042 991 3106 καθίσταται
1012 3045 1170 3125 γνώριμος,
1192 3043 1264 3106 διότι
1286 3043 1323 3107 τά
1346 3045 1397 3125 μὲν
1420 3043 1523 3127 δένδρα
1546 3047 1620 3107 ώκυ·

256 3145 327 3229 τέρα
349 3150 489 3231 χρώμενα
509 3151 546 3228 τή
570 3146 655 3229 φύσει
677 3148 783 3210 θᾶττον
805 3145 1101 3230 καταλαμβανομένην
1124 3143 1187 3230 ἔχει
1209 3144 1262 3227 τήν
1285 3145 1428 3222 ἐπίδοσιν,
1450 3147 1487 3209 τά
1509 3147 1541 3209 δέ
1564 3145 1619 3231 δ’ρη

259 3247 434 3331 βραδυτέρφ,
463 3251 508 3311 διδ
538 3249 586 3311 καῖ
612 3248 662 3317 τάς
690 3249 824 3334 ἐκφύσεις
849 3247 946 3311 αὐτῶν
973 3247 1116 3330 αἰσθητὰς
1143 3248 1187 3310 ότι
1214 3249 1255 3331 μή
1283 3248 1381 3332 χρόνιρ
1409 3250 1513 3334 μακρῷ
1537 3250 1620 3332 μόλις
1678 3243 1686 3259 ’

254 3349 326 3412 εῖναι
355 3351 546 3434 συμβέβηκεν.
584 3350 697 3414 ἐοίκασί
718 3373 750 3432 γε
771 3352 819 3414 τδν
842 3351 947 3435 τρόπον
970 3356 1022 3433 τής
1044 3349 1184 3432 γενέσεως
1206 3349 1302 3413 αὐτῶν
1326 3352 1452 3432 ἀγνοεῖν,
1479 3353 1542 3415 ἐπεὶ
1565 3352 1620 3416 κάν

213 3481 237 3519 σο
256 3451 326 3521 ἴσως
356 3451 536 3521 αἰδεσθέντες
563 3452 727 3536 ἡσύχασαν.
764 3452 873 3536 φθόνος
896 3450 922 3515 δ’
954 3452 1047 3522 οὐδεὶς
1073 3453 1282 3515 ἀναδιδάσκειν.
1321 3451 1381 3517 ἔστι
1404 3452 1430 3516 δ’
1462 3452 1529 3517 οὔτε
1555 3456 1619 3518 νέον

255 3555 287 3616 τὸ
310 3554 463 3636 λεγόμενον
486 3551 554 3616 οὔτε
577 3553 687 3638 ῥήμαθ’
722 3557 822 3638 ήμῶν,
851 3556 927 3619 ἀλλά
948 3556 1058 3619 παλαιά
1080 3559 1180 3639 σοφῶν
1202 3556 1331 3639 ἀνδρῶν,
1358 3556 1401 3626 οῖς
1431 3558 1514 3621 οὐδὲν
1545 3559 1620 3621 ἀδιε·

257 3657 393 3740 ρεύνητον
416 3660 474 3717 τῶν
496 3657 537 3726 εἰς
564 3657 725 3742 ἐπιστήμην
753 3659 915 3741 ἀναγκαίων
942 3657 1156 3721 ἀπολέλειπται.
1195 3659 1263 3721 όταν
1289 3661 1322 3722 τὸ
1346 3661 1620 3742 κατακεκλεισμένον

255 3863 272 3916 3
291 3862 429 3923 πιεζούνται
446 3866 488 3915 M:
508 3863 632 3923 πιέζονται
651 3867 728 3929 vulgo
750 3863 761 3932 β
782 3867 799 3918 4
817 3863 844 3916 δν
866 3869 912 3918 οδ·
964 3886 1009 3919 ner
1028 3871 1058 3919 οῖ.
1079 3869 1194 3933 Bernays
1208 3866 1339 3929 Theophr.
1359 3867 1438 3915 ueber
1456 3868 1496 3918 die
1510 3869 1617 3919 Froem-

256 3954 310 4003 didi
325 3949 338 4018 β
353 3954 368 4005 6
381 3948 555 4019 γυμνώσαντες
569 3953 596 4003 Μ
611 3949 624 4019 ΙΙ
640 3952 683 4003 καὶ
696 3955 754 4003 add.
769 3955 883 4021 Bernays
897 3951 911 4024 11
963 3957 1041 4021 migk.
1060 3974 1084 4021 p.
1098 3955 1131 4007 47
1148 3952 1159 4019 β
1174 3953 1195 4004 εί
1213 3951 1239 4003 δὲ
1254 3951 1290 4019 μή
1304 3955 1369 4002 coni.
1389 3955 1472 4003 Zeller
1487 3951 1498 4018 ,1
1517 3955 1548 4008 16
1561 3954 1616 4008 οὐδ’

256 4040 271 4092 7
296 4036 470 4108 ἐπενεχθέντος
492 4041 535 4090 M:
559 4036 736 4110 ὑπενεχθέντες
759 4044 837 4106 vulgo
858 4039 871 4107 Η
896 4041 912 4094 8
964 4060 993 4093 σι
1013 4040 1042 4093 οὐ
1062 4037 1089 4093 M
1106 4039 1119 4108 ΕΙ
1137 4042 1167 4092 17
1185 4039 1227 4092 τόν
1246 4036 1356 4108 φθαρτόν
1375 4039 1434 4091 εἶναι
1453 4041 1546 4109 κόσμον
1560 4046 1588 4094 M
1604 4043 1616 4109 ,ί

256 4133 328 4196 πνιγή
343 4130 433 4191 vulgo:
451 4128 525 4196 τήγή
536 4130 565 4179 Μ
577 4125 589 4194 Η
604 4127 636 4179 10
647 4125 696 4178 ὧδέ
707 4143 807 4196 φασινσ
819 4131 910 4192 vulgo:
965 4130 997 4183 18
1015 4126 1179 4197 εύρεσιλογίαν
1192 4147 1221 4178 a:
1240 4126 1409 4196 εὑρησιλογίαν
1423 4131 1450 4178 M
1474 4128 1485 4195 ή
1506 4129 1540 4182 20
1553 4130 1618 4182 ἀνιο-

255 4212 314 4266 ιῖιδτ.
333 4213 406 4282 φασὶν
425 4217 454 4266 Μ
473 4216 587 4280 Βετουγε
608 4210 621 4281 ll
644 4215 673 4266 11
694 4213 722 4265 τό
740 4220 792 4265 τῶν
810 4234 839 4266 a:
858 4219 911 4266 τῶν
962 4214 1106 4284 μαλίαςΜι
1126 4216 1170 4274 τὰς
1183 4235 1201 4266 a
1220 4220 1296 4280 vulgo
1318 4214 1329 4282 11
1352 4215 1385 4267 ’23
1405 4219 1481 4267 Hom.
1502 4213 1588 4271 Z147
1602 4217 1618 4286 ΙΙ

255 4304 283 4352 Μ
305 4299 319 4368 Η
343 4299 372 4352 12
392 4299 528 4369 φανήσεται
540 4304 606 4352 coni.
620 4303 728 4353 Usener.
748 4319 808 4353 num
821 4301 907 4353 κάν-
961 4302 995 4356 25
1014 4300 1181 4372 ἀποθραύεται
1194 4322 1223 4354 a:
1244 4300 1403 4372 ἐπιθράβεται
1423 4305 1451 4352 Μ
1472 4302 1484 4370 ij
1505 4304 1539 4357 ‘28
1558 4305 1618 4375 βρα·

256 4388 359 4457 φανείηῒ
379 4384 392 4457 ΙΙ
414 4389 446 4441 13
466 4385 618 4456 συννπάρξας
636 4391 665 4440 Μ
686 4387 699 4456 ss
719 4388 763 4444 τάς
781 4385 863 4455 φύσεις
881 4408 910 4440 a:
962 4391 1054 4459 χυτέρα
1066 4394 1125 4442 οΜι
1146 4389 1283 4460 βραδυτέρρ
1302 4395 1388 4456 vulgo.
1408 4389 1542 4460 βραδύτεροι
1555 4394 1618 4444 Ber·

256 4481 368 4543 φυσικῶς
386 4477 498 4527 addebat
515 4487 573 4542 post
592 4472 689 4543 φύσεως
707 4475 822 4541 Βετοογε
843 4474 855 4543 Η
880 4477 911 4529 14
961 4495 1025 4545 noys
1060 4478 1072 4545 γη
1107 4477 1176 4547 μόλις
1204 4497 1221 4528 ο
1248 4482 1339 4544 vulgo:
1373 4478 1443 4546 μόγις
1470 4482 1497 4530 Μ
1530 4495 1555 4531 οι
1585 4485 1617 4532 cf.

256 4559 325 4631 φύσει
344 4561 372 4614 τδ
392 4565 483 4626 vulgo:
507 4560 577 4629 φύσει
594 4579 621 4612 τε
640 4565 681 4613 M:
704 4560 734 4612 τὸ
756 4570 815 4628 post
833 4562 909 4631 ἐμμέ·
962 4584 986 4631 p.
999 4564 1113 4629 489,10.
1132 4564 1236 4629 490,θ”ί
1258 4565 1271 4631 Η
1292 4564 1325 4619 29
1345 4566 1426 4635 γετὸν
1440 4570 1481 4619 M:
1501 4585 1527 4618 τε
1545 4567 1587 4619 τόν
1601 4588 1617 4617 α

256 4645 466 4700 θυδονιτυίεοῖισ
477 4646 489 4715 β
505 4649 536 4701 14
549 4647 613 4699 ίστιν
626 4652 685 4700 οΜι
701 4647 792 4701 ἔνεστιν
803 4654 880 4716 vulgo
894 4648 908 4720 11
961 4655 1069 4705 fortasse
1089 4651 1115 4704 δέ
1133 4651 1176 4704 τδν
1197 4650 1209 4719 β
1229 4652 1264 4705 30
1282 4649 1339 4704 οὔτε
1361 4654 1416 4704 νέον
1435 4657 1493 4705 αΜι
1514 4651 1570 4705 ούτε
1593 4673 1617 4706 τι

259 4735 290 4788 15
308 4733 473 4804 ἀλογήσαντες
492 4737 582 4802 vulgo:
602 4733 789 4804 ἀναλογίσαντες
802 4755 831 4788 a:
851 4737 909 4806 ἀμε-
961 4738 1015 4790 νέον
1037 4742 1115 4804 vulgo
1137 4738 1149 4807 Ιί
1174 4740 1204 4791 31
1225 4739 1254 4791 τὸ
1277 4740 1407 4808 λεγόμενον
1426 4759 1454 4791 σε
1478 4747 1530 4792 τῶν
1550 4741 1618 4811 λεγό-

254 4820 373 4890 λήσοντες
392 4826 420 4875 Μ
436 4820 448 4889 Η
464 4820 566 4874 ιἀεειεε
579 4824 672 4890 quibus
686 4822 835 4893 εύρημάτων
848 4835 909 4876 tem·
961 4844 1043 4893 μενων
1057 4829 1085 4877 Μ
1107 4823 1120 4894 ll
1141 4824 1171 4878 οδ
1190 4826 1281 4897 ῥήμαθ’
1304 4829 1378 4897 ήμῶν
1390 4832 1432 4880 M:
1452 4826 1504 4880 οὔθ’
1526 4829 1617 4899 ήμίτε-

250 4927 320 4974 ρυνα
346 4910 474 4975 explicata
496 4919 570 4961 erant
598 4910 666 4963 υῖάῖι
689 4910 818 4981 Μοορεμ’
842 4914 907 4964 Use-
961 4929 1002 4981 ρον
1021 4911 1090 4982 βῆμα
1110 4932 1126 4963 a
1146 4912 1160 4982 β
1180 4914 1294 4968 παλαιῶν
1312 4917 1355 4968 καὶ
1374 4922 1460 4984 σοφῶν
1478 4935 1495 4967 α
