3442 5588
598 327 736 381 GALBNI
753 326 895 382 HISTOR.
913 328 1053 382 Pfllhos.
1064 327 1108 381 77.
1121 327 1157 383 78
1496 327 1557 392 631

450 556 487 619 77
524 551 610 636 Περὶ
634 554 749 636 νεφῶν
772 551 829 615 καὶ
852 551 995 637 χιόνων.
1031 559 1300 624 [Plut.11141.a.:]

329 707 555 792 Ἀναξιμένης
591 706 650 793 ἔφη
683 707 848 793 συμβαίνειν
881 707 1080 792 παχυνθέντος
1112 707 1161 771 ἐπὶ
1194 710 1292 771 πλεῖον
1326 709 1378 772 τοῦ
1411 704 1507 789 ἀέρος,

241 815 350 896 μᾶλλον
371 813 406 876 δέ
426 810 669 897 ἐπισυναχθέντος
691 809 881 896 ἐκθλίβεσθαι
901 810 969 881 τοὺς
991 808 1127 897 ὄμβρους,
1155 810 1327 895 [γίγνεσθαι]
1356 810 1442 896 χιὺνα
1464 808 1507 885 δέ,

243 914 359 979 ἐπειδάν
380 917 414 979 τδ
436 913 669 999 καταφερόμενον
683 908 687 996 ῥ
702 912 780 996 ὕδωρ
805 914 887 996 παγῇ
913 913 970 976 ὑπδ
997 911 1123 997 ψύξεως,
1151 913 1283 998 χάλαζαν
1312 915 1355 993 δέ,
1385 915 1453 979 όταν
1480 936 1507 976 τι
1522 933 1558 972 τοι

212 1019 464 1103 υπερισυλληφθῇ
486 1022 529 1101 τῷ
553 1016 633 1100 ὑγριρ
655 1016 855 1096 πνευματικόν.
901 1014 1144 1101 Μητρόδωρος
1167 1015 1225 1078 ἀπὸ
1255 1019 1307 1099 τῆς
1340 1017 1506 1085 ὑδατώδους

241 1122 389 1205 ἀναφορᾶς
417 1118 605 1183 συνίστασθαι
633 1117 670 1181 τὰ
695 1117 779 1202 νέφη.
820 1115 1024 1203 Ἐπίκουρος
1059 1120 1118 1182 ἀπδ
1150 1122 1208 1181 τῶν
1236 1119 1363 1201 ἀτόμιυν.
1409 1140 1505 1202 στρογ·

240 1222 400 1305 γυλοῦσθαι
423 1223 475 1305 τὴν
498 1221 630 1306 χάλαζαν
652 1220 700 1284 καὶ
723 1221 772 1284 τὸν
795 1221 877 1284 ὑετὸν
898 1220 1045 1303 γίγνεσθαι
1067 1222 1126 1286 ἀπὸ
1148 1226 1200 1305 τῆς
1216 1221 1395 1306 μακροτέρας
1410 1225 1502 1306 φορᾶς

241 1324 289 1388 διδ
310 1328 362 1388 τοῦ
384 1323 470 1408 ἀέρος
491 1323 705 1410 συμβαινούσης
727 1323 994 1408 ἀποπληττόμενον.

533 1583 573 1647 78
609 1579 694 1666 Περὶ
718 1580 838 1666 ἴριδος.
875 1589 956 1653 [Plut.
972 1587 1157 1643 11151.:-10.
1173 1588 1208 1654 ιι]

199 1758 223 1797 ιο
328 1735 395 1802 Τῶν
424 1737 585 1821 μεταρσίων
612 1736 717 1799 παθῶν
743 1737 780 1801 τὰ
807 1736 859 1819 μὲν
889 1734 957 1799 καθ’
986 1736 1144 1801 ὑπόστασιν
1166 1736 1289 1820 γίγνεται
1312 1737 1372 1800 οἷον
1395 1733 1504 1820 ὄμβρος

241 1841 368 1925 χάλαζα,
390 1840 426 1904 τά
448 1842 481 1904 δὲ
502 1837 567 1929 κατῗ
596 1837 721 1924 ἔμφασιν
744 1839 798 1903 οὑκ
820 1836 928 1924 ἔχοντα
950 1839 1086 1903 σύστασιν
1109 1839 1195 1919 ίδίαν,
1217 1840 1316 1924 ὥσπερ
1332 1840 1407 1931 Ιὅταν
1430 1863 1501 1920 καμ-

240 1942 334 2012 πύλας
355 1944 490 2027 γραμμὰς
513 1941 704 2027 δρῶμεν,τά
725 1943 758 2004 δὲ
780 1942 855 2007 κατὰ
875 1946 935 2005 τῶν
957 1942 1049 2005 λίθων
1072 1946 1131 2005 τῶν
1153 1944 1278 2025 διαυγῶν
1301 1944 1350 2006 καὶ
1371 1944 1501 2026 κεράτων

241 2043 419 2130 (λεπτομερῆ
441 2044 497 2129 γάρ
518 2050 610 2108 ταῦτα
632 2041 739 2128 πάντα)
761 2045 810 2108 καὶ
833 2045 986 2127 καμπύλας
1008 2044 1041 2106 δὲ
1062 2046 1213 2127 γραμμάς,
1243 2045 1343 2129 ὥσπερ
1369 2046 1406 2108 τὰ
1427 2042 1495 2107 καθ’

239 2148 341 2218 ὑδατος
361 2148 365 2231 ῥ
386 2150 504 2231 δρᾶται·
527 2150 688 2232 κάμπτεται
714 2147 768 2231 γὰρ
795 2146 867 2231 πρὸς
888 2147 941 2231 τὴν
969 2146 1144 2230 πυκνοτέραν
1173 2151 1224 2210 τοῦ
1251 2149 1354 2218 ὑδατος
1381 2148 1451 2230 ῦλην
1478 2148 1552 2230 ἠκυο

197 2270 221 2307 υ
240 2249 313 2335 ὄψις.
349 2251 394 2314 διδ
417 2251 469 2334 τἠν
493 2253 595 2334 κώπην
618 2250 648 2314 ἐν
671 2273 708 2333 τη
732 2249 865 2334 θαλάττῃ
889 2251 1003 2333 δρῶμεν
1026 2250 1233 2332 κεκλασμένην.
1268 2249 1362 2332 τρίτος
1384 2251 1416 2312 δὲ
1437 2250 1500 2334 τρό-

239 2378 292 2423 πος
319 2357 370 2416 τοῦ
399 2352 514 2438 βλέπειν
544 2354 582 2416 τὰ
610 2353 802 2435 ἀνακλώμενα
828 2354 928 2438 ὥσπερ
956 2352 992 2417 τὰ
1018 2355 1175 2437 κάτοπτρα.
1206 2349 1282 2414 ἔστιν
1309 2349 1359 2414 οὑν
1387 2351 1420 2414 τδ
1447 2356 1499 2435 τῆς

242 2454 330 2540 ἴριδος
351 2455 427 2526 εἶδος
449 2459 589 2520 τοιοῦτον.
622 2452 692 2538 (δεῖ)
720 2454 775 2538 γὰρ
797 2456 950 2540 ἐπινοῆσαι
977 2455 1030 2538 τὴν
1053 2454 1246 2536 ἀναθυμίασιν
1272 2454 1325 2537 τὴν
1349 2454 1436 2536 ὑγρὰν
1459 2452 1500 2521 εἰς

240 2558 328 2642 νέφος
350 2559 602 2643 μεταβσλλουσαν,
628 2557 692 2621 εἶτα
713 2557 748 2621 ἐκ
769 2558 872 2621 τούτου
894 2558 969 2622 κατὰ
991 2557 1086 2642 βραχὺ
1109 2557 1151 2626 είς
1173 2556 1276 2640 μικράς
1299 2556 1415 2640 ῥανίδας
1438 2557 1500 2638 δρο-

237 2659 374 2731 σιζούσας
397 2664 564 2742 μετιοῦσαν·
588 2661 657 2723 όταν
681 2661 697 2724 ό
720 2662 803 2745 ἥλιος
824 2661 940 2745 γένηται
956 2660 986 2723 ἐν
1001 2661 1102 2742 δυσμῇ
1123 2657 1248 2744 (ἀνάγκη
1263 2657 1317 2743 γάρ
1333 2661 1429 2721 πᾶσαν
1443 2656 1499 2742 ἶριν

194 2781 220 2819 νο
238 2761 369 2846 ἄντικρυς
398 2769 449 2826 τοῦ
472 2763 556 2846 ἡλίου
579 2760 749 2847 γίγνεσθαι),
776 2763 842 2827 τότε
863 2767 883 2847 ἡ
906 2762 971 2849 ὄψις
993 2767 1198 2847 προσπεσοῦσα
1218 2764 1281 2831 ταῖς
1304 2760 1411 2846 ῥανίσιν
1433 2761 1499 2824 ἀνα-

240 2866 355 2943 κλᾶται,
377 2866 454 2931 ώστε
476 2865 642 2950 συμβαίνειν
664 2866 717 2950 τὴν
738 2865 803 2951 ίριν.
834 2866 889 2929 είσὶ
912 2866 945 2929 δέ
966 2867 996 2929 αἱ
1021 2866 1132 2950 ῥανίδες
1154 2863 1189 2927 οῦ
1212 2866 1365 2949 σχήματος
1388 2860 1499 2946 μορφαί

239 2967 314 3031 ἀλλά
337 2971 482 3054 χρώματα
504 2968 646 3053 φαίνεται.
669 2969 702 3031 τδ
726 2970 778 3051 μὲν
800 2969 984 3053 γάρπρῶτον
1000 2966 1063 3054 ἔχει
1079 2972 1235 3053 φοινικοῦν,
1256 2967 1290 3029 τδ
1312 2967 1345 3030 δὲ
1366 2964 1498 3048 δεύτερον

236 3069 374 3154 ἁλουργὲς
397 3072 444 3134 καὶ
467 3072 659 3156 πορφυρίζον,
685 3072 718 3134 τὸ
747 3072 780 3135 δὲ
805 3072 899 3155 τρίτον
925 3074 1047 3135 κυανοῦν
1075 3071 1123 3133 καί
1147 3073 1294 3154 πράσινον.
1329 3070 1443 3152 μήποτε
1464 3067 1497 3129 τὸ

237 3173 290 3256 μὲν
312 3178 470 3256 φοινικοῦν,
494 3175 562 3238 ὅταν
585 3177 605 3259 ἡ
628 3175 798 3259 λαμπρότης
812 3179 864 3238 τοῦ
878 3175 968 3259 πυρδς
982 3178 1187 3258 προσπεσοῦσα
1202 3171 1314 3254 ἀνακλᾷ
1329 3172 1362 3234 τδ
1377 3173 1495 3255 χρῶμα.

194 3296 219 3333 τε
236 3276 270 3338 τδ
292 3276 325 3338 δὲ
348 3275 480 3361 δεύτερον
502 3277 589 3362 μέρος
611 3277 837 3360 ἐπιθολούμενον
864 3278 913 3341 καὶ
941 3277 1115 3359 ἐκλυόμενον
1138 3279 1248 3359 μᾶλλον
1275 3279 1328 3358 τῆς
1349 3272 1498 3355 λαμπηδό·

238 3403 285 3447 νος
308 3379 356 3442 διδ
378 3378 429 3448 τάς
452 3379 568 3464 ῥανίδας
590 3381 728 3464 άλουργές
748 3380 751 3463 y
771 3382 860 3445 δοκεῖ.
893 3378 990 3443 ἔτιδὲ
1013 3382 1122 3462 μᾶλλον
1144 3379 1177 3443 τδ
1200 3378 1332 3462 δροσίζον
1356 3376 1498 3460 μεταβαλ·
1511 3394 1547 3431 τοι

235 3485 326 3545 λεται.
361 3479 421 3546 ἐστι
443 3483 497 3567 γάρ
519 3486 603 3546 τοῦτο
626 3482 781 3564 δοκιμάσαι
803 3479 839 3546 δι’
868 3480 973 3567 ἔργον·
996 3483 1023 3546 εί
1044 3483 1099 3567 γάρ
1121 3506 1163 3551 τις
1184 3481 1225 3551 είς
1247 3481 1281 3544 τδ
1302 3479 1420 3562 ἀντικρὺ
1443 3481 1494 3540 τοῦ

232 3583 316 3666 ἡλίου
339 3585 417 3670 λάβη
434 3584 512 3670 ύδιυρ
527 3586 576 3649 καλ
589 3586 612 3669 †
624 3585 712 3662 πιτὺι,
734 3587 765 3649 αἱ
780 3585 813 3648 δέ
829 3584 940 3670 ῥανίδες
955 3586 1110 3649 ἀνάκλασιν
1125 3584 1237 3670 λάβωσι
1251 3584 1323 3668 πρδς
1338 3581 1388 3644 τδν
1403 3583 1496 3664 ἥλιον,

232 3688 350 3772 εὑρήσει
376 3686 577 3773 ἐγγιγνομένην
607 3687 674 3771 ἶριν.
711 3688 759 3750 καὶ
789 3688 816 3750 οί
843 3688 1064 3772 ὀφθαλμιῶντες
1094 3690 1127 3753 δέ
1148 3690 1233 3753 τοῦτο
1260 3686 1432 3770 πάσχουσιν,
1456 3687 1496 3753 ώς

217 3981 229 4033 1
260 3982 315 4051 περὶ
342 3981 452 4050 νεφελῶν
479 3984 523 4035 καὶ
550 3982 632 4052 χιόνος
654 3987 679 4035 A
705 3981 719 4052 ΙΙ
748 3982 765 4035 2
788 3981 836 4053 ίφη
892 3979 924 4035 15
947 3982 1031 4052 κάπην
1049 3980 1147 4053 δρῶμεν
1170 3982 1196 4036 ἐν
1218 3986 1240 4036 Β
1266 3981 1280 4052 ΙΙ
1301 3981 1399 4053 δρῶμεν
1420 3990 1478 4048 post
1499 3978 1546 4033 θα·

178 4068 241 4120 AB:
265 4071 335 4122 Plut.
358 4070 421 4141 νίφη
444 4069 458 4141 ΙΙ
489 4071 505 4123 3
533 4067 699 4139 συναχθέντος
720 4072 743 4123 Β
767 4068 782 4139 ΙΙ
807 4070 837 4123 ίκ
889 4066 968 4137 λάπτη
992 4085 1043 4121 om.
1066 4071 1088 4123 Β
1113 4067 1127 4140 ΙΙ
1160 4072 1191 4126 16
1215 4069 1267 4123 έστι
1288 4073 1363 4124 τοῦτο
1380 4071 1427 4137 τῆς
1444 4069 1483 4120 A:
1500 4065 1547 4120 τίσι

177 4157 227 4206 τοῦ
244 4152 375 4225 θλίβεσθαι
392 4160 415 4212 Β
435 4158 449 4227 ΙΙ
473 4154 596 4228 γίγνεσθαι
614 4161 716 4210 videtur
732 4161 765 4210 nd
782 4157 837 4210 ν.2
888 4158 963 4208 τοῦτο
985 4158 1032 4226 τῆς
1053 4158 1076 4209 Β
1100 4156 1114 4226 ΙΙ
1141 4159 1173 4211 17
1196 4157 1260 4217 εἶδος
1283 4161 1320 4209 A:
1344 4155 1406 4209 ἴδιον
1426 4156 1449 4207 Β
1472 4152 1487 4223 ΙΙ
1511 4153 1548 4206 δεῖ

180 4244 359 4309 referendum,
385 4248 428 4299 ubi
451 4249 521 4300 Plut.
545 4245 637 4315 γίνεται
660 4264 707 4313 pro
731 4244 836 4314 συμβαί-
889 4261 954 4308 ουκ,
981 4254 1066 4297 cetera
1084 4250 1146 4299 mire
1166 4255 1298 4313 corrupta:
1324 4243 1370 4313 γὰρ
1393 4242 1468 4295 εἰπεῖν
1491 4238 1546 4294 όσαι

176 4345 227 4380 νειν
245 4332 323 4383 δεύει
341 4330 354 4401 ΙΙ
373 4335 390 4386 4
407 4334 479 4385 κάτιυ
496 4331 630 4402 φερόμενον
648 4334 671 4386 Β
691 4331 705 4401 ΙΙ
725 4330 836 4402 χάλαζαν
888 4328 946 4394 [ύσα
964 4331 999 4397 Β]
1018 4331 1064 4401 τὴν
1082 4329 1245 4402 ἀναθυμίασιν
1263 4332 1310 4402 τὴν
1327 4330 1403 4400 ὑγράν
1421 4329 1455 4388 είς
1473 4328 1546 4397 νέφος

175 4418 261 4470 Ρλακε
284 4417 358 4471 πάλιν
381 4423 420 4472 A:
448 4438 500 4473 om.
524 4422 617 4473 lacuna
643 4430 764 4485 quattuor
786 4423 834 4472 lit:
886 4416 1067 4489 μεταβάλλουσι
1085 4419 1141 4473 κτλ,
1164 4424 1213 4474 AB
1239 4417 1253 4490 ΙΙ
1282 4421 1313 4473 19
1336 4414 1437 4488 μιιοὺαν
1455 4419 1477 4469 Β
1497 4413 1545 4485 ΙΙδ

176 4506 323 4558 ίιιιθοοιαΒ
339 4505 487 4573 ΙΙδέοιυ.Β
503 4503 833 4577 Ηῦπαρασυληφθίνταλι
886 4524 937 4559 om.
956 4510 983 4559 A
1002 4505 1017 4576 ΙΙ
1037 4505 1123 4577 δυσμῷ
1142 4510 1165 4561 Β
1183 4507 1198 4577 Η
1218 4513 1274 4566 πῶς
1292 4504 1322 4559 ἀν
1340 4509 1377 4557 Δι
1397 4519 1455 4557 πιυσ
1476 4505 1499 4556 Β
1529 4502 1543 4575 ΙΙ

175 4591 201 4643 τὶ
217 4590 360 4664 περιληρθή
378 4596 399 4646 Β
419 4595 434 4663 Η
454 4599 492 4646 τῶ
511 4593 581 4663 ὑγρῶ
599 4591 719 4662 πνεύματι
737 4595 780 4646 καὶ
795 4598 834 4646 A:
886 4592 920 4646 22
939 4592 1075 4664 χρώματος
1094 4595 1221 4664 φαίνονται
1239 4597 1261 4649 Β
1282 4593 1295 4664 ΙΙ
1315 4588 1405 4664 φοινιά*
1420 4595 1445 4643 A
1466 4589 1480 4659 Η
1499 4591 1545 4660 γὰρ

175 4682 229 4730 τῶν
242 4677 325 4749 ὑγρῶν
337 4682 519 4750 πνιυμάτιυνΒ
536 4678 833 4750 ΗδστρογγυλᾶσθαιΒι
886 4698 938 4733 om.
957 4683 979 4733 Β
999 4679 1012 4749 ΙΙ
1033 4681 1068 4736 25
1086 4681 1113 4735 δὲ
1131 4700 1182 4736 om.
1200 4686 1222 4737 B
1243 4679 1257 4752 ΙΙ
1283 4682 1316 4736 27
1334 4683 1380 4735 τοὺ
1398 4678 1469 4750 ἡλίου
1494 4696 1545 4732 om.

174 4765 367 4836 στρογηὺλεσθαι
385 4773 412 4822 A
431 4766 445 4836 ΙΙ
464 4771 479 4822 7
499 4764 622 4837 γίγνεσθαι
639 4766 663 4819 δ’
684 4771 707 4820 Β
887 4769 909 4819 Β
933 4764 947 4836 ΙΙ
972 4767 1007 4822 28
1029 4768 1095 4822 πιτὺι
1117 4774 1156 4823 A:
1180 4772 1246 4824 πιτλν
1268 4772 1291 4823 Β
1319 4772 1351 4822 ef.
1377 4769 1444 4820 Plut.
1468 4768 1543 4818 codd.

214 4852 246 4906 12
265 4854 390 4924 κίραταΒ
406 4854 420 4924 ΙΙ
440 4856 473 4910 13
485 4854 666 4924 λεπτομερεῖΒ
686 4852 700 4923 ΙΙ
720 4858 833 4908 ταῦτα-
886 4857 936 4906 AB
956 4853 970 4925 ΙΙ
995 4855 1030 4910 28
1048 4856 1145 4927 λάβοιεν
1163 4862 1190 4911 A
1216 4856 1230 4926 ΙΙ
1252 4855 1376 4926 ιὺρησειιν
1399 4853 1544 4924 γιγνομένην

176 4940 369 5010 14ηάροαι.Β
391 4942 404 5011 >l
428 4944 459 4996 14
477 4940 656 5012 πυκνότηταΒ
677 4939 690 5010 γρ
710 4939 757 5011 ὑλη
777 4945 799 4994 Β
819 4939 832 5010 ΙΙ
886 4945 935 4995 AB
955 4939 969 5012 ῥΙ
990 4943 1023 4998 29
1042 4940 1168 5014 ὀφθαλμοὶ
1185 4944 1264 4997 τῶνδε
1282 4945 1399 4997 τοὺτοΒ
