3442 5588
642 316 917 368 ruouneouaun
1417 316 1455 379 21

181 486 320 552 Constat
346 487 475 550 conlato
504 485 651 567 Diogene
678 484 824 550 v11138
852 485 933 551 baec
965 486 999 551 in
1027 486 1192 551 Posidonii
1225 490 1456 569 μετεωρολομκῇ

96 593 277 676 στοιχειώσει
292 587 387 654 simili
403 587 499 652 modo
516 593 655 652 tractata
669 586 778 668 fuisse,
795 584 844 671 [of.
858 587 924 650 Arii
941 588 1070 673 Didym.
1083 589 1120 654 sr.
1134 591 1176 654 29
1192 595 1225 654 et
1236 590 1287 671 31,
1304 587 1458 675 [Aristotl

94 692 136 757 dc
161 691 271 755 mund.
293 692 313 755 2
334 712 365 774 p.
382 691 604 755 391129-16.
633 690 741 756 Zeller
760 690 808 753 Ill
829 691 857 770 1,
883 688 974 776 572],
1005 691 1063 756 sed
1086 692 1180 756 simul
1202 698 1340 774 apparet
1362 711 1457 774 quam

95 793 208 858 inseite
232 811 385 857 numerus
406 791 462 856 ille
481 792 628 857 senarius
651 791 816 857 conlectus
838 792 888 856 sit.
924 794 981 858 sed
1003 793 1045 860 de
1060 794 1189 860 inscitia
1204 813 1268 857 non
1284 793 1457 874 litigamus.

93 895 194 962 lrahit
223 894 309 960 enim
340 912 399 958 sua
431 914 590 977 quemque
617 896 769 978 voluptas
802 915 907 977 neque
940 901 1070 960 nostrae
1098 895 1197 961 aetati
1229 895 1458 979 Pythagoreas

93 997 333 1082 superstitionis
354 997 500 1062 fautores
522 996 729 1061 illustrissimi
752 996 933 1061 doluerunt.
974 999 1074 1063 multo
1097 998 1228 1081 gravius
1252 996 1408 1080 peccavit,
1430 995 1456 1060 si

92 1100 269 1183 genuinam
292 1099 437 1181 magistri
460 1098 642 1163 doctrinam
658 1098 880 1165 fraudulenter
898 1100 967 1164 istis
983 1101 1076 1182 nugis
1092 1099 1368 1165 accommodatam
1385 1118 1457 1164 esse

93 1203 226 1287 probari
250 1209 365 1287 potest.
401 1200 595 1266 Posidonius
616 1208 734 1265 terram
759 1201 791 1264 in
815 1209 937 1284 septem
961 1223 1060 1267 zonas
1074 1202 1184 1266 divisit
1207 1199 1256 1285 lei.
1274 1200 1383 1265 Posid.
1399 1202 1455 1265 rel.

95 1307 171 1371 coll.
188 1305 281 1371 Bake
304 1325 334 1388 p.
350 1301 414 1389 961.
442 1303 518 1385 quid
541 1324 619 1369 vero
646 1302 789 1368 Achilles
810 1303 877 1385 phoc
904 1311 953 1369 est
979 1305 1165 1370 Diodorus?
1196 1325 1226 1385 p.
1244 1302 1329 1366 ibic
1356 1305 1382 1364 οἱ
1405 1304 1456 1382 μὲν

90 1411 145 1493 γὰρ
176 1410 207 1478 ἓξ
235 1409 324 1495 αὐτὰς
352 1405 433 1470 εἶπον
462 1410 502 1475 ὡς
532 1405 671 1490 Πολύβιος
700 1408 747 1469 καὶ
780 1407 971 1478 Ποσειδώνιος
1001 1411 1053 1491 τὴν
1083 1406 1310 1487 διακεκαυμένην
1339 1406 1378 1473 εἰς
1405 1405 1456 1467 δύο

90 1514 277 1595 διαιροῦντες,
300 1511 328 1573 οἱ
351 1510 383 1571 δὲ
405 1509 490 1571 πέντε
511 1508 674 1593 παρέλαβον
698 1510 796 1592 ὥσπερ
815 1508 1024 1593 Ἐρατοσθένης
1047 1512 1094 1572 καὶ
1117 1510 1198 1572 ἄλλοι
1221 1508 1321 1571 πολλοὶ
1345 1507 1387 1574 οἷς
1408 1507 1456 1569 καὶ

91 1617 179 1697 ἡμεῖς
201 1608 367 1701 [Achilles]
391 1612 697 1694 κατηκολουῦήσαμεν.
744 1618 778 1674 ut
800 1610 926 1696 Polybii
950 1622 1037 1676 reete
1060 1612 1196 1677 refertur
1217 1609 1389 1691 sententia,
1411 1609 1457 1673 ita

93 1714 261 1781 Posidonii
288 1720 402 1799 aperte
429 1714 513 1778 lalso
536 1712 575 1777 el.
599 1713 790 1778 suanus
814 1714 917 1796 μ96,
945 1713 998 1795 qui
1027 1712 1123 1777 eliam
1152 1712 1270 1777 erroris
1298 1711 1456 1776 rationem

92 1839 159 1883 non
183 1817 321 1882 obscure
343 1814 507 1900 patefacit.
541 1835 615 1880 narn
638 1815 682 1880 ibi
706 1835 833 1897 quoque
848 1815 1004 1900 Polybius
1020 1815 1246 1880 Posidonianis
1268 1814 1457 1880 coniunctus

92 1926 153 1985 est
198 1920 327 1986 accedit
347 1918 486 1984 fortasse
508 1919 565 1983 illa
587 1938 714 2000 quoque
737 1938 852 2002 causa,
881 1918 966 2000 qrrod
993 1937 1049 1983 sex
1072 1918 1169 1982 caeli
1193 1919 1301 1983 circuli
1325 1937 1346 1982 a
1368 1919 1457 1984 Posi-

91 2021 192 2088 donio
208 2042 326 2089 revera
340 2021 519 2087 enumerati
534 2040 606 2086 esse
618 2021 777 2101 videntur,
793 2019 819 2084 si
836 2019 964 2102 quidem
977 2021 1103 2086 Seneca
1115 2021 1153 2086 N.
1167 2020 1225 2098 Qu.
1242 2021 1270 2084 V
1287 2022 1325 2085 17
1346 2030 1361 2082 ‘2
1377 2021 1457 2086 talia

91 2124 312 2191 ratiocinatur.
357 2124 406 2188 Ex
435 2123 568 2188 Diodori
596 2123 693 2204 igitur
721 2121 949 2188 Posidonianis
978 2124 1215 2189 commentariis
1244 2125 1453 2207 repetendum

90 2246 164 2293 esse
179 2229 341 2295 contendo
357 2225 509 2310 quicquid
525 2224 704 2290 Stoicorum
728 2244 816 2289 more
838 2225 1138 2289 mathematicorum
1156 2228 1357 2310 explanatur.
1386 2227 1454 2291 veri

89 2327 195 2394 simile
227 2338 278 2395 est
306 2335 477 2415 praeterea
507 2347 590 2408 quae
618 2327 750 2392 decreta
777 2326 951 2410 Chrysippi
980 2323 1290 2413 [ρ.1261»-12711]
1319 2328 1456 2410 proban-

92 2437 144 2494 tur
166 2439 225 2495 aut
246 2432 477 2517 Epicureorum
501 2429 680 2495 aliorumve
702 2429 932 2512 impugnantur·
955 2429 992 2516 [c.
1011 2428 1062 2516 137
1085 2450 1126 2495 ex
1150 2430 1264 2496 eodem
1280 2429 1455 2494 Posidonio

91 2539 127 2598 ut
149 2554 190 2600 ex
213 2533 305 2602 fonte
325 2535 504 2618 repetenda
525 2553 608 2615 csse,
632 2532 718 2598 unde
734 2531 918 2597 Cleomedis
941 2531 1071 2597 libellus
1092 2533 1211 2598 acerba
1226 2532 1454 2616 Epicureorum

90 2634 240 2703 irrisione
269 2636 405 2718 insignis
433 2655 538 2719 paene
566 2643 651 2702 totus
678 2641 851 2719 excerptus
873 2642 932 2700 est.
978 2635 1052 2700 hinc
1080 2655 1151 2699 oum
1179 2634 1245 2699 alia
1275 2637 1456 2700 communia

90 2739 218 2822 utrique
247 2750 313 2804 tum
343 2740 545 2822 planetarum
570 2744 674 2801 motus
697 2738 856 2820 exempla.
890 2737 1034 2802 Achilles
1058 2758 1088 2820 p.
1105 2739 1193 2801 1321)
1217 2739 1315 2821 ὥσπερ
1338 2738 1364 2800 εἰ
1383 2743 1454 2807 νεὼς

89 2841 129 2909 εἰς
151 2841 257 2924 βορέαν
279 2842 384 2924 ἄνεμον
405 2843 567 2926 φερομένης
582 2842 719 2925 ἐπιβάτης
736 2840 740 2870 “
767 2841 806 2908 εἰς
824 2841 904 2903 νότον
921 2840 983 2924 παρ’
1012 2839 1044 2926 [l.
1060 2837 1119 2925 ἐπ’]
1141 2840 1217 2921 αὐτῇ
1232 2845 1269 2921 τῇ
1285 2841 1331 2922 νηὶ
1347 2840 1452 2924 τρέχει.

89 2952 121 3008 et
143 2963 174 3026 p.
194 2945 287 3008 1401»
310 2947 355 3008 διὸ
378 2947 425 3008 καὶ
449 2942 624 3027 παρατρέχει
647 2945 731 3025 ἡμῶν
751 2943 802 3025 τὴν
820 2941 883 3026 ὄψιν
905 2945 922 3024 ἡ
947 2948 997 3005 τοῦ
1013 2944 1163 3026 μύρμηκος
1180 2943 1298 3024 κίνησις,
1321 2942 1454 3026 ὀξυτέρας

91 3047 178 3128 οὔσης
200 3047 280 3130 (τῆς)
299 3053 350 3110 τοῦ
366 3053 473 3132 τροχοῦ
495 3045 535 3111 ol'.
552 3066 581 3127 p.
601 3045 671 3127 169,
688 3044 705 3107 7
726 3043 793 3108 ai.
821 3043 1005 3108 Cleomedis
1021 3045 1111 3109 locus
1126 3053 1175 3109 ost
1197 3045 1211 3107 l
1230 3046 1249 3107 3
1270 3064 1297 3126 p.
1314 3045 1352 3107 21
1371 3043 1452 3108 Bak.

91 3151 124 3212 τὰ
147 3151 200 3229 μὲν
224 3149 275 3213 οὖν
298 3152 412 3233 ἀπλανῆ
429 3151 611 3213 ἀπεικάσειεν
633 3147 668 3210 ἅν
689 3169 730 3214 τις
746 3147 895 3230 ἐπιβάταις
911 3149 967 3209 ὑπὸ
990 3144 1081 3232 [tell]
1104 3150 1176 3215 νεὼς
1191 3147 1370 3230 φερομένοις,
1393 3194 1452 3209 ...

91 3252 240 3334 decebalo
274 3251 296 3315 δ’
329 3253 362 3315 ἂν
393 3254 441 3314 καὶ
471 3251 611 3335 μύρμηξιν
641 3250 687 3313 ἐπὶ
719 3254 877 3331 κεραμικού
908 3255 1015 3334 τροχοῦ
1044 3252 1096 3333 τὴν
1127 3249 1255 3311 ἐναντίαν
1283 3256 1325 3334 τῷ
1354 3256 1453 3335 τροχῷ

92 3360 297 3436 τροαιρετικῶς
320 3353 489 3438 ipssouotr.¹

93 3509 95 3513 ,
175 3454 347 3521 Difficilius
369 3464 420 3521 est
441 3455 620 3520 diiudicatur
641 3454 673 3518 in
697 3473 791 3535 quem
815 3473 907 3517 usum
924 3452 1059 3518 Diodori
1081 3453 1212 3536 scriptio
1241 3453 1337 3518 luerit
1360 3454 1455 3519 desti-

92 3566 176 3623 nata.
211 3557 500 3624 mathematicosne
521 3558 675 3622 docturus
695 3563 766 3620 erat
781 3575 824 3620 an
836 3555 1020 3638 philologos
1034 3558 1167 3620 Aratum
1183 3554 1455 3640 interpretantes?

93 3680 129 3724 er
154 3658 285 3724 Achille
308 3666 456 3725 neutrum
479 3659 610 3743 probari
632 3665 750 3743 potest,
777 3678 848 3723 cum
870 3658 1118 3723 commentarios
1140 3656 1238 3721 etiam
1260 3657 1343 3722 alios
1364 3659 1454 3723 Arati

92 3761 285 3827 adhibuerit
319 3768 406 3826 uerte
425 3761 532 3845 Apion
549 3760 741 3827 Plistonices
763 3781 794 3842 p.
812 3761 897 3825 12411
921 3780 987 3824 non
1009 3779 1049 3825 ex
1065 3759 1209 3824 Diodoro
1224 3759 1381 3844 repetitus
1396 3768 1453 3826 est.

91 3864 146 3930 sed
161 3863 239 3929 ride
254 3883 296 3929 ne
311 3861 399 3946 apud
414 3862 506 3928 Arati
522 3863 716 3929 scholiastae
732 3864 805 3946 plus
827 3863 869 3926 sit
884 3862 1006 3926 auxilii.
1043 3861 1086 3926 ibi
1110 3862 1158 3926 bis
1182 3862 1315 3928 Diodori
1339 3882 1456 3927 merno-

91 3968 135 4031 ria
149 3965 279 4031 citatur.
298 3965 340 4029 all
355 3985 387 4030 v.
401 3966 464 4030 254
484 3969 555 4050 πρὸς
572 3970 588 4032 ὃ
606 3968 790 4050 Διόδωρος
807 3966 859 4046 μὲν
875 3954 1102 4046 ὑπογουνίδος
1116 3968 1218 4049 γράφει
1234 3967 1314 4033 ὅπως
1325 3967 1344 4048 ἡ
1357 3968 1454 4048 κνήμη

93 4069 271 4153 σημαίνοιτο,
295 4067 488 4152 blericurto
508 4070 540 4132 δὲ
563 4068 765 4151 ἐπιγουνίδα
787 4069 839 4151 τὴν
855 4070 967 4151 κνήμην
983 4069 1083 4131 ἀκούει
1106 4068 1200 4130 διὰτὸ
1216 4066 1287 4130 εἶναι
1303 4066 1344 4130 ἐπ’
1365 4067 1454 4130 αὐτοῦ

93 4169 200 4258 [sebol.
220 4170 328 4237 Bekis
351 4168 453 4256 αὐτῆς]
481 4175 514 4236 τὸ
536 4174 603 4254 γόνυ
626 4170 676 4258 [of.
698 4171 797 4236 schol.
822 4170 926 4235 Belrlr.
951 4192 982 4254 p.
1000 4171 1041 4234 74
1064 4166 1105 4256 16]
1128 4177 1161 4234 et
1183 4169 1225 4232 ad
1248 4189 1278 4233 ν.
1295 4170 1357 4233 223
1380 4172 1396 4232 ὁ
1423 4170 1456 4232 δὲ

93 4276 191 4344 ἵππος
214 4275 245 4337 ἐν
269 4281 311 4359 τῷ
334 4279 385 4337 τοῦ
408 4276 474 4343 Διὸς
497 4274 569 4359 οἴκῳ
592 4275 679 4360 ἤγουν
697 4279 740 4358 τῷ
757 4273 871 4358 οὐρανῷ
895 4275 971 4337 ἐστιν
995 4275 1014 4357 ἢ
1038 4278 1078 4342 ὡς
1102 4273 1276 4355 Διόδωρος
1300 4269 1416 4340 ἔνδιος
1439 4275 1455 4335 b

95 4462 230 4532 liprandi
249 4461 387 4532 ποὶλαχιῖνς
405 4463 507 4531 οὐρανός
525 4466 597 4514 deest
615 4469 724 4531 πρῶτον.
762 4476 814 4515 tum
834 4466 944 4514 Zenorus
964 4465 1080 4514 delinitio
1099 4466 1181 4514 altera
1199 4472 1252 4523 est,
1271 4462 1338 4511 uude
1357 4464 1379 4512 si
1398 4464 1456 4528 γοῦν

97 4564 156 4603 recte
176 4554 296 4611 traditur,
315 4569 368 4602 uon
388 4555 459 4603 nulla
477 4553 670 4603 interciderunt.
699 4556 735 4603 sic
755 4555 796 4602 hic
816 4569 917 4616 qnoque
937 4552 1053 4601 senarius
1072 4551 1197 4600 efficietur
1216 4564 1344 4598 uumerus.

162 4640 168 4669 ¹
189 4642 240 4690 boc
265 4640 411 4703 exemplum
437 4643 547 4703 praeivit
565 4642 673 4689 Aristot.
692 4624 723 4688 dc
742 4643 819 4689 anim.
839 4641 849 4689 1
869 4639 885 4690 :i
905 4656 928 4703 p.
942 4637 1012 4690 406³
1028 4637 1043 4687 5
1062 4633 1119 4686 καθ’
1141 4634 1222 4703 ἕτερον
1241 4632 1266 4684 δὲ
1285 4631 1388 4701 λέγομεν
1411 4633 1455 4686 ὅπα

98 4731 189 4778 ποιεῖται
207 4733 246 4792 τῷ
264 4726 292 4776 ἐν
311 4725 449 4794 κινουμένῳ
468 4725 529 4776 εἶναι
548 4725 598 4777 οἷον
617 4723 755 4792 πλιυτῆρες·
776 4723 804 4776 αἰ
823 4727 869 4792 γὰρ
888 4723 981 4790 ὁμοίως
1000 4728 1125 4774 κινοῦνται
1143 4729 1179 4789 τῷ
1199 4720 1287 4788 πλοίῳ.

160 4813 241 4864 ²alia
260 4816 384 4878 exempla
403 4815 594 4864 Posidonisuae
614 4814 747 4862 doetrinae
773 4817 837 4863 inira
858 4816 883 4862 iu
903 4832 924 4862 c.
944 4814 975 4861 de
995 4813 1108 4860 sontibus
1128 4813 1197 4860 nerii
1220 4826 1363 4873 apponam,
1389 4811 1455 4859 unde

100 4903 139 4952 boc
157 4904 299 4968 praecipio,
320 4904 472 4968 opinionum
492 4918 508 4950 a
526 4903 666 4953 Plutarcho
686 4901 879 4950 abhorrentium
899 4901 1058 4965 aliquantum
1076 4914 1107 4948 es
1128 4898 1271 4948 Posidonio
1291 4896 1402 4950 lluxisse.
