3442 5588
578 372 587 387 .
651 336 927 387 rsonnsonxus
1409 339 1470 401 111

103 500 298 586 ipsuditum.
338 507 509 584 praeterea
530 504 732 589 διεσαφήνισεν
754 503 995 587 Xenophonteo
1017 511 1067 569 est
1089 523 1163 585 vox,
1185 505 1382 573 Aristotelea
1404 527 1471 571 non

101 602 194 670 item.
239 602 415 670 duodecies
441 604 571 686 quidem
595 623 616 670 a
638 605 784 671 Bonitnio
812 608 962 691 διασαφεῖν
988 614 1190 689 numeratur,
1212 628 1386 691 numquam
1408 608 1470 673 nisi

101 705 171 770 illic
195 707 421 792 domocultas.
455 726 556 790 quare
581 707 810 774 Aristoteleum
833 709 1007 792 διεσάφησεν
1034 708 1172 774 restituit
1200 709 1374 774 Vaticanus
1396 711 1469 777 266.

105 807 166 874 sed
190 808 403 875 haecomnia
424 810 535 893 gnaris
557 809 796 894 expediendum
810 809 967 892 relinquo.
1001 830 1099 873 unum
1122 815 1244 874 certum
1260 817 1310 876 est
1332 811 1385 894 [cf.
1402 813 1471 877 Zel-

103 911 153 976 ler
168 911 253 977 Phil.
269 911 301 976 d.
318 911 374 977 Gr.
389 910 426 977 1⁴
440 912 503 977 473
519 912 614 996 med,
629 911 712 977 llhh.
729 911 759 977 d.
776 912 851 994 Kgl.
866 912 929 977 Ah.
946 912 978 976 d.
992 911 1044 976 W.
1060 911 1092 976 h.
1108 911 1161 994 ph.
1179 911 1232 977 Kl.
1249 913 1331 977 1877
1348 935 1379 997 p.
1394 915 1468 997 152]

102 1012 323 1097 Theophrasti
346 1012 447 1080 verba
468 1013 506 1081 fr.
527 1017 548 1081 5
570 1016 637 1098 μίαν
659 1016 692 1079 δὲ
713 1017 766 1099 τὴν
789 1016 933 1100 ἀρχην-
949 1013 1045 1096 ἔλεγεν
1068 1017 1084 1078 δ
1107 1013 1273 1100 Ξενοφάνης
1296 1037 1427 1099 prorsus
1449 1037 1470 1081 a

102 1113 405 1199 metaphysicorum
438 1117 509 1182 loeo
542 1117 686 1202 pendere
718 1116 765 1183 ita
792 1123 897 1182 utne
924 1115 1127 1183 Parmenidis
1154 1117 1284 1199 quidem
1311 1117 1469 1183 institutio

103 1217 284 1285 unitatur.
317 1217 463 1302 inprimis
484 1238 585 1302 urgeo
605 1219 719 1285 ultima
739 1221 773 1283 τὸ
793 1221 856 1303 γὰρ
873 1219 880 1251 ¹
904 1219 935 1282 ἓν
953 1223 1038 1283 τοῦτο
1060 1221 1108 1282 καί
1132 1224 1188 1283 πᾶν
1210 1222 1259 1283 τὸν
1282 1220 1351 1284 deoc
1372 1220 1469 1305 ἔλεγεν

102 1323 121 1384 ὁ
141 1320 313 1405 Ξενοφάνης
334 1321 457 1388 ultimis
481 1322 665 1388 Aristotelis
693 1320 801 1387 verbis
823 1327 972 1386 accurate
994 1320 1202 1405 respondere.
1246 1320 1287 1386 de
1309 1323 1469 1388 sententia

103 1422 205 1506 igitur
219 1421 437 1507 Theophrasti
460 1425 600 1491 dubitari
622 1424 742 1506 nequit.
775 1422 876 1489 verba
898 1429 1004 1489 autem
1019 1422 1176 1508 Simplicii
1198 1445 1274 1488 num
1290 1426 1469 1509 exemplari

103 1526 325 1611 respondeant
339 1526 619 1612 perambignum.¹
650 1528 747 1592 immo
771 1525 925 1591 credibile
947 1525 1181 1609 generaliorem
1203 1527 1396 1592 sententiam
1418 1548 1468 1594 ar-

102 1629 201 1695 bitrio
216 1630 475 1695 commentatoris
489 1628 701 1694 Aristoteleae
723 1629 887 1713 partitioni
911 1647 1009 1712 quam
1031 1647 1130 1712 supra
1144 1627 1274 1693 exhibui
1296 1650 1327 1714 p.
1347 1632 1408 1696 105
1424 1631 1468 1696 ad

101 1731 257 1797 arnumim
272 1732 530 1797 acommodatum
545 1750 627 1796 esse.
654 1732 714 1796 hoc
729 1731 865 1796 conlatis
881 1730 1134 1813 fragmentorum
1151 1730 1232 1796 1-6
1247 1731 1347 1798 initiis
1363 1753 1467 1817 paene

103 1840 226 1899 certum
249 1834 386 1900 videtur.
430 1841 540 1900 nostro
567 1854 645 1901 vero
672 1835 742 1900 loco
771 1853 871 1900 cansa
897 1833 1091 1916 gravissima
1116 1832 1241 1898 aceedit
1267 1833 1346 1916 quia
1373 1836 1468 1901 aliter

102 1936 232 2019 reliqna
246 1935 422 2021 disputatio
437 1938 470 2002 ὃν
486 1938 537 2001 ἕνα
554 1941 617 2001 κτλ.
638 1958 704 2003 non
723 1937 906 2021 quadraret.
937 1956 1042 2019 neque
1057 1935 1232 2019 quidquam
1256 1936 1373 2002 suadet
1387 1937 1467 2004 haec

101 2048 139 2104 ut
165 2039 337 2123 sequeutia
363 2058 404 2104 cx
424 2039 740 2106 Pseudo-Aristotele
763 2041 829 2125 περὶ
853 2038 944 2103 ΜΞΓ
966 2045 1094 2122 sumpta
1115 2038 1256 2105 credere.
1302 2038 1366 2104 iam
1390 2059 1467 2106 vero

100 2141 135 2205 iu
152 2141 326 2226 propatulo
341 2149 391 2207 est
404 2141 660 2226 Theophrastum
676 2143 718 2208 ah
733 2141 908 2208 Aristotele
929 2160 1121 2225 suspensum
1144 2150 1176 2207 et
1198 2143 1304 2227 ipsum
1328 2141 1468 2207 ohscuri-

99 2249 202 2309 tatom
225 2248 257 2309 et
270 2241 513 2324 ambiguitatem
535 2243 748 2328 Xenophanis
769 2265 834 2308 non
857 2247 1045 2308 antinomias
1059 2243 1168 2308 nescio
1184 2262 1265 2327 quas
1280 2243 1466 2310 dialecticas

100 2344 257 2411 innuisse.
295 2343 476 2410 confirmari
499 2351 605 2430 potest
626 2344 710 2412 idem
733 2346 874 2411 aliunde.
897 2365 915 2410 e
936 2344 1159 2429 Theophrasto
1179 2345 1263 2410 enim
1283 2352 1465 2430 excerptum

99 2455 153 2513 est
169 2445 472 2513 Pseudo-Plutarch.
489 2447 639 2513 Stromat.
655 2451 674 2531 ς
688 2449 711 2512 4
728 2485 763 2496 -
782 2448 856 2514 licet
870 2448 955 2513 enim
977 2446 1038 2512 hoc
1059 2447 1249 2532 praecipere
1271 2447 1357 2529 quod
1379 2448 1467 2515 inira

97 2548 373 2616 demonstrabitur
387 2587 438 2633 -‚
458 2550 548 2616 cuius
561 2550 871 2633 argumentationem
891 2570 963 2616 cum
979 2549 1144 2635 Simplicio
1166 2550 1256 2615 iuvat
1276 2568 1468 2635 componere

179 2632 190 2651 ‘
298 2651 381 2717 Ριιι.
404 2651 519 2717 suom.
535 2653 566 2716 4.
834 2651 977 2737 simplic.
993 2653 1014 2718 r.
1031 2672 1058 2718 ο.
1077 2680 1113 2709 =
1133 2648 1290 2739 [oratos]
1307 2653 1388 2718 arr·
1407 2654 1445 2719 ιο

148 2753 316 2839 Ξενοφάνης
331 2801 339 2817 .
352 2800 361 2817 .
375 2796 384 2813 ·
399 2754 466 2818 οὔτε
484 2756 592 2839 γένυσιν
607 2754 675 2819 οὔτε
688 2756 760 2841 plio-

102 2857 160 2939 ρὰν
187 2857 337 2920 ἀπολείπει
365 2856 425 2921 ἀλλ’
451 2857 524 2921 εἶναι
549 2859 625 2940 λέγει
647 2860 680 2921 τὸ
703 2863 760 2921 πᾶν

100 2959 149 3022 ἀεί
168 2960 299 3041 ὅμοιον.’
326 2960 352 3023 εί
371 2961 425 3044 γὰρ
447 2961 567 3042 γίγνοιτο
589 2966 685 3036 τοῦτο,
706 2983 760 3045 φη·
784 2959 788 3079 Ι
812 2959 949 3044 ἀγένητον
980 2962 1013 3024 δὲ
1039 2961 1180 3024 ἐδείκνυεν
1206 2961 1240 3025 ἐκ
1266 2965 1317 3025 τοῦ
1344 2962 1402 3026 δεῖν
1432 2962 1466 3023 τὸ

102 3061 161 3139 σίν,
185 3063 339 3146 ἀναγκαῖον
361 3065 418 3146 πρὸ
440 3063 542 3126 τούτου
560 3064 601 3147 μὴ
616 3062 703 3127 είνσι·
726 3065 760 3126 τδ
811 3064 975 3146 γιγνόμενον
1003 3063 1023 3147 ἢ
1051 3062 1081 3132 ἐξ
1104 3065 1207 3146 ὁμοίου
1233 3065 1253 3148 ἢ
1276 3063 1306 3132 ἑί
1328 3064 1466 3146 ἀνομοίου

105 3165 149 3247 μὴ
176 3164 208 3227 δν
231 3163 591 3246 &contrafecerit
618 3165 653 3229 ἂν
668 3167 702 3229 τδ
718 3167 760 3249 μὴ
811 3165 968 3248 γίγνεσθαι.
1002 3166 1077 3230 ἀλλὰ
1099 3168 1132 3229 τὸ
1155 3168 1207 3249 μὲν
1231 3168 1330 3250 ὅμοιον
1352 3166 1466 3235 dauhtr

100 3265 135 3329 dr
162 3269 284 3351 ποιήσαι
309 3291 336 3329 τι
364 3265 431 3330 οὔτε
458 3268 514 3330 ὑπὸ
540 3272 592 3331 τοῦ
616 3269 656 3352 μὴ
680 3267 761 3338 ὄντος
811 3289 898 3351 φησιν
914 3269 971 3331 ὑπὸ
986 3273 1037 3331 τοῦ
1054 3268 1274 3350 opelos-odota
1289 3268 1343 3351 γὰρ
1356 3270 1465 3350 μᾶλλον

98 3367 203 3450 γένοιτί
230 3369 265 3433 ἄν
286 3392 323 3433 τι.
811 3374 910 3453 γεννᾶν
933 3371 953 3454 ἢ
975 3371 1129 3453 γεννᾶσθαι
1148 3373 1288 3455 προσήκει
1309 3372 1343 3433 τδ
1366 3370 1465 3450 ὅμοιον

811 3473 844 3535 ἐκ
859 3478 910 3536 τοῦ
926 3474 1038 3555 ὁμοίου.
1061 3473 1087 3536 εί
1101 3472 1122 3536 δ’
1144 3473 1173 3542 ἐξ
1188 3474 1327 3557 ἀνομοίου
1348 3472 1463 3554 γίνοιτο,

810 3573 892 3639 ἔσται
913 3577 946 3639 τδ
963 3576 994 3640 δν
1009 3575 1043 3639 ἐκ
1057 3580 1109 3638 τοῦ
1125 3577 1165 3659 μὴ
1182 3564 1274 3645 ὄντος.
1300 3576 1348 3638 καὶ
1371 3575 1464 3642 οὕτως

810 3678 947 3762 ἀγένητον
970 3680 1018 3742 καί
1041 3678 1133 3742 ἀίδιον
1156 3678 1307 3742 ἐδείκνυεν.

174 3877 181 3908 ¹
200 3889 266 3932 uota
283 3883 436 3947 particulam
454 3881 591 3932 masolam.
619 3897 679 3931 nam
704 3900 760 3934 oum
783 3886 817 3937 ad
836 3887 999 3951 parenthesin
1018 3881 1149 3952 ὁμολογῶν
1162 3913 1189 3920 -
1202 3882 1275 3953 δόξης
1293 3886 1365 3935 nullo
1384 3885 1462 3935 modo

96 3968 192 4018 resumi
210 3972 301 4035 possit,
321 3969 392 4033 quod
408 3968 503 4018 frustra
521 3977 629 4018 conatur
654 3970 766 4022 Karnine
786 3973 939 4024 Untersuoh.
958 3973 1038 4022 ueher
1055 3973 1096 4022 die
1116 3972 1227 4033 Quelleu
1245 3974 1285 4023 fuir
1303 3973 1344 4022 die
1363 3972 1461 4023 Philon.

93 4054 144 4104 des
168 4055 292 4121 Xenoph.
315 4055 409 4107 Stettiu
432 4053 497 4106 1877
516 4052 570 4119 p.5
589 4053 633 4118 [cf.
652 4073 677 4121 p.
692 4055 754 4122 109]
778 4060 811 4109 ed
835 4062 922 4124 priora
945 4061 1080 4111 reserenda
1109 4068 1148 4110 est
1171 4070 1197 4110 et
1218 4063 1254 4111 sio
1280 4059 1462 4123 intellegenda,

95 4141 292 4207 Xenophanem
311 4144 411 4193 omnis
429 4150 548 4192 natumm
566 4158 619 4193 non
638 4145 772 4194 enucleate
791 4146 920 4208 delinisse,
939 4149 984 4198 sed
1004 4151 1079 4199 deum
1098 4150 1232 4198 dumtaxat
1250 4148 1405 4198 nominasse.

171 4224 184 4258 '
201 4231 328 4280 orationis
347 4227 525 4279 difficultatem
542 4230 634 4280 sedulo
652 4234 772 4296 exposuit
790 4233 903 4283 Kornius
916 4235 1069 4287 Untersuch.
1084 4237 1146 4286 r'rbcr
1158 4237 1200 4286 die
1213 4236 1324 4297 Quellen
1343 4252 1368 4299 p.
1384 4232 1462 4296 lsqq.

170 4312 368 4367 'conferantur
390 4319 467 4366 ceteri
491 4317 664 4382 Theophrasti
687 4320 827 4370 imitatores
850 4322 984 4386 Hippolyt.
1003 4324 1016 4371 I
1038 4321 1099 4372 142
1125 4320 1190 4390 λέγει
1212 4321 1238 4373 δὲ
1262 4320 1403 4386 (Xenoph.)
1427 4316 1464 4369 δτι
1538 4333 1542 4339 ·

92 4399 169 4452 οὐδὲν
188 4401 279 4470 γίνεται
298 4400 354 4454 coto
372 4399 499 4472 φθείρεται
517 4401 574 4455 otoo
593 4408 696 4456 κινεῖται
715 4405 758 4456 κοιλ
777 4403 814 4456 ὅτι
831 4405 857 4457 δν
875 4405 904 4459 τδ
922 4411 972 4458 πᾶν
991 4406 1055 4458 ίστιν
1074 4405 1123 4467 ἔξω
1141 4408 1291 4478 μεταβολῆς.
1314 4411 1374 4459 Aet.
1392 4408 1463 4459 Plau.

91 4487 176 4540 1312
194 4489 351 4555 [Theodon]
373 4492 446 4544 Sext
469 4493 560 4558 Pyrrh.
585 4490 717 4545 illm.
737 4494 828 4545 Galen.
854 4496 887 4545 H.
907 4495 955 4545 Ph.
975 4512 997 4543 o.
1016 4493 1031 4545 ’ί
1051 4512 1075 4560 p.
1092 4493 1152 4548 234.
1182 4513 1342 4547 communem
1366 4496 1462 4544 iontem

91 4578 201 4628 subesse
227 4581 280 4630 iem
303 4581 417 4630 Zellerns
440 4591 607 4645 perspexerat
631 4578 660 4631 1⁴
678 4577 738 4632 492.
785 4583 955 4647 Xenophauls
984 4584 1109 4633 rationem
1137 4587 1325 4648 repraesentari
1348 4585 1408 4632 llcst
1430 4596 1463 4630 ex

91 4665 243 4717 Parmenid
263 4685 288 4716 r.
308 4667 342 4719 66
360 4666 398 4716 St.
424 4665 524 4733 [Symb.
548 4669 611 4732 phll.
634 4669 719 4719 Bono.
743 4685 767 4732 p.
781 4666 845 4732 aot]
869 4666 925 4719 etot
948 4664 1006 4718 rror’
1032 4665 1063 4736 ἦν
1086 4666 1136 4720 οὐδ’
1161 4669 1230 4722 ἔσται
1252 4670 1305 4722 ἐπεὶ
1332 4671 1375 4720 νῦν
1398 4666 1463 4719 ἐστὶν

91 4748 159 4817 ὁμοῦ
183 4756 232 4803 πᾶν
252 4749 266 4820 ll
287 4750 314 4803 1ν
333 4749 440 4821 Ευννχίς.
462 4751 517 4804 τίνοι
538 4753 585 4822 γὰρ
605 4753 692 4821 γένναν
715 4752 823 4823 ditrictae
847 4753 936 4820 αυτοῦς
957 4753 968 4822 Η
989 4761 1025 4825 πη
1048 4754 1125 4809 oete
1148 4755 1269 4828 σὺξηδίν;
1295 4754 1350 4808 οὔτ’
1376 4755 1406 4806 la
1425 4752 1461 4821 μὴ

90 4836 176 4896 ἐόντος
194 4838 263 4891 ίοίσισ
284 4837 297 4906 ll
316 4836 444 4908 φόσδσισ’
466 4838 522 4892 oott
540 4845 603 4892 νοεῖν
621 4840 676 4894 κτλ.
705 4843 739 4896 80
758 4848 821 4899 πῶς
839 4839 863 4893 δ’
886 4840 920 4894 ἂν
938 4841 1035 4896 ἔπειτ’
1057 4843 1207 4898 ἀπόλοιτο
1225 4843 1331 4908 πίλον,
1351 4848 1413 4899 πῶς
1432 4837 1457 4891 δ’

93 4923 130 4975 αὖ
149 4944 182 4976 ιιι
201 4926 337 4994 γίνοιτσ;
357 4922 371 4994 ΙΙ
390 4924 419 4978 tl
435 4946 469 4980 κε
486 4926 612 4996 γίνοιτ’,
631 4926 689 4981 cira
708 4927 777 4993 ἕατ’,
795 4926 849 4982 eot’
871 4929 1071 5000 tremellio
1090 4930 1197 4986 ἔσισδσι.
