3464 5586
179 345 241 412 132
444 339 509 395 xv1
546 342 595 392 υτ
614 340 717 391 mn
736 300 974 389 Ροκυττοκυκ
993 331 1268 385 οοκνοετττοκσ

343 515 363 579 8
396 512 461 597 περὶ
483 510 629 593 δαιμόνων
651 508 699 572 καλ
722 507 830 590 ηρῶων

343 618 365 682 θ
396 615 461 699 περὶ
485 613 555 696 ὕλης

322 721 365 785 10
397 717 461 801 περὶ
485 713 563 784 ἰδέας

324 824 362 886 11
398 819 462 903 περὶ
483 815 584 880 αἰτίων

325 923 365 989 12
397 920 462 1004 πυρὶ
485 920 630 1001 σωμάτων
716 917 757 982 16
789 914 854 999 περὶ
876 917 968 996 τομῆς
990 914 1135 995 σωμάτων

324 1025 365 1091 13
399 1022 465 1106 περὶ
487 1021 650 1106 ἐλαχίστων

325 1127 366 1191 14
399 1123 463 1207 περὶ
486 1123 647 1208 σχημάτων

326 1228 367 1295 15
401 1225 465 1309 περὶ
488 1225 655 1309 χρωμάτων

326 1330 365 1396 17
399 1328 464 1412 περὶ
488 1325 591 1409 μίξεως
614 1325 663 1388 καὶ
685 1325 817 1408 κράσεως

327 1432 368 1498 18
400 1429 465 1514 περὶ
488 1432 573 1493 κενοῦ

326 1533 367 1599 19
400 1532 465 1616 περὶ
487 1532 578 1596 τόπου

324 1637 369 1700 20
399 1634 464 1718 περὶ
487 1635 588 1718 χώρας

325 1740 365 1804 21
401 1736 465 1820 περὶ
487 1733 596 1820 χρόνου
681 1733 722 1797 22
754 1730 819 1815 περὶ
842 1728 942 1799 οὐσίας
964 1729 1072 1814 χρόνου

326 1841 368 1906 23
401 1838 466 1922 περὶ
488 1837 630 1919 κινήσεως

327 1942 370 2006 24
402 1938 467 2023 περὶ
488 1935 627 2019 γενέσεως
649 1936 697 1999 καὶ
719 1935 832 2020 φθορᾶς

328 2043 370 2108 25
402 2040 467 2124 περὶ
490 2040 615 2122 ἀνάγκης
701 2037 744 2102 26
776 2037 840 2121 περὶ
863 2034 963 2105 οὐσίας
984 2036 1111 2118 ἀνάγκης

327 2146 367 2210 27
402 2143 467 2226 περὶ
488 2139 665 2224 εἱμαρμένης
751 2137 793 2204 28
825 2138 890 2222 περὶ
912 2136 1013 2207 οὐσίας
1035 2136 1211 2221 εἱμαρμένης

327 2248 370 2314 29
402 2244 467 2328 περὶ
489 2242 581 2328 τύχης

328 2352 371 2416 30
403 2345 604 2430 περὶφύσεως

211 2475 244 2538 ΙΙ
287 2471 333 2536 de
354 2464 489 2532 mundo

297 2568 466 2637 111-10
497 2566 562 2650 περὶ
584 2563 720 2646 κόσμουι

331 2671 464 2738 11-12
498 2669 564 2752 περὶ
586 2667 709 2753 οὐρανοῦ

331 2772 464 2841 13-19
497 2772 562 2856 περὶ
584 2769 713 2855 ἀστέρων

330 2875 467 2943 20-24
498 2874 564 2957 περὶ
586 2873 670 2956 ἡλίου

331 2977 466 3044 25-31
501 2977 566 3060 περὶ
588 2977 711 3059 σελήνης

202 3100 250 3164 111
293 3098 339 3163 do
362 3094 589 3162 sublimibus

282 3199 331 3264 III
357 3202 372 3264 l
407 3199 472 3283 περὶ
493 3196 628 3280 γαλαξίου

352 3304 373 3367 2
406 3301 471 3385 περὶ
492 3302 629 3382 κομητῶν
650 3300 713 3360 κτλ.

352 3407 372 3471 3
405 3404 469 3488 περὶ
493 3404 619 3487 βροντῶν
640 3403 702 3463 κτλ.

351 3510 385 3573 4’
406 3506 469 3589 περὶ
492 3508 587 3589 νομῶν
609 3505 672 3567 κτλ.

352 3611 373 3673 5
406 3607 470 3691 περὶ
494 3604 582 3689 ἴριδος

353 3711 371 3775 ’ί
406 3710 470 3793 περὶ
493 3707 608 3789 ἀνίμων

353 3812 374 3877 8
406 3812 470 3896 περὶ
493 3814 638 3896 χειμῶνος
661 3812 708 3874 καί
732 3810 837 3896 θέρους

201 3931 247 3998 IV
289 3932 335 3999 do
356 3928 608 3997 terrestribus

284 4034 468 4101 1119-15
501 4032 566 4116 περὶ
588 4035 641 4116 γῆς

325 4136 457 4202 16-17
492 4136 557 4219 περὶ
582 4134 734 4217 θαλάσσης

282 4239 326 4303 IV
347 4239 443 4323 Ιπορλ
467 4237 573 4303 Νείλου
602 4237 772 4321 ἀναβάσεως

216 4357 244 4421 V
288 4356 334 4421 do
356 4354 489 4420 anima

283 4458 327 4524 IV
349 4459 412 4524 2-
436 4459 453 4523 ’ί
488 4460 553 4543 περὶ
575 4464 673 4545 ψυχῆς

350 4561 457 4627 8-10
488 4563 553 4648 περὶ
574 4561 741 4646 αἰσθήσεων
765 4563 813 4626 καὶ
832 4561 983 4645 αἰσθητῶν

331 4665 459 4730 13-15
490 4666 555 4749 περὶ
580 4666 710 4748 θράσους
731 4667 793 4728 κτλ.

262 4839 268 4868 ¹
288 4840 336 4889 hue
355 4826 466 4905 ροττίοοτ
484 4842 497 4891 1
515 4837 532 4892 5
554 4839 576 4892 τί
599 4838 625 4891 1ν
644 4837 673 4891 τὸ
691 4843 753 4901 πᾶν,
777 4841 846 4903 quod
866 4848 943 4905 στρος
960 4841 1066 4890 vetustis
1084 4841 1234 4904 plerumque
1252 4841 1354 4904 ρΙσοίτὶσ
1372 4848 1483 4906 σισσρτσ
1499 4838 1515 4904 ᾗ
1533 4836 1551 4891 3

189 4936 297 4985 constat,
316 4928 360 4977 sed
379 4929 447 4979 inter
465 4927 513 4979 14
531 4936 558 4978 et
575 4928 592 4980 6
609 4936 714 4994 proptor
732 4943 806 4979 nuum
824 4929 960 4978 aemilium
978 4927 1117 4977 collocavit
1133 4929 1234 4979 Λατίου.
