3442 5588
252 328 315 394 244
537 328 629 380 XVIII
666 327 715 376 bn:
736 325 873 377 danum
893 324 1063 376 HISTORIA
1084 320 1315 374 PHILOSOPHA

251 500 345 583 cipue
365 498 400 561 in
422 494 522 561 libelli
546 493 719 578 principio,
746 493 822 557 dum
849 490 986 557 ardebat
1012 490 1265 557 adulescentulis
1287 487 1527 556 commentandi
1549 495 1613 554 stu-

252 602 350 666 dium.
385 603 460 664 sunt
486 603 595 664 autem
622 593 906 679 interpolationum
934 612 1056 676 genera
1082 591 1153 657 tria.
1188 612 1286 657 unum
1314 595 1463 657 versatur
1487 591 1522 656 in
1543 610 1613 657 sen-

250 701 360 767 tentiis
391 698 569 784 potioribus
602 696 787 781 repetendis
819 696 908 760 velut
941 715 968 760 c.
995 697 1012 759 1
1043 696 1087 759 διὸ
1118 695 1292 779 προσεπάγει
1321 699 1359 777 τῇ
1391 694 1549 780 φιλοσοφίᾳ
1578 695 1612 757 τὸ

251 804 367 890 ἠθικόν,
389 801 457 865 καθ’
479 801 668 884 ὃουνέοτησε
681 800 734 884 τὴν
757 798 921 883 προαίρεσιν
943 801 1002 861 τῶν
1024 800 1163 862 κάλλιστα
1186 800 1239 881 ζῆν
1261 796 1511 880 πεισθησομένων.
1533 794 1614 862 eius·

251 907 337 972 modi
360 904 580 989 paraphrases
601 902 635 967 in
657 899 808 967 scholicis
830 899 920 965 libris
942 906 1017 965 sunt
1039 900 1262 983 pervulgatae.
1306 898 1445 964 alterum
1465 904 1517 965 est
1536 897 1614 964 inde

253 1016 357 1075 ortum
388 1005 474 1090 quod
503 1024 544 1070 ex
579 1023 634 1069 ore
668 1001 812 1086 magistri
839 1002 969 1067 notulas
995 1002 1119 1068 addunt
1147 1007 1183 1067 ut
1210 1021 1237 1068 c.
1261 1004 1278 1066 1
1306 1003 1487 1087 διαλεκτικήν
1515 1002 1615 1086 expli·

250 1119 342 1177 catur
368 1109 404 1173 δι’
432 1110 468 1194 ἧς
493 1106 642 1171 πείθονται
663 1105 789 1192 ταχέως.
822 1124 849 1170 ο.
870 1106 890 1170 3
914 1105 1008 1170 Plato
1035 1103 1090 1170 nbi
1114 1104 1254 1188 primum
1281 1105 1433 1190 adparet,
1457 1103 1612 1187 singulari

251 1214 375 1280 honore
401 1209 540 1276 afficitur
569 1207 792 1296 διαβεβοημένα
822 1212 1037 1292 nuncupatus.
1084 1204 1229 1272 eiusdem
1257 1205 1400 1273 fabricae
1428 1214 1479 1273 est
1507 1206 1614 1290 logica

250 1314 418 1382 adnotatio
441 1319 516 1397 post
538 1331 565 1377 c.
581 1312 612 1376 4.
646 1309 779 1376 tertium
802 1315 835 1375 et
856 1307 1056 1374 tritissimum
1078 1327 1182 1390 genus
1197 1314 1247 1374 est
1260 1309 1501 1392 glossematum.
1531 1329 1614 1392 quae

251 1419 305 1503 qui
331 1417 533 1499 adiecerunt,
565 1411 645 1479 nihil
673 1418 739 1476 tam
767 1412 902 1495 vulgare
930 1408 1084 1493 legebant
1114 1409 1191 1494 quin
1212 1410 1398 1495 vulgariore
1419 1417 1477 1477 aut
1497 1410 1612 1478 saltem

251 1521 316 1588 alio
338 1519 498 1586 vocabulo
524 1515 736 1600 explicarent.
781 1513 828 1579 sic
850 1511 984 1577 ridicule
1006 1511 1124 1597 ἀρίστου
1147 1513 1210 1599 βίου
1233 1516 1297 1579 cb
1324 1514 1473 1598 adposito
1495 1513 1614 1599 ἀρίστης

251 1629 332 1710 ζωῆς
353 1623 542 1690 illustratur.
576 1623 718 1683 cetorum
741 1635 836 1682 omne
855 1615 937 1680 illud
951 1613 1129 1679 adnotandi
1145 1614 1286 1680 studium
1301 1615 1491 1700 refrigerato
1507 1616 1615 1682 calore

252 1723 413 1792 adfinem
435 1742 550 1789 versus
573 1717 731 1803 paulatim
753 1717 897 1784 rarescit

339 1828 419 1894 Cum
446 1842 552 1908 neque
579 1819 799 1904 compilatoris
829 1818 977 1885 sollertIa
1002 1839 1109 1903 neque
1131 1819 1278 1886 codicum
1302 1821 1446 1906 prolecto
1470 1822 1615 1889 bonitate

251 1929 385 1997 historia
412 1924 607 2013 philosopha
634 1923 700 1988 ullo
727 1922 825 1988 modo
853 1920 1108 2005 commendetur,
1134 1921 1162 1988 si
1196 1923 1274 2007 quid
1299 1924 1464 1992 laudabile
1486 1923 1615 1992 videtur

250 2033 393 2100 fontibus
408 2027 590 2113 compilatis
605 2033 655 2092 est
669 2022 884 2091 tribuendum.
906 2023 1008 2108 ipsius
1028 2025 1230 2109 prooemium
1246 2047 1326 2094 sane
1342 2046 1439 2110 quam
1453 2026 1615 2094 inficetum

252 2135 361 2203 statim
381 2130 602 2198 successiones
624 2127 790 2212 excipiunt
814 2147 855 2194 ex
877 2126 999 2209 optimo
1022 2127 1215 2211 compendio
1234 2128 1459 2214 transcriptae.
1494 2129 1615 2195 Laertii

253 2236 385 2305 Eusebii
406 2231 580 2319 Epiphanii
610 2229 832 2296 successiones
859 2248 959 2314 supra
985 2228 1087 2312 tetigi.
1132 2230 1175 2296 ab
1201 2230 1248 2297 eis
1271 2232 1472 2315 aliquantum
1495 2232 1617 2298 recedit

254 2342 413 2422 Galenus,
435 2335 490 2420 qui
511 2332 674 2399 artissimo
697 2332 828 2398 vinculo
851 2351 924 2396 cum
947 2329 1124 2398 Clementis
1146 2340 1321 2416 conspectu
1345 2333 1535 2400 coniunctus
1557 2341 1616 2418 est,

253 2443 344 2509 ouius
364 2441 427 2507 boc
448 2456 609 2522 propono,
641 2442 678 2500 ut
698 2433 898 2518 comparatio
921 2433 992 2519 fiat,
1020 2434 1265 2519 propagationis
1287 2442 1433 2503 stemma
1468 2436 1617 2503 Strom.l

257 2544 386 2611 62-64
408 2563 439 2625 p.
456 2541 519 2605 352
527 2558 596 2621 sqq.
611 2539 647 2603 P.

335 2651 486 2734 Ἰταλική
865 2645 998 2731 Ἰωνική
1280 2645 1464 2735 'Electran'

342 2769 516 2853 Πυθαγόρας
871 2764 971 2849 Θαλῆς
1284 2767 1451 2855 Ξενοφάνης
1497 2764 1535 2833 ,’

862 2866 1082 2951 Ἀναξίμανδρος
1180 2898 1188 2911 ·
1283 2868 1466 2954 Παρμενίδης

857 2967 1041 3053 Ἀναξιμένης
1283 2969 1386 3056 Ζήνων

859 3070 1050 3155 Ἀναξαγόρας
1284 3074 1449 3144 Λεύκιππος

856 3173 1015 3260 Ἀρχέλαος
1284 3177 1465 3262 Δημόκριτος

860 3274 1019 3361 Σωκράτης
1289 3277 1483 3364 Πρωταγόρας

439 3365 1093 3496 ΜΨ
1291 3413 1490 3500 Μητρόδωρος

338 3487 764 3619 'baffi
917 3513 1034 3599 Κράτης
1287 3516 1424 3601 Διογένης

342 3636 527 3723 Θεόφραστος
571 3637 753 3721 Ξενοκράτης
912 3616 1016 3701 Ζήνων
1283 3616 1458 3705 Ἀνάξαρχος

341 3739 478 3824 Στράτων
577 3737 719 3822 Πολέμων
915 3719 1068 3803 Κλεάνθην
1288 3721 1409 3806 Πύρρων

342 3842 445 3906 Λύκων
539 3830 841 3944 Kfflmp
918 3820 1089 3907 Χρύσιππος
1291 3823 1479 3909 Ναυσιφάνης

342 3943 501 4029 Κριτόλαος
696 3961 879 4046 ‚Apamam
912 3927 959 3989 καὶ
983 3927 1010 3988 οἱ
1033 3923 1094 4008 μετ’
1126 3925 1213 3988 αὐτόν
1285 3923 1452 4010 Ἐπίκουρος

340 4047 487 4132 Mamili<
700 4063 869 4148 Ἡγησίνους

705 4164 875 4250 Καρνεάδης
897 4166 945 4228 καλ
968 4165 995 4228 οἱ
1018 4162 1122 4250 ἐφεξῆς

345 4275 522 4341 Clementis
545 4277 768 4343 successiones
790 4277 892 4361 ipsae,
915 4273 1063 4358 quamvis
1085 4273 1301 4340 adventiciam
1317 4275 1453 4343 subinde
1468 4274 1623 4342 eruditio

255 4397 346 4461 nem,
376 4384 411 4442 ut
434 4379 532 4463 solet,
563 4379 739 4466 addiderit,
770 4399 875 4463 paene
902 4380 935 4443 in
964 4376 1103 4458 catalogi
1126 4375 1302 4443 exilitatem
1325 4385 1513 4445 contractae
1535 4384 1622 4443 sunt.

256 4498 295 4544 eo
317 4479 421 4561 magis
443 4480 626 4547 mirandum
648 4489 698 4547 est
720 4487 921 4565 quantopere
942 4478 976 4543 in
999 4478 1061 4544 boc
1083 4479 1155 4544 loco
1179 4478 1240 4544 sibi
1262 4482 1484 4566 respondeant

305 4578 456 4646 Clemens
478 4581 595 4648 Strom.
612 4584 684 4649 163
707 4605 739 4668 p.
755 4583 862 4649 3531).
1084 4580 1229 4646 Galenus
1250 4584 1314 4647 c.3
1337 4604 1368 4666 p.
1385 4583 1500 4649 226Κ.

300 4681 473 4765 Πολέμωνος
504 4686 537 4748 δὲ
565 4687 704 4751 &asemel
734 4684 851 4770 Κράτης
879 4707 911 4746 τε
1007 4683 1148 4766 Πολέμων
1165 4726 1173 4742 .
1191 4727 1198 4742 .
1215 4727 1222 4743 .
1237 4682 1402 4769 (Κράτητος
1421 4685 1504 4769 καὶῖ)
1527 4682 1621 4769 Κράν·

255 4784 302 4845 καὶ
328 4782 478 4870 Κράντωρ,
501 4787 542 4856 είς
562 4788 612 4858 οὓς
634 4791 653 4872 ἡ
675 4790 734 4852 άπὸ
756 4789 910 4855 Πλάτωνος
963 4810 1046 4872 τορος
1061 4786 1160 4869 γέγονε
1174 4787 1345 4871 καθηγητής
1359 4788 1401 4857 εἰς
1416 4789 1448 4851 ὃν
1463 4785 1620 4869 κατέληξεν

255 4885 407 4970 κατέληξεν
423 4888 534 4974 ἀρχαία
545 4887 716 4973 Ἀκαδημία.
748 4889 911 4975 Κράντορος
965 4891 984 4974 η
1004 4888 1115 4975 ἀρχαία
1134 4887 1307 4972 Ἀκαδημία.
1330 4895 1381 4952 τοῦ
1401 4890 1434 4953 δὲ
1451 4887 1617 4972 Κράντορος
