3464 5586
271 338 332 402 148
593 339 632 389 xl
667 338 717 389 DE
737 338 933 390 HIPPOLYTI
951 338 1297 390 PHILOSOPHUMHNIS

269 508 469 593 ἠκολούθησεν
491 508 572 594 αὐτῷ
589 532 597 548 ·
614 507 788 590 ἐκοινώνησε
810 507 843 570 δὲ
863 507 912 570 καί
931 504 1059 590 Ἀμεινίᾳ
1079 506 1128 570 καὶ
1148 506 1292 592 Διοχαίτη
1313 511 1356 591 τῷ
1373 503 1568 593 Πυθαγορικῷ
1585 509 1627 578 doe
1674 522 1679 528 '

268 609 326 696 ἔφη
348 610 489 674 Σωτίων
571 608 597 694 ql
621 609 669 672 καὶ
692 611 801 691 μᾶλλον
823 609 1010 694 ἠκολούθησε
1030 609 1078 672 καὶ
1100 608 1298 678 ἀποθανόντος
1312 610 1411 694 ἡρῷον
1426 608 1562 693 ίθρθσατο
1575 650 1585 668 .
1597 650 1627 669 ..

269 710 313 776 ὑπ’
331 710 474 795 Ἀμεινίου
501 709 560 775 ἀλλ’
589 711 647 796 οὐχ
669 711 726 774 ὑπὸ
748 711 929 796 Ξενοφάνους
950 710 992 780 είς
1012 710 1138 796 ἡσυχίαν
1159 712 1336 795 προετράπη.
1369 729 1506 777 acumen
1527 709 1627 776 totius

268 813 329 878 loci
363 819 477 878 contra
508 813 676 894 vulgatam
709 811 895 895 opinionem
927 812 1085 878 directum
1111 818 1161 877 est
1186 830 1272 895 quae
1300 810 1526 878 Parmenidem
1553 832 1627 878 cum

267 915 473 1000 Xenophane
499 912 675 980 coniunxit.
722 912 794 997 ipse
820 914 911 980 Sotio
939 913 1180 998 Pythagoreum
1212 913 1438 980 Parmenidem
1467 914 1627 980 voluerat.

268 1038 375 1083 nonne
398 1017 513 1082 mirum
535 1024 585 1083 est
607 1015 706 1082 etiam
727 1015 761 1080 in
785 1017 964 1101 Hippolyto
988 1023 1061 1099 post
1082 1016 1306 1101 Pythagoreos
1327 1015 1505 1100 principem
1527 1016 1629 1081 nomi-

268 1120 338 1185 nari
365 1118 606 1193 Parmeniden,
634 1118 872 1202 Xenophanem
900 1126 993 1185 extra
1020 1119 1165 1186 ordinem
1187 1117 1381 1203 postmodo?
1416 1117 1481 1183 iam
1503 1116 1531 1183 si
1553 1137 1628 1183 eon·

267 1221 410 1288 iunxeris
431 1220 646 1305 Xenophanis
668 1221 869 1308 ἀκαταληψίαν
892 1221 1063 1287 aSotione
1083 1221 1258 1305 inventam,
1281 1220 1344 1286 hoc
1364 1219 1530 1285 minimum
1552 1239 1627 1284 eon·

267 1331 354 1390 stare
376 1323 535 1391 concedes
557 1324 643 1389 illius
665 1326 812 1409 διαδοχῶν
834 1324 974 1407 vestigia
995 1323 1141 1407 quamvis
1168 1322 1358 1390 tenuissima
1379 1323 1413 1388 in
1435 1321 1627 1388 minutulum

266 1427 362 1493 istum
384 1426 530 1492 Vitarum
552 1427 741 1510 scriptorem
763 1445 925 1510 manasse,
948 1425 1039 1492 cuius
1062 1446 1124 1511 ope
1146 1426 1344 1510 Hippolytus
1365 1424 1525 1491 utebatur.

351 1529 421 1595 Nec
442 1535 552 1595 tamen
574 1549 657 1594 unus
679 1528 770 1595 Satio
792 1528 1009 1612 adgnoscitur.
1053 1529 1107 1612 qui
1137 1527 1284 1611 quamvis
1307 1547 1349 1593 ex
1370 1533 1438 1593 toto
1461 1526 1518 1594 illo
1539 1528 1625 1595 litte

266 1653 374 1698 rarum
396 1649 516 1714 genere
542 1632 631 1696 solus
653 1637 783 1714 praeter
805 1630 1020 1717 Porphyrium
1041 1631 1188 1714 Huuapio
1216 1629 1435 1696 indoctissimo
1458 1629 1626 1715 sophistae

266 1743 298 1803 et
321 1735 468 1817 cognitus
484 1740 518 1799 et
532 1734 635 1798 lectus
650 1741 736 1800 esset
758 1730 808 1820 [cf.
821 1733 1039 1820 Wytteubach
1054 1733 1098 1799 ad
1113 1733 1194 1799 Eun.
1211 1733 1243 1797 11
1265 1753 1296 1816 p.
1314 1730 1383 1820 16]‚
1405 1739 1514 1799 tamen
1529 1734 1625 1819 pleri·

266 1856 329 1920 que
344 1835 559 1920 posteriorum
573 1843 609 1902 ut
623 1835 773 1902 Laertius
789 1842 822 1901 et
836 1835 1024 1903 Athenaeus
1039 1858 1105 1903 nou
1119 1835 1224 1920 ipsum
1239 1834 1388 1901 manibus
1402 1839 1624 1922 usurparunt'

264 1958 326 2004 nec
352 1937 549 2023 Hippolytus
574 1937 712 2021 scriptor
738 1937 843 2020 ipsum
871 1938 1029 2005 adhibuit.
1073 1960 1149 2006 nam
1176 1943 1298 2023 pugnat
1320 1956 1392 2003 cum
1415 1937 1550 2008 Sotioue
1573 1939 1623 2028 [ci.

267 2043 309 2106 14
331 2037 355 2126 l]
377 2040 537 2123 posterius
560 2059 587 2104 c.
603 2039 645 2104 23
667 2041 683 2104 θ
706 2038 829 2125 Πύρρων
851 2087 910 2104 ...
933 2041 985 2125 τὴν
1008 2042 1207 2128 ἀκαταληψίαν
1229 2041 1365 2105 ἁπάντων
1387 2046 1527 2127 πρῶτος
1547 2044 1627 2130 aloni·

265 2168 359 2228 γοηεν.
393 2161 433 2206 ου
447 2141 549 2205 multa
562 2140 673 2206 insunt
688 2139 823 2208 Sotione
837 2141 1028 2209 recentiora.
1060 2143 1233 2227 praecipue
1248 2150 1428 2228 tempomm
1442 2145 1627 2213 notationes

267 2250 322 2311 14
354 2246 409 2310 67
444 2244 498 2308 79
529 2243 607 2308 813
641 2245 716 2308 141
750 2263 792 2309 ex
822 2244 1013 2328 Apollodori
1045 2244 1213 2312 Chronicis
1245 2245 1414 2312 fluxerunt
1464 2246 1526 2313 hoc
1558 2254 1626 2312 tam

265 2355 413 2433 apertum
429 2352 479 2412 est
494 2351 529 2409 ut
544 2343 643 2428 priori
658 2363 751 2411 meae
766 2347 1027 2413 commentationi
1041 2344 1133 2434 [Mus.
1144 2347 1205 2413 Rh.
1216 2348 1330 2414 XXXI
1344 2346 1398 2435 23]
1413 2347 1494 2413 nihil
1509 2347 1625 2433 habeo,

265 2449 351 2534 quod
374 2448 503 2513 addam.
548 2446 701 2513 chronica
722 2455 831 2514 autem
854 2451 965 2516 a144
985 2449 1109 2516 achr.
1131 2449 1269 2533 primum
1291 2448 1381 2516 edita
1402 2456 1486 2534 suut,
1509 2450 1626 2518 iterum

265 2559 392 2636 posta.
416 2546 850 2637 119[Mus.Rh.1.o.54].
1648 2636 1653 2645 ·

350 2652 434 2719 Ηίυο
456 2651 556 2718 etiam
578 2649 660 2715 illud
681 2651 836 2735 concidit,
863 2653 949 2735 quod
972 2652 1049 2719 olim
1070 2653 1206 2720 calidius
1228 2652 1438 2738 arripueram,
1461 2654 1625 2738 epitomen

265 2755 408 2823 Sotionis
436 2753 479 2820 ab
508 2752 680 2819 Heraclide
712 2753 892 2820 confectam
925 2753 1135 2839 principalem
1166 2755 1335 2840 Hippolyti
1363 2753 1486 2823 fenam
1514 2756 1626 2825 fuisse.

263 2878 340 2926 nam
360 2858 389 2924 is
411 2857 599 2921 Ptolemaeo
615 2852 827 2922 Philometori
848 2855 995 2940 aequalis
1010 2857 1107 2940 paulo
1122 2857 1285 2940 antiquior
1299 2863 1359 2923 est.
1391 2857 1628 2928 Heraclides

265 2961 406 3029 Lembos
428 2955 617 3041 Serapionis
645 2954 729 3023 filius
751 2957 1022 3026 Alexandrinus'
1046 2959 1187 3044 ἐπιτομὴν
1212 2964 1271 3024 τῶν
1298 2958 1451 3031 Σωτίωνος
1479 2965 1628 3050 διαδοχῶν

264 3190 334 3247 teria,
352 3188 549 3250 epitomatorem
567 3181 722 3246 culpandum
740 3181 858 3231 arbitror.
887 3188 998 3232 ceterum
1010 3197 1066 3232 cum
1080 3183 1152 3233 nulla
1169 3185 1203 3233 sit
1221 3199 1300 3235 causa
1317 3201 1363 3236 cur
1381 3195 1432 3237 tam
1451 3187 1524 3238 brari
1540 3191 1626 3254 sparto

263 3283 322 3339 post
339 3273 449 3323 slmilem
466 3271 582 3322 Sotionis
599 3269 750 3318 memoriam
768 3267 783 3330 ξ
799 3266 830 3320 18
848 3265 892 3331 [ef.
910 3284 989 3334 snpra
1006 3285 1032 3334 p.
1048 3266 1109 3332 104]
1134 3270 1305 3335 Xenophanis
1323 3275 1497 3338 maglsterium
1515 3279 1543 3326 lu
1561 3276 1625 3327 Par·

263 3361 383 3412 menideo
408 3360 491 3424 eapite
514 3363 683 3414 memoretur,
707 3356 785 3404 etiam
808 3356 835 3405 in
858 3369 891 3404 eo
909 3370 960 3419 qno
980 3356 1098 3406 Laertius
1117 3355 1204 3405 eiusve
1224 3361 1356 3425 exemplar
1374 3376 1435 3412 usus
1453 3369 1493 3411 est
1510 3361 1627 3415 Sotionis

263 3446 418 3513 compendio
438 3453 574 3506 utrumque
592 3441 745 3506 diremptum
763 3443 841 3492 fuisse
860 3444 983 3493 conicias.
1010 3443 1042 3493 cf.
1056 3458 1098 3507 pp.
1115 3441 1174 3495 166.
1191 3441 1248 3496 168.

334 3532 342 3564 ¹
363 3533 514 3582 Athenaeus
533 3530 697 3579 coniunctum
715 3529 768 3579 iere
786 3545 844 3579 cum
862 3530 938 3580 Nicia
955 3529 982 3578 id
1000 3536 1088 3578 estex
1108 3528 1185 3578 Nicia
1203 3532 1272 3581 citat.
1285 3531 1360 3583 Satio
1379 3551 1437 3584 eum
1453 3535 1531 3587 Nicia
1547 3539 1625 3588 etim

261 3638 278 3671 a
300 3621 447 3672 Stoicorum
476 3617 586 3680 catalogi
610 3615 811 3667 Herculanensis
841 3617 1009 3681 compilatore
1032 3617 1059 3666 in
1082 3630 1156 3665 usum
1180 3625 1288 3669 vocatus
1312 3620 1404 3670 dicitur
1427 3636 1443 3671 a
1468 3621 1625 3688 (lamponio

262 3706 336 3771 [Ien.
355 3709 518 3758 Litteratnra.
539 3699 607 3755 1875
626 3717 651 3766 p.
664 3699 737 3764 6651.
760 3705 837 3753 etiam
857 3704 1026 3768 Hagesander
1042 3703 1161 3768 Delphus
1187 3706 1315 3768 quaedam
1332 3721 1365 3756 ex
1384 3705 1494 3758 Sotione
1511 3717 1625 3761 mansar-

262 3798 321 3846 lisse
340 3795 441 3844 videtur
459 3792 529 3857 quod
547 3807 580 3841 ex
598 3790 696 3840 Athen.
716 3790 784 3840 VIII
802 3787 878 3841 34311
899 3793 1009 3841 coniecit
1026 3791 1136 3855 Hoeplre
1155 3791 1188 3857 de
1206 3791 1327 3856 hypomn.
1346 3808 1371 3857 p.
1385 3789 1427 3845 22.
1440 3791 1484 3855 23,
1496 3793 1521 3849 5,

332 3878 342 3910 ²
361 3883 393 3931 ci.
411 3895 488 3946 supra
506 3895 532 3944 p.
544 3872 595 3930 82²
609 3873 672 3938 (83).
710 3876 817 3928 Saldae:
837 3871 1000 3946 Ἡρακλιίθης
1016 3872 1190 3946 ’θίυρυγχίτης
1212 3873 1346 3946 φιλόσοφος
1367 3875 1381 3928 θ
1399 3881 1444 3930 τοῦ
1462 3875 1626 3951 Σαραπίωνος

260 3967 287 4026 ὃς
305 3962 434 4036 &aalide
453 3961 553 4032 Λέμβος
571 3959 677 4030 taath:
700 3960 740 4014 inl
764 3957 921 4031 Πτολιμαίου
942 3965 987 4014 τοῦ
1011 3960 1085 4015 ἕκτου
1107 3963 1281 4028 [181-146]
1304 3960 1331 4021 ὃς
1351 3963 1396 4023 τὰς
1418 3963 1479 4035 πρὸς
1501 3964 1625 4042 Ἀντίοχον

261 4051 334 4125 litero
353 4049 487 4121 συνθήκας·
524 4047 617 4119 legale
635 4044 805 4117 pddeopu'U.
826 4068 848 4102 e.
868 4048 999 4121 διαδοχὴν]
1018 4050 1061 4102 καὶ
1080 4047 1144 4102 ἄλλα
1162 4049 1208 4114 [an
1227 4046 1497 4121 appententem?
1523 4057 1624 4111 Usene-

262 4157 305 4191 rus
324 4143 445 4191 historias
468 4139 499 4188 ci.
518 4137 630 4187 Mueller
648 4136 745 4190 HHG
762 4138 804 4188 111
821 4137 870 4191 167
893 4139 1049 4204 significatas
1067 4139 1166 4188 mavult
1183 4138 1252 4188 Mus.
1265 4138 1315 4189 Rh.
1328 4140 1449 4192 XXVIII
1462 4140 1535 4208 4321.
1555 4154 1624 4197 eete-

259 4245 315 4279 rum
334 4230 402 4279 idem
421 4226 511 4278 Lembi
532 4240 676 4289 cognomen
695 4238 862 4288 quaecunque
881 4229 955 4290 origo
973 4228 1021 4279 fuit
1038 4223 1082 4288 [of.
1094 4225 1273 4276 Anaxandrid.
1287 4226 1358 4277 Ulix.
1371 4228 1401 4278 ir.
1416 4224 1441 4279 θ.
1468 4231 1511 4281 Fr.
1524 4230 1625 4284 Comle.

257 4316 300 4366 III
317 4314 382 4367 itt:
406 4308 506 4364 ὄπισθεν
524 4306 658 4363 ἀκολουθοῖ
675 4305 752 4369 κόλαξ
770 4323 815 4378 τῳ·
834 4308 950 4380 λίρβας
967 4309 1142 4380 ίπικίκληται]
1164 4311 1273 4378 Serapio
1290 4322 1363 4378 pater
1381 4314 1503 4365 habnlsse
1522 4316 1625 4369 videaur

261 4403 331 4466 quod
349 4404 387 4452 ait
398 4401 507 4453 Photius
527 4401 585 4452 cod.
599 4395 651 4449 263
669 4414 694 4463 p.
710 4396 795 4449 lllB.
814 4393 828 4447 1
845 4399 890 4448 τοῦ
907 4393 1010 4466 Λίρβου
1023 4394 1186 4467 Ἡρακλιίθης
1204 4408 1230 4450 et
1247 4407 1332 4465 potest
1349 4402 1427 4451 etiam
1445 4403 1472 4452 in
1484 4400 1567 4453 Suida
1584 4405 1624 4455 in·

259 4489 355 4553 tellegi.
392 4502 536 4552 cognomen
554 4501 571 4536 a
588 4487 712 4549 magistro
731 4485 764 4534 ad
782 4485 935 4550 discipulum
952 4489 1104 4538 menolatum
1123 4488 1212 4538 habuit
1230 4503 1253 4537 e.
1272 4503 1296 4551 g.
1314 4488 1449 4539 Diodorus
1469 4487 1571 4540 Crenas
1590 4491 1623 4541 ci.

257 4575 440 4626 Panaerbietar
452 4575 470 4622 l.
484 4591 506 4623 o.
522 4568 574 4623 223
592 4579 618 4622 et
629 4571 818 4622 Demosthenes
837 4573 951 4623 medieas
963 4575 1108 4625 Alexandri
1120 4574 1273 4626 Philalethia
1292 4574 1431 4639 discipulus
1449 4575 1542 4628 Galen.
1554 4577 1623 4628 VIII

258 4658 318 4712 727.
355 4663 398 4724 qui
421 4661 498 4710 fuerit
519 4654 680 4726 λιμβιυτικθς
702 4654 774 4725 λόγος
797 4672 872 4721 quem
894 4660 1041 4712 Demetrins
1065 4662 1174 4724 Magnes
1199 4658 1291 4725 [Di0g.
1304 4659 1386 4723 V94]
1413 4676 1558 4725 cognomen
1576 4678 1621 4728 pe·

257 4750 353 4811 perisse
371 4749 456 4807 refert,
475 4748 611 4796 nescimus.
644 4747 741 4795 erravit
758 4753 842 4794 autam
855 4745 1015 4809 Demetrius,
1034 4763 1092 4797 eum
1109 4747 1275 4798 Heraclidem
1293 4739 1451 4798 Καλατιανίν
1469 4748 1539 4799 dleit.
1575 4763 1621 4799 aa·

257 4849 307 4896 que
330 4836 399 4883 enim
422 4833 517 4883 Collati
540 4836 568 4884 in
592 4834 701 4884 Pontico
724 4832 821 4898 oppIdo
844 4834 866 4882 is
889 4842 964 4884 natus
988 4834 1101 4894 videtur,
1125 4836 1196 4884 euius
1220 4836 1285 4898 patri
1313 4848 1408 4885 nomen
1431 4833 1539 4900 Serapio
1563 4835 1620 4886 tuit.

257 4936 319 4985 ergo
337 4920 432 4972 Suidas
450 4921 543 4971 rectius
562 4920 755 4984 Oxyrynchiten
774 4928 859 4971 νουυκ.
