<?xml version="1.0" encoding="UTF-8"?>
<!DOCTYPE html PUBLIC "-//W3C//DTD XHTML 1.0 Transitional//EN"
    "http://www.w3.org/TR/xhtml1/DTD/xhtml1-transitional.dtd">
<html xmlns="http://www.w3.org/1999/xhtml" xml:lang="en" lang="en">
 <head>
  <title>
</title>
<meta http-equiv="Content-Type" content="text/html;charset=utf-8" />
  <meta name='ocr-system' content='tesseract 3.04.00' />
  <meta name='ocr-capabilities' content='ocr_page ocr_carea ocr_par ocr_line ocrx_word'/>
</head>
<body>
  <div class='ocr_page' id='page_1' title='image "./doxographigraec00dielgoog/doxographigraec00dielgoog_0499.png"; bbox 0 0 3464 5586; ppageno 0'>
   <div class='ocr_carea' id='block_1_1' title="bbox 266 365 1312 429">
    <p class='ocr_par' dir='ltr' id='par_1_1' title="bbox 266 365 1312 429">
     <span class='ocr_line' id='line_1_1' title="bbox 266 365 1312 429; baseline 0.002 -12"><span class='ocrx_word' id='word_1_1' title='bbox 266 365 331 429; x_wconf 81' lang='grc'>480</span> <span class='ocrx_word' id='word_1_2' title='bbox 579 366 837 418; x_wconf 77' lang='lat' dir='ltr'>THEOPHRASTI</span> <span class='ocrx_word' id='word_1_3' title='bbox 854 367 991 418; x_wconf 80' lang='lat' dir='ltr'><strong>PHYslc.</strong></span> <span class='ocrx_word' id='word_1_4' title='bbox 1011 367 1172 419; x_wconf 82' lang='lat' dir='ltr'><strong>OPINION.</strong></span> <span class='ocrx_word' id='word_1_5' title='bbox 1191 367 1244 418; x_wconf 68' lang='grc' dir='ltr'>ΕΗ.</span> <span class='ocrx_word' id='word_1_6' title='bbox 1257 366 1312 419; x_wconf 75' lang='grc'>4.5</span> 
     </span>
    </p>
   </div>
   <div class='ocr_carea' id='block_1_2' title="bbox 265 534 1632 826">
    <p class='ocr_par' dir='ltr' id='par_1_2' title="bbox 265 534 1632 826">
     <span class='ocr_line' id='line_1_2' title="bbox 265 534 1631 621; baseline -0.001 -23"><span class='ocrx_word' id='word_1_7' title='bbox 265 539 337 604; x_wconf 86' lang='grc' dir='ltr'>τοῖς</span> <span class='ocrx_word' id='word_1_8' title='bbox 359 535 477 604; x_wconf 82' lang='grc' dir='ltr'>ἄλλοις</span> <span class='ocrx_word' id='word_1_9' title='bbox 499 535 667 619; x_wconf 85' lang='grc' dir='ltr'>πειρᾶταί</span> <span class='ocrx_word' id='word_1_10' title='bbox 687 560 719 598; x_wconf 90' lang='grc' dir='ltr'>τι</span> <span class='ocrx_word' id='word_1_11' title='bbox 741 536 859 621; x_wconf 85' lang='grc' dir='ltr'>φέρειν</span> <span class='ocrx_word' id='word_1_12' title='bbox 882 535 989 614; x_wconf 83' lang='grc' dir='ltr'>ἴδιον,</span> <span class='ocrx_word' id='word_1_13' title='bbox 1011 535 1072 604; x_wconf 80' lang='grc' dir='ltr'>τὰς</span> <span class='ocrx_word' id='word_1_14' title='bbox 1094 535 1209 621; x_wconf 78' lang='grc' dir='ltr'>ἀρχὰς</span> <span class='ocrx_word' id='word_1_15' title='bbox 1230 536 1269 598; x_wconf 80' lang='grc' dir='ltr'>δὲ</span> <span class='ocrx_word' id='word_1_16' title='bbox 1290 535 1351 604; x_wconf 86' lang='grc' dir='ltr'>τάς</span> <span class='ocrx_word' id='word_1_17' title='bbox 1373 535 1480 604; x_wconf 86' lang='grc' dir='ltr'>αὸτάς</span> <span class='ocrx_word' id='word_1_18' title='bbox 1507 534 1631 604; x_wconf 80' lang='grc' dir='ltr'>ἀποδί-</span> 
     </span>
     <span class='ocr_line' id='line_1_3' title="bbox 266 635 1632 723; baseline 0 -23"><span class='ocrx_word' id='word_1_19' title='bbox 266 640 374 701; x_wconf 84' lang='grc' dir='ltr'>δωσιν</span> <span class='ocrx_word' id='word_1_20' title='bbox 405 637 444 705; x_wconf 80' lang='grc' dir='ltr'>ἅτ</span> <span class='ocrx_word' id='word_1_21' title='bbox 473 660 536 722; x_wconf 89' lang='grc' dir='ltr'>περ</span> <span class='ocrx_word' id='word_1_22' title='bbox 562 637 801 723; x_wconf 74' lang='grc' dir='ltr'>Ἀναξαγόρας.</span> <span class='ocrx_word' id='word_1_23' title='bbox 846 638 925 702; x_wconf 88' lang='grc' dir='ltr'>οὑτοι</span> <span class='ocrx_word' id='word_1_24' title='bbox 953 639 1005 721; x_wconf 72' lang='grc' dir='ltr'>μὶν</span> <span class='ocrx_word' id='word_1_25' title='bbox 1028 635 1078 701; x_wconf 83' lang='grc' dir='ltr'>οὖν</span> <span class='ocrx_word' id='word_1_26' title='bbox 1101 636 1237 720; x_wconf 80' lang='grc' dir='ltr'>ἀπείρους</span> <span class='ocrx_word' id='word_1_27' title='bbox 1259 643 1302 723; x_wconf 73' lang='grc' dir='ltr'>τῷ</span> <span class='ocrx_word' id='word_1_28' title='bbox 1324 638 1432 722; x_wconf 78' lang='grc' dir='ltr'>πλήθει</span> <span class='ocrx_word' id='word_1_29' title='bbox 1455 638 1503 701; x_wconf 81' lang='grc' dir='ltr'>καί</span> <span class='ocrx_word' id='word_1_30' title='bbox 1525 638 1632 720; x_wconf 80' lang='grc' dir='ltr'>ἀνομα·</span> 
     </span>
     <span class='ocr_line' id='line_1_4' title="bbox 267 739 1252 826; baseline -0.002 -23"><span class='ocrx_word' id='word_1_31' title='bbox 267 744 357 823; x_wconf 83' lang='grc' dir='ltr'>γενεῖς</span> <span class='ocrx_word' id='word_1_32' title='bbox 377 739 429 808; x_wconf 85' lang='grc' dir='ltr'>τάς</span> <span class='ocrx_word' id='word_1_33' title='bbox 451 741 545 825; x_wconf 84' lang='grc' dir='ltr'>ἀρχὰς</span> <span class='ocrx_word' id='word_1_34' title='bbox 566 741 681 825; x_wconf 86' lang='grc' dir='ltr'>λέγουσι</span> <span class='ocrx_word' id='word_1_35' title='bbox 703 740 754 810; x_wconf 83' lang='grc' dir='ltr'>τὰς</span> <span class='ocrx_word' id='word_1_36' title='bbox 777 740 978 826; x_wconf 74' lang='grc' dir='ltr'>ὁμοιομερείας</span> <span class='ocrx_word' id='word_1_37' title='bbox 999 739 1126 808; x_wconf 77' lang='grc' dir='ltr'>τιθέντες</span> <span class='ocrx_word' id='word_1_38' title='bbox 1148 739 1252 824; x_wconf 82' lang='grc' dir='ltr'>ἀρχάς.</span> 
     </span>
    </p>
   </div>
   <div class='ocr_carea' id='block_1_3' title="bbox 227 1216 1686 2737">
    <p class='ocr_par' dir='ltr' id='par_1_3' title="bbox 322 1216 845 1284">
     <span class='ocr_line' id='line_1_5' title="bbox 322 1216 845 1284; baseline -0.01 -16"><span class='ocrx_word' id='word_1_39' title='bbox 322 1218 463 1283; x_wconf 86' lang='lat' dir='ltr'><strong><em>Simplie.</em></strong></span> <span class='ocrx_word' id='word_1_40' title='bbox 482 1220 508 1269; x_wconf 90' lang='lat' dir='ltr'><strong><em>in</em></strong></span> <span class='ocrx_word' id='word_1_41' title='bbox 528 1219 601 1284; x_wconf 85' lang='lat' dir='ltr'><strong>phys.</strong></span> <span class='ocrx_word' id='word_1_42' title='bbox 619 1216 845 1270; x_wconf 72' lang='lat' dir='ltr'><strong>f.5v54—6r18.</strong></span> 
     </span>
    </p>

    <p class='ocr_par' dir='ltr' id='par_1_4' title="bbox 355 1317 1633 1404">
     <span class='ocr_line' id='line_1_6' title="bbox 355 1317 1633 1404; baseline 0 -22"><span class='ocrx_word' id='word_1_43' title='bbox 355 1318 448 1384; x_wconf 88' lang='grc' dir='ltr'>Μίαν</span> <span class='ocrx_word' id='word_1_44' title='bbox 474 1321 512 1382; x_wconf 80' lang='grc' dir='ltr'>δὲ</span> <span class='ocrx_word' id='word_1_45' title='bbox 536 1321 598 1403; x_wconf 77' lang='grc' dir='ltr'>τὴν</span> <span class='ocrx_word' id='word_1_46' title='bbox 625 1319 742 1404; x_wconf 80' lang='grc' dir='ltr'>ἀρχὴν</span> <span class='ocrx_word' id='word_1_47' title='bbox 769 1317 848 1403; x_wconf 81' lang='grc' dir='ltr'>ἤτοι</span> <span class='ocrx_word' id='word_1_48' title='bbox 874 1318 910 1382; x_wconf 78' lang='grc' dir='ltr'>ἓν</span> <span class='ocrx_word' id='word_1_49' title='bbox 937 1319 974 1380; x_wconf 89' lang='grc' dir='ltr'>τδ</span> <span class='ocrx_word' id='word_1_50' title='bbox 1004 1318 1041 1382; x_wconf 86' lang='grc' dir='ltr'>ὂν</span> <span class='ocrx_word' id='word_1_51' title='bbox 1068 1318 1127 1381; x_wconf 78' lang='grc' dir='ltr'>καὶ</span> <span class='ocrx_word' id='word_1_52' title='bbox 1154 1323 1219 1382; x_wconf 84' lang='grc' dir='ltr'>πᾶν</span> <span class='ocrx_word' id='word_1_53' title='bbox 1245 1319 1294 1383; x_wconf 80' lang='grc' dir='ltr'>καί</span> <span class='ocrx_word' id='word_1_54' title='bbox 1323 1319 1390 1383; x_wconf 84' lang='grc' dir='ltr'>οὔτε</span> <span class='ocrx_word' id='word_1_55' title='bbox 1414 1318 1633 1403; x_wconf 76' lang='grc' dir='ltr'>πεπερασμένον</span> 
     </span>
    </p>

    <p class='ocr_par' dir='ltr' id='par_1_5' title="bbox 227 1419 1686 2737">
     <span class='ocr_line' id='line_1_7' title="bbox 241 1419 1686 1510; baseline -0.002 -22"><span class='ocrx_word' id='word_1_56' title='bbox 241 1421 338 1488; x_wconf 70' lang='grc' dir='ltr'>κοῦτε</span> <span class='ocrx_word' id='word_1_57' title='bbox 365 1422 483 1506; x_wconf 84' lang='grc' dir='ltr'>ἄπειρον</span> <span class='ocrx_word' id='word_1_58' title='bbox 509 1421 577 1485; x_wconf 85' lang='grc' dir='ltr'>οὔτε</span> <span class='ocrx_word' id='word_1_59' title='bbox 601 1421 767 1504; x_wconf 80' lang='grc' dir='ltr'>κινούμενον</span> <span class='ocrx_word' id='word_1_60' title='bbox 790 1421 857 1484; x_wconf 84' lang='grc' dir='ltr'>οὔτε</span> <span class='ocrx_word' id='word_1_61' title='bbox 877 1423 1004 1505; x_wconf 75' lang='grc' dir='ltr'>ἠρεμοῦν</span> <span class='ocrx_word' id='word_1_62' title='bbox 1031 1419 1217 1505; x_wconf 80' lang='grc' dir='ltr'>Ξενοφάνη</span> <span class='ocrx_word' id='word_1_63' title='bbox 1239 1422 1297 1485; x_wconf 90' lang='grc' dir='ltr'>τδν</span> <span class='ocrx_word' id='word_1_64' title='bbox 1321 1420 1550 1507; x_wconf 82' lang='grc' dir='ltr'>Κολοφώνιον</span> <span class='ocrx_word' id='word_1_65' title='bbox 1571 1423 1633 1485; x_wconf 89' lang='grc' dir='ltr'>τδν</span> <span class='ocrx_word' id='word_1_66' title='bbox 1683 1506 1686 1510; x_wconf 19' lang='lat'>¹</span> 
     </span>
     <span class='ocr_line' id='line_1_8' title="bbox 270 1522 1633 1609; baseline -0.001 -21"><span class='ocrx_word' id='word_1_67' title='bbox 270 1523 492 1609; x_wconf 84' lang='grc' dir='ltr'>Παρμενίδου</span> <span class='ocrx_word' id='word_1_68' title='bbox 534 1525 745 1587; x_wconf 90' lang='grc' dir='ltr'>διδάσκαλον</span> <span class='ocrx_word' id='word_1_69' title='bbox 786 1522 1024 1587; x_wconf 73' lang='grc' dir='ltr'>ὑποτίθεσθαί</span> <span class='ocrx_word' id='word_1_70' title='bbox 1061 1545 1149 1607; x_wconf 91' lang='grc' dir='ltr'>φησιν</span> <span class='ocrx_word' id='word_1_71' title='bbox 1194 1526 1212 1588; x_wconf 91' lang='grc' dir='ltr'>ὁ</span> <span class='ocrx_word' id='word_1_72' title='bbox 1248 1523 1433 1609; x_wconf 85' lang='grc' dir='ltr'>Θεόφραστος</span> <span class='ocrx_word' id='word_1_73' title='bbox 1479 1527 1633 1608; x_wconf 85' lang='grc' dir='ltr'>ὁμολογῶν</span> 
     </span>
     <span class='ocr_line' id='line_1_9' title="bbox 268 1623 1634 1712; baseline 0 -23"><span class='ocrx_word' id='word_1_74' title='bbox 268 1627 394 1710; x_wconf 81' lang='grc' dir='ltr'>ἑτέρας</span> <span class='ocrx_word' id='word_1_75' title='bbox 424 1626 516 1690; x_wconf 78' lang='grc' dir='ltr'>εἶναι</span> <span class='ocrx_word' id='word_1_76' title='bbox 545 1629 680 1709; x_wconf 82' lang='grc' dir='ltr'>μᾶλλον</span> <span class='ocrx_word' id='word_1_77' title='bbox 707 1627 727 1710; x_wconf 83' lang='grc' dir='ltr'><strong>ἢ</strong></span> <span class='ocrx_word' id='word_1_78' title='bbox 758 1630 821 1711; x_wconf 76' lang='grc' dir='ltr'>τῆς</span> <span class='ocrx_word' id='word_1_79' title='bbox 850 1626 928 1710; x_wconf 78' lang='grc' dir='ltr'>περὶ</span> <span class='ocrx_word' id='word_1_80' title='bbox 958 1623 1098 1709; x_wconf 82' lang='grc' dir='ltr'>φὺσεοις</span> <span class='ocrx_word' id='word_1_81' title='bbox 1127 1626 1288 1710; x_wconf 78' lang='grc' dir='ltr'>ἱστορίας</span> <span class='ocrx_word' id='word_1_82' title='bbox 1315 1628 1378 1711; x_wconf 83' lang='grc' dir='ltr'>τὴν</span> <span class='ocrx_word' id='word_1_83' title='bbox 1407 1629 1549 1712; x_wconf 80' lang='grc' dir='ltr'>μνήμην</span> <span class='ocrx_word' id='word_1_84' title='bbox 1570 1631 1634 1710; x_wconf 76' lang='grc' dir='ltr'>τῆς</span> 
     </span>
     <span class='ocr_line' id='line_1_10' title="bbox 267 1726 1632 1817; baseline 0.001 -26"><span class='ocrx_word' id='word_1_85' title='bbox 267 1729 396 1792; x_wconf 83' lang='grc' dir='ltr'>τούτου</span> <span class='ocrx_word' id='word_1_86' title='bbox 418 1728 531 1812; x_wconf 90' lang='grc' dir='ltr'>δόξης.</span> <span class='ocrx_word' id='word_1_87' title='bbox 568 1729 605 1792; x_wconf 85' lang='grc' dir='ltr'>τὸ</span> <span class='ocrx_word' id='word_1_88' title='bbox 628 1729 692 1814; x_wconf 83' lang='grc' dir='ltr'>γὰρ</span> <span class='ocrx_word' id='word_1_89' title='bbox 715 1729 751 1792; x_wconf 83' lang='grc' dir='ltr'>ἓν</span> <span class='ocrx_word' id='word_1_90' title='bbox 772 1733 875 1792; x_wconf 79' lang='grc' dir='ltr'>τοῦτο</span> <span class='ocrx_word' id='word_1_91' title='bbox 894 1728 955 1792; x_wconf 85' lang='grc' dir='ltr'>καὶ</span> <span class='ocrx_word' id='word_1_92' title='bbox 977 1731 1042 1791; x_wconf 84' lang='grc' dir='ltr'>πᾶν</span> <span class='ocrx_word' id='word_1_93' title='bbox 1064 1729 1123 1792; x_wconf 88' lang='grc' dir='ltr'>τὸν</span> <span class='ocrx_word' id='word_1_94' title='bbox 1145 1729 1228 1792; x_wconf 76' lang='grc' dir='ltr'>θεὸν</span> <span class='ocrx_word' id='word_1_95' title='bbox 1251 1726 1370 1811; x_wconf 82' lang='grc' dir='ltr'>ἔλεγεν</span> <span class='ocrx_word' id='word_1_96' title='bbox 1386 1731 1402 1793; x_wconf 92' lang='grc' dir='ltr'>ὁ</span> <span class='ocrx_word' id='word_1_97' title='bbox 1417 1729 1632 1817; x_wconf 81' lang='grc' dir='ltr'>Ξενοφάνης·</span> 
     </span>
     <span class='ocr_line' id='line_1_11' title="bbox 267 1830 1633 1917; baseline -0.001 -21"><span class='ocrx_word' id='word_1_98' title='bbox 267 1831 299 1896; x_wconf 86' lang='grc' dir='ltr'>δν</span> <span class='ocrx_word' id='word_1_99' title='bbox 322 1830 374 1894; x_wconf 80' lang='grc' dir='ltr'>ἕνα</span> <span class='ocrx_word' id='word_1_100' title='bbox 396 1832 448 1913; x_wconf 81' lang='grc' dir='ltr'>μὲν</span> <span class='ocrx_word' id='word_1_101' title='bbox 470 1831 610 1894; x_wconf 86' lang='grc' dir='ltr'>δείκνυσιν</span> <span class='ocrx_word' id='word_1_102' title='bbox 632 1831 666 1894; x_wconf 80' lang='grc' dir='ltr'>ἐκ</span> <span class='ocrx_word' id='word_1_103' title='bbox 687 1835 739 1894; x_wconf 84' lang='grc' dir='ltr'>τοῦ</span> <span class='ocrx_word' id='word_1_104' title='bbox 761 1833 876 1895; x_wconf 82' lang='grc' dir='ltr'>πάντων</span> <span class='ocrx_word' id='word_1_105' title='bbox 897 1832 1048 1916; x_wconf 88' lang='grc' dir='ltr'>κράτιστον</span> <span class='ocrx_word' id='word_1_106' title='bbox 1062 1830 1149 1894; x_wconf 77' lang='grc' dir='ltr'>εἶναι·</span> <span class='ocrx_word' id='word_1_107' title='bbox 1171 1831 1313 1895; x_wconf 86' lang='grc' dir='ltr'>πλειόνων</span> <span class='ocrx_word' id='word_1_108' title='bbox 1331 1832 1397 1916; x_wconf 89' lang='grc' dir='ltr'>γάρ,</span> <span class='ocrx_word' id='word_1_109' title='bbox 1418 1833 1517 1917; x_wconf 90' lang='grc' dir='ltr'>φησίν,</span> <span class='ocrx_word' id='word_1_110' title='bbox 1540 1830 1633 1896; x_wconf 83' lang='grc' dir='ltr'>ὄντων</span> 
     </span>
     <span class='ocr_line' id='line_1_12' title="bbox 227 1933 1634 2019; baseline -0.001 -21"><span class='ocrx_word' id='word_1_111' title='bbox 227 1959 252 1999; x_wconf 80' lang='grc' dir='ltr'>ιο</span> <span class='ocrx_word' id='word_1_112' title='bbox 270 1933 380 2015; x_wconf 87' lang='grc' dir='ltr'>ὁμοίως</span> <span class='ocrx_word' id='word_1_113' title='bbox 409 1934 549 2019; x_wconf 79' lang='grc' dir='ltr'>ὑπάρχειν</span> <span class='ocrx_word' id='word_1_114' title='bbox 576 1934 687 2016; x_wconf 81' lang='grc' dir='ltr'>ἀνάγκη</span> <span class='ocrx_word' id='word_1_115' title='bbox 715 1937 786 1998; x_wconf 85' lang='grc' dir='ltr'>πᾶσι</span> <span class='ocrx_word' id='word_1_116' title='bbox 815 1933 849 1997; x_wconf 89' lang='grc' dir='ltr'>τδ</span> <span class='ocrx_word' id='word_1_117' title='bbox 871 1938 1000 2018; x_wconf 81' lang='grc' dir='ltr'>κρατεῖν·</span> <span class='ocrx_word' id='word_1_118' title='bbox 1026 1933 1060 1997; x_wconf 89' lang='grc' dir='ltr'>τδ</span> <span class='ocrx_word' id='word_1_119' title='bbox 1083 1935 1116 1998; x_wconf 78' lang='grc' dir='ltr'>δὲ</span> <span class='ocrx_word' id='word_1_120' title='bbox 1138 1935 1253 1997; x_wconf 86' lang='grc' dir='ltr'>πάντων</span> <span class='ocrx_word' id='word_1_121' title='bbox 1274 1934 1424 2018; x_wconf 89' lang='grc' dir='ltr'>κράτιστον</span> <span class='ocrx_word' id='word_1_122' title='bbox 1446 1934 1495 1998; x_wconf 84' lang='grc' dir='ltr'>καὶ</span> <span class='ocrx_word' id='word_1_123' title='bbox 1516 1933 1634 2018; x_wconf 83' lang='grc' dir='ltr'>ἄριστον</span> 
     </span>
     <span class='ocr_line' id='line_1_13' title="bbox 269 2034 1633 2120; baseline 0.001 -22"><span class='ocrx_word' id='word_1_124' title='bbox 269 2035 347 2105; x_wconf 82' lang='grc' dir='ltr'>ὑεός.</span> <span class='ocrx_word' id='word_1_125' title='bbox 390 2035 527 2119; x_wconf 84' lang='grc' dir='ltr'>ἀγένητον</span> <span class='ocrx_word' id='word_1_126' title='bbox 556 2036 589 2098; x_wconf 81' lang='grc' dir='ltr'>δὲ</span> <span class='ocrx_word' id='word_1_127' title='bbox 617 2036 759 2099; x_wconf 81' lang='grc' dir='ltr'>ἐδείκνυεν</span> <span class='ocrx_word' id='word_1_128' title='bbox 785 2036 819 2100; x_wconf 78' lang='grc' dir='ltr'>ἐκ</span> <span class='ocrx_word' id='word_1_129' title='bbox 846 2041 898 2099; x_wconf 83' lang='grc' dir='ltr'>τοὺ</span> <span class='ocrx_word' id='word_1_130' title='bbox 925 2037 983 2099; x_wconf 89' lang='grc' dir='ltr'>δεῖν</span> <span class='ocrx_word' id='word_1_131' title='bbox 1013 2035 1046 2098; x_wconf 89' lang='grc' dir='ltr'>τδ</span> <span class='ocrx_word' id='word_1_132' title='bbox 1072 2037 1219 2119; x_wconf 89' lang='grc' dir='ltr'>γινόμενον</span> <span class='ocrx_word' id='word_1_133' title='bbox 1246 2035 1267 2119; x_wconf 78' lang='grc' dir='ltr'><strong>ἢ</strong></span> <span class='ocrx_word' id='word_1_134' title='bbox 1296 2034 1326 2105; x_wconf 81' lang='grc' dir='ltr'>ἐξ</span> <span class='ocrx_word' id='word_1_135' title='bbox 1349 2036 1451 2118; x_wconf 83' lang='grc' dir='ltr'>ὁμοίου</span> <span class='ocrx_word' id='word_1_136' title='bbox 1473 2036 1493 2120; x_wconf 82' lang='grc' dir='ltr'><strong>ἢ</strong></span> <span class='ocrx_word' id='word_1_137' title='bbox 1516 2034 1547 2105; x_wconf 80' lang='grc' dir='ltr'>ἐξ</span> <span class='ocrx_word' id='word_1_138' title='bbox 1569 2036 1633 2100; x_wconf 73' lang='grc' dir='ltr'>ἀνα</span> 
     </span>
     <span class='ocr_line' id='line_1_14' title="bbox 269 2137 1634 2223; baseline -0.001 -21"><span class='ocrx_word' id='word_1_139' title='bbox 269 2139 352 2220; x_wconf 89' lang='grc' dir='ltr'>μοίυυ</span> <span class='ocrx_word' id='word_1_140' title='bbox 382 2137 541 2221; x_wconf 78' lang='grc' dir='ltr'>γίγνεσθαι·</span> <span class='ocrx_word' id='word_1_141' title='bbox 568 2137 643 2201; x_wconf 82' lang='grc' dir='ltr'>ἀλλὰ</span> <span class='ocrx_word' id='word_1_142' title='bbox 669 2138 702 2201; x_wconf 91' lang='grc' dir='ltr'>τδ</span> <span class='ocrx_word' id='word_1_143' title='bbox 731 2139 783 2220; x_wconf 81' lang='grc' dir='ltr'>μὲν</span> <span class='ocrx_word' id='word_1_144' title='bbox 810 2139 910 2220; x_wconf 89' lang='grc' dir='ltr'>ὁμοιον</span> <span class='ocrx_word' id='word_1_145' title='bbox 933 2138 1047 2208; x_wconf 82' lang='grc' dir='ltr'>ἀπαθές</span> <span class='ocrx_word' id='word_1_146' title='bbox 1067 2160 1155 2223; x_wconf 90' lang='grc' dir='ltr'>φησιν</span> <span class='ocrx_word' id='word_1_147' title='bbox 1177 2138 1234 2201; x_wconf 83' lang='grc' dir='ltr'>ὑπὸ</span> <span class='ocrx_word' id='word_1_148' title='bbox 1256 2141 1308 2200; x_wconf 82' lang='grc' dir='ltr'>τοῦ</span> <span class='ocrx_word' id='word_1_149' title='bbox 1330 2138 1448 2220; x_wconf 89' lang='grc' dir='ltr'>ὁμοίου·</span> <span class='ocrx_word' id='word_1_150' title='bbox 1472 2138 1556 2202; x_wconf 77' lang='grc' dir='ltr'>οὐδὲν</span> <span class='ocrx_word' id='word_1_151' title='bbox 1578 2137 1634 2222; x_wconf 81' lang='grc' dir='ltr'>γὰρ</span> 
     </span>
     <span class='ocr_line' id='line_1_15' title="bbox 268 2239 1635 2326; baseline -0.001 -20"><span class='ocrx_word' id='word_1_152' title='bbox 268 2245 378 2326; x_wconf 80' lang='grc' dir='ltr'>μᾶλλον</span> <span class='ocrx_word' id='word_1_153' title='bbox 404 2245 503 2325; x_wconf 85' lang='grc' dir='ltr'>γεννᾶν</span> <span class='ocrx_word' id='word_1_154' title='bbox 525 2240 545 2324; x_wconf 79' lang='grc' dir='ltr'><strong>ἢ</strong></span> <span class='ocrx_word' id='word_1_155' title='bbox 568 2240 723 2322; x_wconf 74' lang='grc' dir='ltr'>γεννᾶσθαι</span> <span class='ocrx_word' id='word_1_156' title='bbox 746 2243 886 2326; x_wconf 78' lang='grc' dir='ltr'>προσήκει</span> <span class='ocrx_word' id='word_1_157' title='bbox 908 2241 941 2304; x_wconf 87' lang='grc' dir='ltr'>τδ</span> <span class='ocrx_word' id='word_1_158' title='bbox 964 2241 1064 2323; x_wconf 90' lang='grc' dir='ltr'>ὁμοιυν</span> <span class='ocrx_word' id='word_1_159' title='bbox 1087 2242 1121 2305; x_wconf 79' lang='grc' dir='ltr'>ἐκ</span> <span class='ocrx_word' id='word_1_160' title='bbox 1142 2245 1193 2304; x_wconf 82' lang='grc' dir='ltr'>τοῦ</span> <span class='ocrx_word' id='word_1_161' title='bbox 1217 2242 1332 2324; x_wconf 83' lang='grc' dir='ltr'>ὁμοίου·</span> <span class='ocrx_word' id='word_1_162' title='bbox 1354 2241 1380 2304; x_wconf 81' lang='grc' dir='ltr'>εἰ</span> <span class='ocrx_word' id='word_1_163' title='bbox 1396 2242 1428 2304; x_wconf 80' lang='grc' dir='ltr'>δὲ</span> <span class='ocrx_word' id='word_1_164' title='bbox 1442 2239 1471 2309; x_wconf 84' lang='grc' dir='ltr'>ἐξ</span> <span class='ocrx_word' id='word_1_165' title='bbox 1494 2240 1635 2323; x_wconf 82' lang='grc' dir='ltr'>ἀνομοίου</span> 
     </span>
     <span class='ocr_line' id='line_1_16' title="bbox 266 2340 1632 2429; baseline -0.002 -20"><span class='ocrx_word' id='word_1_166' title='bbox 266 2346 390 2429; x_wconf 79' lang='grc' dir='ltr'>γίνοιτο,</span> <span class='ocrx_word' id='word_1_167' title='bbox 419 2341 500 2407; x_wconf 85' lang='grc' dir='ltr'>ἔσται</span> <span class='ocrx_word' id='word_1_168' title='bbox 526 2343 560 2404; x_wconf 91' lang='grc' dir='ltr'>τδ</span> <span class='ocrx_word' id='word_1_169' title='bbox 588 2343 620 2406; x_wconf 80' lang='grc' dir='ltr'>ὃν</span> <span class='ocrx_word' id='word_1_170' title='bbox 646 2344 681 2407; x_wconf 85' lang='grc' dir='ltr'>ἐκ</span> <span class='ocrx_word' id='word_1_171' title='bbox 709 2349 760 2407; x_wconf 80' lang='grc' dir='ltr'>τοῦ</span> <span class='ocrx_word' id='word_1_172' title='bbox 787 2345 828 2427; x_wconf 84' lang='grc' dir='ltr'>μὴ</span> <span class='ocrx_word' id='word_1_173' title='bbox 851 2341 942 2413; x_wconf 85' lang='grc' dir='ltr'>ὄντος.</span> <span class='ocrx_word' id='word_1_174' title='bbox 980 2344 1028 2406; x_wconf 80' lang='grc' dir='ltr'>καὶ</span> <span class='ocrx_word' id='word_1_175' title='bbox 1051 2344 1144 2414; x_wconf 85' lang='grc' dir='ltr'>οὑτως</span> <span class='ocrx_word' id='word_1_176' title='bbox 1165 2343 1301 2427; x_wconf 81' lang='grc' dir='ltr'>ἀγένητον</span> <span class='ocrx_word' id='word_1_177' title='bbox 1323 2344 1371 2408; x_wconf 84' lang='grc' dir='ltr'>καὶ</span> <span class='ocrx_word' id='word_1_178' title='bbox 1394 2343 1484 2407; x_wconf 82' lang='grc' dir='ltr'>ἀίδιον</span> <span class='ocrx_word' id='word_1_179' title='bbox 1510 2340 1632 2406; x_wconf 81' lang='grc' dir='ltr'>ἐδείκνυ.</span> 
     </span>
     <span class='ocr_line' id='line_1_17' title="bbox 229 2443 1635 2531; baseline -0.004 -19"><span class='ocrx_word' id='word_1_180' title='bbox 229 2474 253 2513; x_wconf 80' lang='lat' dir='ltr'><strong><em>n</em></strong></span> <span class='ocrx_word' id='word_1_181' title='bbox 270 2447 338 2511; x_wconf 82' lang='grc' dir='ltr'>οὔτε</span> <span class='ocrx_word' id='word_1_182' title='bbox 364 2448 397 2510; x_wconf 85' lang='grc' dir='ltr'>δὲ</span> <span class='ocrx_word' id='word_1_183' title='bbox 424 2446 541 2530; x_wconf 84' lang='grc' dir='ltr'>ἄπειρον</span> <span class='ocrx_word' id='word_1_184' title='bbox 569 2444 636 2508; x_wconf 82' lang='grc' dir='ltr'>οὔτε</span> <span class='ocrx_word' id='word_1_185' title='bbox 663 2445 879 2530; x_wconf 83' lang='grc' dir='ltr'>πεπερασμένον</span> <span class='ocrx_word' id='word_1_186' title='bbox 902 2445 990 2524; x_wconf 80' lang='grc' dir='ltr'>εἶναι,</span> <span class='ocrx_word' id='word_1_187' title='bbox 1018 2446 1089 2510; x_wconf 86' lang='grc' dir='ltr'>διότι</span> <span class='ocrx_word' id='word_1_188' title='bbox 1111 2445 1229 2531; x_wconf 83' lang='grc' dir='ltr'>ἄπειρον</span> <span class='ocrx_word' id='word_1_189' title='bbox 1252 2447 1305 2529; x_wconf 71' lang='grc' dir='ltr'>μὶν</span> <span class='ocrx_word' id='word_1_190' title='bbox 1326 2446 1360 2509; x_wconf 86' lang='grc' dir='ltr'>τὸ</span> <span class='ocrx_word' id='word_1_191' title='bbox 1384 2446 1424 2530; x_wconf 85' lang='grc' dir='ltr'>μὴ</span> <span class='ocrx_word' id='word_1_192' title='bbox 1448 2445 1479 2510; x_wconf 85' lang='grc' dir='ltr'>ὃν</span> <span class='ocrx_word' id='word_1_193' title='bbox 1503 2448 1544 2515; x_wconf 87' lang='grc' dir='ltr'>ῶς</span> <span class='ocrx_word' id='word_1_194' title='bbox 1566 2443 1635 2508; x_wconf 87' lang='grc' dir='ltr'>οὔτε</span> 
     </span>
     <span class='ocr_line' id='line_1_18' title="bbox 268 2546 1634 2638; baseline -0.002 -26"><span class='ocrx_word' id='word_1_195' title='bbox 268 2552 364 2636; x_wconf 76' lang='grc' dir='ltr'>ἀρχὴν</span> <span class='ocrx_word' id='word_1_196' title='bbox 387 2548 457 2635; x_wconf 85' lang='grc' dir='ltr'>ἔχον</span> <span class='ocrx_word' id='word_1_197' title='bbox 480 2546 547 2611; x_wconf 83' lang='grc' dir='ltr'>οὔτε</span> <span class='ocrx_word' id='word_1_198' title='bbox 562 2547 657 2631; x_wconf 69' lang='grc' dir='ltr'>1μέσον</span> <span class='ocrx_word' id='word_1_199' title='bbox 680 2546 747 2638; x_wconf 74' lang='grc' dir='ltr'>οὔτε</span> <span class='ocrx_word' id='word_1_200' title='bbox 768 2547 863 2618; x_wconf 81' lang='grc' dir='ltr'>τέλος·</span> <span class='ocrx_word' id='word_1_201' title='bbox 891 2547 1033 2632; x_wconf 87' lang='grc' dir='ltr'>περαίνειν</span> <span class='ocrx_word' id='word_1_202' title='bbox 1056 2550 1089 2612; x_wconf 81' lang='grc' dir='ltr'>δὲ</span> <span class='ocrx_word' id='word_1_203' title='bbox 1111 2549 1184 2634; x_wconf 82' lang='grc' dir='ltr'>πρὸς</span> <span class='ocrx_word' id='word_1_204' title='bbox 1206 2547 1319 2632; x_wconf 78' lang='grc' dir='ltr'>ἄλληλα</span> <span class='ocrx_word' id='word_1_205' title='bbox 1339 2549 1376 2612; x_wconf 83' lang='grc' dir='ltr'>τὰ</span> <span class='ocrx_word' id='word_1_206' title='bbox 1397 2548 1498 2612; x_wconf 83' lang='grc' dir='ltr'>πλείω.</span> <span class='ocrx_word' id='word_1_207' title='bbox 1542 2571 1634 2632; x_wconf 85' lang='grc' dir='ltr'>παρα-</span> 
     </span>
     <span class='ocr_line' id='line_1_19' title="bbox 268 2648 1633 2737; baseline -0.002 -22"><span class='ocrx_word' id='word_1_208' title='bbox 268 2653 400 2737; x_wconf 86' lang='grc' dir='ltr'>τλησίως</span> <span class='ocrx_word' id='word_1_209' title='bbox 423 2652 455 2715; x_wconf 81' lang='grc' dir='ltr'>δὲ</span> <span class='ocrx_word' id='word_1_210' title='bbox 477 2652 525 2715; x_wconf 83' lang='grc' dir='ltr'>καὶ</span> <span class='ocrx_word' id='word_1_211' title='bbox 547 2652 601 2735; x_wconf 82' lang='grc' dir='ltr'>τὴν</span> <span class='ocrx_word' id='word_1_212' title='bbox 624 2650 733 2733; x_wconf 89' lang='grc' dir='ltr'>κίνησιν</span> <span class='ocrx_word' id='word_1_213' title='bbox 756 2651 876 2736; x_wconf 85' lang='grc' dir='ltr'>ἀφαιρεῖ</span> <span class='ocrx_word' id='word_1_214' title='bbox 895 2650 944 2714; x_wconf 80' lang='grc' dir='ltr'>καί</span> <span class='ocrx_word' id='word_1_215' title='bbox 965 2651 1018 2734; x_wconf 82' lang='grc' dir='ltr'>τὴν</span> <span class='ocrx_word' id='word_1_216' title='bbox 1040 2651 1175 2737; x_wconf 80' lang='grc' dir='ltr'>ἠρεμίαν·</span> <span class='ocrx_word' id='word_1_217' title='bbox 1198 2651 1332 2735; x_wconf 87' lang='grc' dir='ltr'>ἀκίνητον</span> <span class='ocrx_word' id='word_1_218' title='bbox 1355 2651 1408 2734; x_wconf 81' lang='grc' dir='ltr'>μὲν</span> <span class='ocrx_word' id='word_1_219' title='bbox 1429 2650 1484 2735; x_wconf 81' lang='grc' dir='ltr'>γὰρ</span> <span class='ocrx_word' id='word_1_220' title='bbox 1505 2648 1579 2714; x_wconf 81' lang='grc' dir='ltr'>εἶναι</span> <span class='ocrx_word' id='word_1_221' title='bbox 1598 2649 1633 2712; x_wconf 84' lang='grc' dir='ltr'>τὺ</span> 
     </span>
    </p>
   </div>
   <div class='ocr_carea' id='block_1_4' title="bbox 266 2869 1637 5040">
    <p class='ocr_par' dir='ltr' id='par_1_6' title="bbox 267 2869 1635 3381">
     <span class='ocr_line' id='line_1_20' title="bbox 272 2869 1633 2947; baseline -0.004 -19"><span class='ocrx_word' id='word_1_222' title='bbox 272 2877 283 2928; x_wconf 92' lang='lat' dir='ltr'>l</span> <span class='ocrx_word' id='word_1_223' title='bbox 303 2877 386 2947; x_wconf 85' lang='grc' dir='ltr'>φίρειν</span> <span class='ocrx_word' id='word_1_224' title='bbox 404 2875 466 2929; x_wconf 86' lang='grc' dir='ltr'>ίδιυν</span> <span class='ocrx_word' id='word_1_225' title='bbox 484 2879 518 2928; x_wconf 79' lang='grc' dir='ltr'>εί.</span> <span class='ocrx_word' id='word_1_226' title='bbox 537 2878 571 2928; x_wconf 84' lang='lat' dir='ltr'>ad</span> <span class='ocrx_word' id='word_1_227' title='bbox 588 2877 721 2942; x_wconf 81' lang='lat' dir='ltr'>Theophr.</span> <span class='ocrx_word' id='word_1_228' title='bbox 740 2876 765 2927; x_wconf 89' lang='lat' dir='ltr'>d.</span> <span class='ocrx_word' id='word_1_229' title='bbox 783 2891 850 2926; x_wconf 82' lang='lat' dir='ltr'><strong>sens.</strong></span> <span class='ocrx_word' id='word_1_230' title='bbox 863 2869 923 2941; x_wconf 71' lang='grc'><strong>3711</strong></span> <span class='ocrx_word' id='word_1_231' title='bbox 975 2872 1012 2926; x_wconf 80' lang='grc' dir='ltr'>ῶν</span> <span class='ocrx_word' id='word_1_232' title='bbox 1028 2878 1140 2933; x_wconf 74' lang='grc' dir='ltr'>τοιοῦτος</span> <span class='ocrx_word' id='word_1_233' title='bbox 1158 2874 1205 2944; x_wconf 86' lang='grc' dir='ltr'>είη.</span> <span class='ocrx_word' id='word_1_234' title='bbox 1223 2879 1298 2927; x_wconf 84' lang='grc' dir='ltr'>τοῦτο</span> <span class='ocrx_word' id='word_1_235' title='bbox 1316 2875 1363 2945; x_wconf 80' lang='grc' dir='ltr'>γὰρ</span> <span class='ocrx_word' id='word_1_236' title='bbox 1381 2871 1439 2928; x_wconf 83' lang='grc' dir='ltr'>ὑεδν</span> <span class='ocrx_word' id='word_1_237' title='bbox 1457 2874 1501 2926; x_wconf 79' lang='grc' dir='ltr'>καὶ</span> <span class='ocrx_word' id='word_1_238' title='bbox 1512 2870 1574 2926; x_wconf 78' lang='grc' dir='ltr'><strong>11εοὺ</strong></span> <span class='ocrx_word' id='word_1_239' title='bbox 1591 2869 1633 2924; x_wconf 81' lang='grc' dir='ltr'>δίι-</span> 
     </span>
     <span class='ocr_line' id='line_1_21' title="bbox 268 2957 1635 3032; baseline -0.004 -15"><span class='ocrx_word' id='word_1_240' title='bbox 268 2967 465 3030; x_wconf 82' lang='lat' dir='ltr'><strong>Theophrastea</strong></span> <span class='ocrx_word' id='word_1_241' title='bbox 483 2965 547 3015; x_wconf 79' lang='lat' dir='ltr'><strong>haee</strong></span> <span class='ocrx_word' id='word_1_242' title='bbox 566 2980 622 3015; x_wconf 82' lang='lat' dir='ltr'><strong>essa</strong></span> <span class='ocrx_word' id='word_1_243' title='bbox 641 2973 748 3029; x_wconf 79' lang='lat' dir='ltr'><strong>apparet</strong></span> <span class='ocrx_word' id='word_1_244' title='bbox 765 2979 798 3014; x_wconf 80' lang='lat' dir='ltr'>ex</span> <span class='ocrx_word' id='word_1_245' title='bbox 817 2963 924 3028; x_wconf 84' lang='lat' dir='ltr'><strong><em>Hippoi.</em></strong></span> <span class='ocrx_word' id='word_1_246' title='bbox 974 2979 1047 3030; x_wconf 87' lang='grc' dir='ltr'>ναμιν</span> <span class='ocrx_word' id='word_1_247' title='bbox 1065 2961 1125 3014; x_wconf 80' lang='grc' dir='ltr'>εἶναι</span> <span class='ocrx_word' id='word_1_248' title='bbox 1143 2966 1250 3032; x_wconf 75' lang='grc' dir='ltr'>κρατεῖν,</span> <span class='ocrx_word' id='word_1_249' title='bbox 1269 2961 1333 3015; x_wconf 86' lang='grc' dir='ltr'>ἀλλά</span> <span class='ocrx_word' id='word_1_250' title='bbox 1355 2961 1391 3031; x_wconf 81' lang='grc' dir='ltr'>μὴ</span> <span class='ocrx_word' id='word_1_251' title='bbox 1418 2957 1572 3031; x_wconf 74' lang='grc' dir='ltr'>κρατεῖσθαι,</span> <span class='ocrx_word' id='word_1_252' title='bbox 1589 2960 1635 3011; x_wconf 81' lang='grc' dir='ltr'>καί</span> 
     </span>
     <span class='ocr_line' id='line_1_22' title="bbox 269 3046 1633 3122; baseline -0.004 -19"><span class='ocrx_word' id='word_1_253' title='bbox 269 3052 308 3103; x_wconf 87' lang='lat'>91</span> <span class='ocrx_word' id='word_1_254' title='bbox 336 3048 409 3108; x_wconf 82' lang='grc' dir='ltr'>οὗτος</span> <span class='ocrx_word' id='word_1_255' title='bbox 436 3051 485 3122; x_wconf 77' lang='grc' dir='ltr'>ἔφη</span> <span class='ocrx_word' id='word_1_256' title='bbox 512 3051 558 3120; x_wconf 74' lang='grc' dir='ltr'>τὴν</span> <span class='ocrx_word' id='word_1_257' title='bbox 582 3048 647 3119; x_wconf 88' lang='grc' dir='ltr'>μῖξιν</span> <span class='ocrx_word' id='word_1_258' title='bbox 674 3054 720 3119; x_wconf 78' lang='grc' dir='ltr'>τῆς</span> <span class='ocrx_word' id='word_1_259' title='bbox 746 3047 808 3119; x_wconf 89' lang='grc' dir='ltr'>ὑλης</span> <span class='ocrx_word' id='word_1_260' title='bbox 831 3046 924 3117; x_wconf 83' lang='grc' dir='ltr'>ὁμοίως</span> <span class='ocrx_word' id='word_1_261' title='bbox 974 3049 1075 3101; x_wconf 81' lang='grc' dir='ltr'>πάντων</span> <span class='ocrx_word' id='word_1_262' title='bbox 1098 3051 1230 3119; x_wconf 77' lang='grc' dir='ltr'>κράτιστον</span> <span class='ocrx_word' id='word_1_263' title='bbox 1253 3049 1314 3103; x_wconf 79' lang='grc' dir='ltr'>εἶναι</span> <span class='ocrx_word' id='word_1_264' title='bbox 1337 3047 1352 3117; x_wconf 82' lang='grc' dir='ltr'>ΙΙ</span> <span class='ocrx_word' id='word_1_265' title='bbox 1378 3048 1410 3102; x_wconf 91' lang='grc'>10</span> <span class='ocrx_word' id='word_1_266' title='bbox 1433 3047 1527 3117; x_wconf 86' lang='grc' dir='ltr'>ὁμοίως</span> <span class='ocrx_word' id='word_1_267' title='bbox 1549 3049 1633 3098; x_wconf 76' lang='lat' dir='ltr'>aDE:</span> 
     </span>
     <span class='ocr_line' id='line_1_23' title="bbox 267 3132 1633 3208; baseline -0.002 -20"><span class='ocrx_word' id='word_1_268' title='bbox 267 3132 416 3206; x_wconf 76' lang='grc' dir='ltr'>Ἀναξαγόρᾳ</span> <span class='ocrx_word' id='word_1_269' title='bbox 443 3141 487 3197; x_wconf 86' lang='grc' dir='ltr'>τάς</span> <span class='ocrx_word' id='word_1_270' title='bbox 516 3157 544 3192; x_wconf 89' lang='grc' dir='ltr'>τε</span> <span class='ocrx_word' id='word_1_271' title='bbox 571 3138 650 3208; x_wconf 79' lang='grc' dir='ltr'>ἀρχάς</span> <span class='ocrx_word' id='word_1_272' title='bbox 679 3136 800 3194; x_wconf 83' lang='grc' dir='ltr'>ῶσαὺτως</span> <span class='ocrx_word' id='word_1_273' title='bbox 825 3132 839 3203; x_wconf 72' lang='lat' dir='ltr'>il</span> <span class='ocrx_word' id='word_1_274' title='bbox 863 3136 923 3188; x_wconf 87' lang='grc' dir='ltr'>ἀπο·</span> <span class='ocrx_word' id='word_1_275' title='bbox 974 3137 1078 3206; x_wconf 86' lang='grc' dir='ltr'>ἀνομαία</span> <span class='ocrx_word' id='word_1_276' title='bbox 1095 3140 1116 3189; x_wconf 79' lang='lat' dir='ltr'><strong>F</strong></span> <span class='ocrx_word' id='word_1_277' title='bbox 1134 3135 1146 3207; x_wconf 88' lang='grc' dir='ltr'>ΙΙ</span> <span class='ocrx_word' id='word_1_278' title='bbox 1161 3136 1280 3208; x_wconf 74' lang='grc' dir='ltr'>ὑπάρχειν</span> <span class='ocrx_word' id='word_1_279' title='bbox 1298 3137 1394 3206; x_wconf 78' lang='grc' dir='ltr'>ἀνάγκη</span> <span class='ocrx_word' id='word_1_280' title='bbox 1414 3138 1515 3188; x_wconf 63' lang='lat' dir='ltr'>osan</span> <span class='ocrx_word' id='word_1_281' title='bbox 1535 3135 1633 3203; x_wconf 79' lang='grc' dir='ltr'>ἀνάγκη</span> 
     </span>
     <span class='ocr_line' id='line_1_24' title="bbox 268 3221 1634 3295; baseline -0.002 -18"><span class='ocrx_word' id='word_1_282' title='bbox 268 3223 366 3277; x_wconf 86' lang='grc' dir='ltr'>δίδωσιν</span> <span class='ocrx_word' id='word_1_283' title='bbox 396 3226 506 3276; x_wconf 78' lang='lat' dir='ltr'>DEE⁸F</span> <span class='ocrx_word' id='word_1_284' title='bbox 530 3235 559 3276; x_wconf 79' lang='lat' dir='ltr'>nt</span> <span class='ocrx_word' id='word_1_285' title='bbox 589 3229 734 3277; x_wconf 82' lang='lat' dir='ltr'><strong><em>coniecerat</em></strong></span> <span class='ocrx_word' id='word_1_286' title='bbox 755 3229 868 3277; x_wconf 77' lang='lat' dir='ltr'>Usener:</span> <span class='ocrx_word' id='word_1_287' title='bbox 887 3223 923 3275; x_wconf 88' lang='grc' dir='ltr'>δί·</span> <span class='ocrx_word' id='word_1_288' title='bbox 975 3223 1095 3295; x_wconf 86' lang='grc' dir='ltr'>ὑπάρχειν</span> <span class='ocrx_word' id='word_1_289' title='bbox 1104 3228 1143 3277; x_wconf 58' lang='lat' dir='ltr'>ali</span> <span class='ocrx_word' id='word_1_290' title='bbox 1158 3223 1172 3291; x_wconf 92' lang='grc' dir='ltr'>ΙΙ</span> <span class='ocrx_word' id='word_1_291' title='bbox 1186 3229 1217 3277; x_wconf 79' lang='lat' dir='ltr'>ef.</span> <span class='ocrx_word' id='word_1_292' title='bbox 1236 3226 1341 3290; x_wconf 75' lang='lat' dir='ltr'>[Arisn]</span> <span class='ocrx_word' id='word_1_293' title='bbox 1359 3244 1384 3292; x_wconf 81' lang='lat' dir='ltr'>p.</span> <span class='ocrx_word' id='word_1_294' title='bbox 1395 3222 1516 3279; x_wconf 70' lang='lat'>9771152</span> <span class='ocrx_word' id='word_1_295' title='bbox 1535 3221 1634 3290; x_wconf 72' lang='grc' dir='ltr'>ἀνάγκη</span> 
     </span>
     <span class='ocr_line' id='line_1_25' title="bbox 269 3307 1633 3381; baseline -0.001 -18"><span class='ocrx_word' id='word_1_296' title='bbox 269 3311 344 3363; x_wconf 82' lang='grc' dir='ltr'>δῶσιν</span> <span class='ocrx_word' id='word_1_297' title='bbox 357 3329 374 3360; x_wconf 88' lang='grc' dir='ltr'>α</span> <span class='ocrx_word' id='word_1_298' title='bbox 389 3308 404 3378; x_wconf 80' lang='grc' dir='ltr'>ΙΙ</span> <span class='ocrx_word' id='word_1_299' title='bbox 418 3310 434 3361; x_wconf 77' lang='lat'><strong>2</strong></span> <span class='ocrx_word' id='word_1_300' title='bbox 448 3309 517 3363; x_wconf 84' lang='grc' dir='ltr'>οὑτοι</span> <span class='ocrx_word' id='word_1_301' title='bbox 530 3311 574 3379; x_wconf 73' lang='grc' dir='ltr'>μὲν</span> <span class='ocrx_word' id='word_1_302' title='bbox 593 3310 648 3363; x_wconf 86' lang='grc' dir='ltr'>κτλ.</span> <span class='ocrx_word' id='word_1_303' title='bbox 668 3315 699 3364; x_wconf 78' lang='grc' dir='ltr'>τί.</span> <span class='ocrx_word' id='word_1_304' title='bbox 718 3315 801 3364; x_wconf 82' lang='grc' dir='ltr'>ΖεΙΙει·</span> <span class='ocrx_word' id='word_1_305' title='bbox 813 3311 841 3364; x_wconf 83' lang='lat'>1⁴</span> <span class='ocrx_word' id='word_1_306' title='bbox 856 3310 923 3364; x_wconf 74' lang='lat'>927¹</span> <span class='ocrx_word' id='word_1_307' title='bbox 975 3311 1021 3381; x_wconf 79' lang='grc' dir='ltr'>γὰρ</span> <span class='ocrx_word' id='word_1_308' title='bbox 1039 3311 1095 3381; x_wconf 68' lang='grc' dir='ltr'>ἦτοι</span> <span class='ocrx_word' id='word_1_309' title='bbox 1114 3309 1140 3372; x_wconf 76' lang='grc' dir='ltr'>ἐξ</span> <span class='ocrx_word' id='word_1_310' title='bbox 1158 3310 1244 3380; x_wconf 87' lang='grc' dir='ltr'>ὁμοίου</span> <span class='ocrx_word' id='word_1_311' title='bbox 1263 3310 1318 3380; x_wconf 75' lang='grc' dir='ltr'>ἢίξ</span> <span class='ocrx_word' id='word_1_312' title='bbox 1337 3312 1455 3380; x_wconf 86' lang='grc' dir='ltr'>ἀνομοίου</span> <span class='ocrx_word' id='word_1_313' title='bbox 1472 3307 1586 3379; x_wconf 71' lang='grc' dir='ltr'>γενέσθαι</span> <span class='ocrx_word' id='word_1_314' title='bbox 1603 3308 1633 3361; x_wconf 83' lang='grc' dir='ltr'>τδ</span> 
     </span>
    </p>

    <p class='ocr_par' dir='ltr' id='par_1_7' title="bbox 266 3394 1637 5040">
     <span class='ocr_line' id='line_1_26' title="bbox 304 3394 1634 3469; baseline -0.001 -18"><span class='ocrx_word' id='word_1_315' title='bbox 304 3400 372 3451; x_wconf 82' lang='grc' dir='ltr'>4ἀε</span> <span class='ocrx_word' id='word_1_316' title='bbox 391 3401 440 3449; x_wconf 82' lang='grc' dir='ltr'><strong>11ου</strong></span> <span class='ocrx_word' id='word_1_317' title='bbox 457 3403 488 3450; x_wconf 82' lang='lat' dir='ltr'>ir.</span> <span class='ocrx_word' id='word_1_318' title='bbox 508 3402 539 3451; x_wconf 84' lang='lat' dir='ltr'>cf.</span> <span class='ocrx_word' id='word_1_319' title='bbox 558 3401 630 3450; x_wconf 87' lang='lat' dir='ltr'><strong>Prol.</strong></span> <span class='ocrx_word' id='word_1_320' title='bbox 649 3417 674 3464; x_wconf 90' lang='lat' dir='ltr'>p.</span> <span class='ocrx_word' id='word_1_321' title='bbox 689 3398 802 3464; x_wconf 83' lang='lat' dir='ltr'><strong>109sqq.</strong></span> <span class='ocrx_word' id='word_1_322' title='bbox 822 3397 836 3466; x_wconf 85' lang='grc' dir='ltr'>Η</span> <span class='ocrx_word' id='word_1_323' title='bbox 856 3400 872 3452; x_wconf 87' lang='grc'><strong>’1</strong></span> <span class='ocrx_word' id='word_1_324' title='bbox 891 3402 922 3451; x_wconf 87' lang='grc' dir='ltr'>υ1.</span> <span class='ocrx_word' id='word_1_325' title='bbox 975 3398 1123 3468; x_wconf 85' lang='grc' dir='ltr'>γιγνόμενον.</span> <span class='ocrx_word' id='word_1_326' title='bbox 1157 3397 1259 3450; x_wconf 81' lang='grc' dir='ltr'>δυνατὸν</span> <span class='ocrx_word' id='word_1_327' title='bbox 1282 3397 1309 3451; x_wconf 74' lang='grc' dir='ltr'>δὲ</span> <span class='ocrx_word' id='word_1_328' title='bbox 1331 3397 1472 3469; x_wconf 85' lang='grc' dir='ltr'>αίιδίτερον·</span> <span class='ocrx_word' id='word_1_329' title='bbox 1499 3394 1557 3450; x_wconf 82' lang='grc' dir='ltr'>οὑτε</span> <span class='ocrx_word' id='word_1_330' title='bbox 1584 3397 1634 3467; x_wconf 85' lang='grc' dir='ltr'>γάρ</span> 
     </span>
     <span class='ocr_line' id='line_1_27' title="bbox 270 3482 1633 3557; baseline -0.004 -18"><span class='ocrx_word' id='word_1_331' title='bbox 270 3490 408 3539; x_wconf 72' lang='lat' dir='ltr'><strong>scholiasta</strong></span> <span class='ocrx_word' id='word_1_332' title='bbox 438 3501 581 3550; x_wconf 79' lang='lat' dir='ltr'><strong>anonymus</strong></span> <span class='ocrx_word' id='word_1_333' title='bbox 607 3488 777 3552; x_wconf 84' lang='lat' dir='ltr'><strong>Physicorum</strong></span> <span class='ocrx_word' id='word_1_334' title='bbox 808 3491 835 3539; x_wconf 87' lang='lat' dir='ltr'><strong><em>in</em></strong></span> <span class='ocrx_word' id='word_1_335' title='bbox 867 3490 923 3538; x_wconf 84' lang='lat' dir='ltr'><strong>aod.</strong></span> <span class='ocrx_word' id='word_1_336' title='bbox 975 3483 1061 3552; x_wconf 77' lang='grc' dir='ltr'>ὁμοίαν</span> <span class='ocrx_word' id='word_1_337' title='bbox 1078 3484 1118 3554; x_wconf 84' lang='grc' dir='ltr'>ὑφ’</span> <span class='ocrx_word' id='word_1_338' title='bbox 1139 3483 1226 3554; x_wconf 86' lang='grc' dir='ltr'>ὁμοίου</span> <span class='ocrx_word' id='word_1_339' title='bbox 1244 3487 1378 3557; x_wconf 77' lang='grc' dir='ltr'>προσήκειν</span> <span class='ocrx_word' id='word_1_340' title='bbox 1390 3482 1548 3554; x_wconf 75' lang='grc' dir='ltr'>τεκνωθῆναι</span> <span class='ocrx_word' id='word_1_341' title='bbox 1567 3482 1633 3552; x_wconf 80' lang='grc' dir='ltr'>μᾶλ-</span> 
     </span>
     <span class='ocr_line' id='line_1_28' title="bbox 268 3570 1633 3644; baseline -0.004 -17"><span class='ocrx_word' id='word_1_342' title='bbox 268 3577 351 3627; x_wconf 83' lang='lat' dir='ltr'><strong>Paris.</strong></span> <span class='ocrx_word' id='word_1_343' title='bbox 372 3572 439 3625; x_wconf 75' lang='lat'>1947</span> <span class='ocrx_word' id='word_1_344' title='bbox 463 3573 541 3633; x_wconf 61' lang='grc'><strong>111,</strong></span> <span class='ocrx_word' id='word_1_345' title='bbox 568 3577 611 3636; x_wconf 89' lang='lat' dir='ltr'><strong><em>qui</em></strong></span> <span class='ocrx_word' id='word_1_346' title='bbox 629 3575 798 3640; x_wconf 72' lang='lat' dir='ltr'><strong><em>simpliciam</em></strong></span> <span class='ocrx_word' id='word_1_347' title='bbox 817 3578 924 3625; x_wconf 84' lang='lat' dir='ltr'><strong><em>circum·</em></strong></span> <span class='ocrx_word' id='word_1_348' title='bbox 975 3570 1019 3623; x_wconf 89' lang='grc' dir='ltr'>λον</span> <span class='ocrx_word' id='word_1_349' title='bbox 1041 3571 1058 3641; x_wconf 75' lang='grc' dir='ltr'><strong>ἡ</strong></span> <span class='ocrx_word' id='word_1_350' title='bbox 1080 3578 1212 3625; x_wconf 82' lang='grc' dir='ltr'>τεκνῶσαι.</span> <span class='ocrx_word' id='word_1_351' title='bbox 1237 3577 1316 3625; x_wconf 81' lang='grc' dir='ltr'>ταῦτα</span> <span class='ocrx_word' id='word_1_352' title='bbox 1338 3574 1385 3644; x_wconf 82' lang='grc' dir='ltr'>γὰρ</span> <span class='ocrx_word' id='word_1_353' title='bbox 1408 3571 1505 3624; x_wconf 77' lang='grc' dir='ltr'>ἅπαντα</span> <span class='ocrx_word' id='word_1_354' title='bbox 1529 3575 1581 3629; x_wconf 84' lang='grc' dir='ltr'>τοῖς</span> <span class='ocrx_word' id='word_1_355' title='bbox 1604 3588 1633 3640; x_wconf 89' lang='grc' dir='ltr'>γε</span> 
     </span>
     <span class='ocr_line' id='line_1_29' title="bbox 269 3656 1633 3732; baseline -0.002 -20"><span class='ocrx_word' id='word_1_356' title='bbox 269 3663 357 3712; x_wconf 85' lang='lat' dir='ltr'><strong>scribit</strong></span> <span class='ocrx_word' id='word_1_357' title='bbox 376 3660 420 3710; x_wconf 80' lang='grc' dir='ltr'>καί</span> <span class='ocrx_word' id='word_1_358' title='bbox 438 3657 490 3709; x_wconf 77' lang='grc' dir='ltr'>ἔστι</span> <span class='ocrx_word' id='word_1_359' title='bbox 508 3658 551 3709; x_wconf 83' lang='grc' dir='ltr'>καί</span> <span class='ocrx_word' id='word_1_360' title='bbox 571 3657 636 3730; x_wconf 82' lang='grc' dir='ltr'>αὕτη</span> <span class='ocrx_word' id='word_1_361' title='bbox 654 3660 671 3730; x_wconf 74' lang='grc' dir='ltr'>ἡ</span> <span class='ocrx_word' id='word_1_362' title='bbox 690 3658 749 3719; x_wconf 89' lang='grc' dir='ltr'>δόξα</span> <span class='ocrx_word' id='word_1_363' title='bbox 762 3659 791 3711; x_wconf 81' lang='grc' dir='ltr'>οὑ</span> <span class='ocrx_word' id='word_1_364' title='bbox 804 3660 925 3730; x_wconf 80' lang='grc' dir='ltr'>περὶτῶν</span> <span class='ocrx_word' id='word_1_365' title='bbox 976 3656 1036 3717; x_wconf 84' lang='grc' dir='ltr'>ίσοις</span> <span class='ocrx_word' id='word_1_366' title='bbox 1058 3660 1102 3711; x_wconf 80' lang='grc' dir='ltr'>καὶ</span> <span class='ocrx_word' id='word_1_367' title='bbox 1120 3657 1213 3728; x_wconf 87' lang='grc' dir='ltr'>ὁμοίοις</span> <span class='ocrx_word' id='word_1_368' title='bbox 1238 3659 1286 3732; x_wconf 84' lang='grc' dir='ltr'>οὑχ</span> <span class='ocrx_word' id='word_1_369' title='bbox 1309 3659 1429 3731; x_wconf 81' lang='grc' dir='ltr'>ὑπάρχειν</span> <span class='ocrx_word' id='word_1_370' title='bbox 1447 3659 1507 3729; x_wconf 84' lang='grc' dir='ltr'>πρὸς</span> <span class='ocrx_word' id='word_1_371' title='bbox 1526 3657 1633 3728; x_wconf 77' lang='grc' dir='ltr'>ἄλληλα.</span> 
     </span>
     <span class='ocr_line' id='line_1_30' title="bbox 267 3741 1633 3817; baseline -0.001 -19"><span class='ocrx_word' id='word_1_372' title='bbox 267 3752 392 3817; x_wconf 85' lang='grc' dir='ltr'>φυσικῶν,</span> <span class='ocrx_word' id='word_1_373' title='bbox 410 3743 473 3797; x_wconf 79' lang='grc' dir='ltr'>ἀλλά</span> <span class='ocrx_word' id='word_1_374' title='bbox 486 3746 541 3815; x_wconf 83' lang='grc' dir='ltr'>περὶ</span> <span class='ocrx_word' id='word_1_375' title='bbox 554 3750 599 3797; x_wconf 83' lang='grc' dir='ltr'>τοὺ</span> <span class='ocrx_word' id='word_1_376' title='bbox 611 3742 672 3798; x_wconf 82' lang='grc' dir='ltr'>δεοῦ</span> <span class='ocrx_word' id='word_1_377' title='bbox 685 3750 716 3798; x_wconf 84' lang='lat' dir='ltr'>cs.</span> <span class='ocrx_word' id='word_1_378' title='bbox 730 3750 801 3799; x_wconf 86' lang='lat' dir='ltr'>Prol.</span> <span class='ocrx_word' id='word_1_379' title='bbox 820 3751 836 3799; x_wconf 93' lang='lat' dir='ltr'>l.</span> <span class='ocrx_word' id='word_1_380' title='bbox 849 3766 870 3800; x_wconf 86' lang='lat' dir='ltr'>c.</span> <span class='ocrx_word' id='word_1_381' title='bbox 883 3745 926 3817; x_wconf 75' lang='grc'><strong>118</strong></span> <span class='ocrx_word' id='word_1_382' title='bbox 976 3741 1027 3797; x_wconf 77' lang='grc' dir='ltr'>οὔτ’</span> <span class='ocrx_word' id='word_1_383' title='bbox 1055 3745 1085 3797; x_wconf 80' lang='grc' dir='ltr'>ἂν</span> <span class='ocrx_word' id='word_1_384' title='bbox 1108 3744 1134 3807; x_wconf 75' lang='grc' dir='ltr'>ἐξ</span> <span class='ocrx_word' id='word_1_385' title='bbox 1157 3748 1274 3815; x_wconf 88' lang='grc' dir='ltr'>ἀνομοίου</span> <span class='ocrx_word' id='word_1_386' title='bbox 1292 3747 1423 3817; x_wconf 87' lang='grc' dir='ltr'>τάνὸμαιαν</span> <span class='ocrx_word' id='word_1_387' title='bbox 1440 3744 1554 3816; x_wconf 81' lang='grc' dir='ltr'>γενίσὸαι</span> <span class='ocrx_word' id='word_1_388' title='bbox 1573 3784 1580 3798; x_wconf 92' lang='grc'>.</span> <span class='ocrx_word' id='word_1_389' title='bbox 1599 3784 1606 3798; x_wconf 91' lang='grc'>.</span> <span class='ocrx_word' id='word_1_390' title='bbox 1626 3784 1633 3796; x_wconf 92' lang='grc'>.</span> 
     </span>
     <span class='ocr_line' id='line_1_31' title="bbox 268 3829 1633 3903; baseline -0.002 -17"><span class='ocrx_word' id='word_1_391' title='bbox 268 3831 461 3903; x_wconf 83' lang='grc' dir='ltr'>τδγάρὲνκτλ.</span> <span class='ocrx_word' id='word_1_392' title='bbox 472 3850 505 3885; x_wconf 82' lang='lat' dir='ltr'>ex</span> <span class='ocrx_word' id='word_1_393' title='bbox 516 3837 881 3886; x_wconf 81' lang='lat' dir='ltr'><strong><em>Aristotelissimilitudina</em></strong></span> <span class='ocrx_word' id='word_1_394' title='bbox 891 3837 925 3886; x_wconf 84' lang='lat' dir='ltr'>ad</span> <span class='ocrx_word' id='word_1_395' title='bbox 976 3829 1005 3884; x_wconf 82' lang='grc' dir='ltr'>τό</span> <span class='ocrx_word' id='word_1_396' title='bbox 1024 3829 1071 3884; x_wconf 84' lang='grc' dir='ltr'>οὑκ</span> <span class='ocrx_word' id='word_1_397' title='bbox 1097 3829 1124 3882; x_wconf 91' lang='grc' dir='ltr'>δν</span> <span class='ocrx_word' id='word_1_398' title='bbox 1143 3832 1168 3894; x_wconf 80' lang='grc' dir='ltr'>ἐξ</span> <span class='ocrx_word' id='word_1_399' title='bbox 1187 3833 1256 3893; x_wconf 85' lang='grc' dir='ltr'>όντυς</span> <span class='ocrx_word' id='word_1_400' title='bbox 1278 3832 1308 3886; x_wconf 84' lang='grc' dir='ltr'>ἀν</span> <span class='ocrx_word' id='word_1_401' title='bbox 1326 3830 1447 3903; x_wconf 74' lang='grc' dir='ltr'>γενέσθαι,</span> <span class='ocrx_word' id='word_1_402' title='bbox 1466 3831 1526 3902; x_wconf 83' lang='grc' dir='ltr'>ὑπερ</span> <span class='ocrx_word' id='word_1_403' title='bbox 1545 3831 1633 3884; x_wconf 83' lang='grc' dir='ltr'>ἀδὺνα·</span> 
     </span>
     <span class='ocr_line' id='line_1_32' title="bbox 269 3917 1632 3988; baseline -0.001 -16"><span class='ocrx_word' id='word_1_404' title='bbox 269 3942 293 3972; x_wconf 90' lang='grc' dir='ltr'>ν.</span> <span class='ocrx_word' id='word_1_405' title='bbox 307 3920 373 3973; x_wconf 84' lang='grc'><strong>1-3</strong></span> <span class='ocrx_word' id='word_1_406' title='bbox 392 3924 476 3971; x_wconf 81' lang='lat' dir='ltr'><strong><em>rettuli</em></strong></span> <span class='ocrx_word' id='word_1_407' title='bbox 494 3924 566 3973; x_wconf 87' lang='lat' dir='ltr'><strong>Prol.</strong></span> <span class='ocrx_word' id='word_1_408' title='bbox 584 3941 609 3987; x_wconf 87' lang='lat' dir='ltr'>p.</span> <span class='ocrx_word' id='word_1_409' title='bbox 622 3923 667 3974; x_wconf 92' lang='grc'>111</span> <span class='ocrx_word' id='word_1_410' title='bbox 689 3925 853 3988; x_wconf 77' lang='lat' dir='ltr'>intellegens:</span> <span class='ocrx_word' id='word_1_411' title='bbox 873 3939 925 3973; x_wconf 86' lang='lat' dir='ltr'>om·</span> <span class='ocrx_word' id='word_1_412' title='bbox 976 3936 1028 3971; x_wconf 90' lang='grc' dir='ltr'>τον.</span> <span class='ocrx_word' id='word_1_413' title='bbox 1041 3917 1117 3971; x_wconf 89' lang='grc' dir='ltr'>ἀίδιον</span> <span class='ocrx_word' id='word_1_414' title='bbox 1130 3920 1175 3988; x_wconf 80' lang='grc' dir='ltr'>μὲν</span> <span class='ocrx_word' id='word_1_415' title='bbox 1185 3919 1228 3972; x_wconf 85' lang='grc' dir='ltr'>οὑν</span> <span class='ocrx_word' id='word_1_416' title='bbox 1241 3921 1280 3973; x_wconf 83' lang='grc' dir='ltr'>διὰ</span> <span class='ocrx_word' id='word_1_417' title='bbox 1291 3924 1371 3972; x_wconf 78' lang='grc' dir='ltr'>ταῦτα</span> <span class='ocrx_word' id='word_1_418' title='bbox 1383 3920 1443 3972; x_wconf 78' lang='grc' dir='ltr'>εἶναι</span> <span class='ocrx_word' id='word_1_419' title='bbox 1452 3919 1495 3972; x_wconf 83' lang='grc' dir='ltr'>τὸν</span> <span class='ocrx_word' id='word_1_420' title='bbox 1504 3917 1562 3973; x_wconf 67' lang='lat' dir='ltr'>iaia</span> <span class='ocrx_word' id='word_1_421' title='bbox 1573 3917 1588 3988; x_wconf 83' lang='grc' dir='ltr'>ΙΙ</span> <span class='ocrx_word' id='word_1_422' title='bbox 1602 3921 1632 3971; x_wconf 92' lang='grc'>11</span> 
     </span>
     <span class='ocr_line' id='line_1_33' title="bbox 266 4004 1634 4077; baseline 0 -18"><span class='ocrx_word' id='word_1_423' title='bbox 266 4009 308 4059; x_wconf 84' lang='lat' dir='ltr'>nia</span> <span class='ocrx_word' id='word_1_424' title='bbox 320 4018 447 4058; x_wconf 79' lang='lat' dir='ltr'>naturam</span> <span class='ocrx_word' id='word_1_425' title='bbox 459 4025 513 4059; x_wconf 90' lang='lat' dir='ltr'>non</span> <span class='ocrx_word' id='word_1_426' title='bbox 528 4009 601 4059; x_wconf 78' lang='lat' dir='ltr'><strong>alara</strong></span> <span class='ocrx_word' id='word_1_427' title='bbox 611 4010 733 4060; x_wconf 73' lang='lat' dir='ltr'>distinxit</span> <span class='ocrx_word' id='word_1_428' title='bbox 743 4007 922 4077; x_wconf 73' lang='lat' dir='ltr'>Xenophanes.</span> <span class='ocrx_word' id='word_1_429' title='bbox 975 4004 1049 4067; x_wconf 83' lang='grc' dir='ltr'>ίξὸἰε</span> <span class='ocrx_word' id='word_1_430' title='bbox 1060 4009 1149 4058; x_wconf 67' lang='grc' dir='ltr'>αΕΙΕε</span> <span class='ocrx_word' id='word_1_431' title='bbox 1160 4007 1344 4074; x_wconf 71' lang='grc' dir='ltr'>ε11.οιυ.Ῑ)ΕΗ</span> <span class='ocrx_word' id='word_1_432' title='bbox 1357 4007 1387 4060; x_wconf 88' lang='grc'>13</span> <span class='ocrx_word' id='word_1_433' title='bbox 1395 4008 1505 4072; x_wconf 83' lang='lat' dir='ltr'><strong>cf.[Ar.]</strong></span> <span class='ocrx_word' id='word_1_434' title='bbox 1515 4006 1634 4073; x_wconf 62' lang='lat' dir='ltr'>pawn</span> 
     </span>
     <span class='ocr_line' id='line_1_34' title="bbox 267 4090 1630 4165; baseline 0 -20"><span class='ocrx_word' id='word_1_435' title='bbox 267 4096 377 4146; x_wconf 84' lang='lat' dir='ltr'><strong><em>namin</em></strong></span> <span class='ocrx_word' id='word_1_436' title='bbox 391 4095 435 4146; x_wconf 77' lang='grc' dir='ltr'>ἀεὶ</span> <span class='ocrx_word' id='word_1_437' title='bbox 446 4096 621 4161; x_wconf 77' lang='lat' dir='ltr'><strong><em>sarenomina</em></strong></span> <span class='ocrx_word' id='word_1_438' title='bbox 634 4097 772 4163; x_wconf 72' lang='lat' dir='ltr'><strong><em>acquievit.</em></strong></span> <span class='ocrx_word' id='word_1_439' title='bbox 791 4100 835 4148; x_wconf 82' lang='lat' dir='ltr'>vix</span> <span class='ocrx_word' id='word_1_440' title='bbox 848 4108 924 4148; x_wconf 75' lang='lat' dir='ltr'><strong>recta.</strong></span> <span class='ocrx_word' id='word_1_441' title='bbox 977 4092 1053 4146; x_wconf 84' lang='grc' dir='ltr'>ἀίδιον</span> <span class='ocrx_word' id='word_1_442' title='bbox 1080 4093 1100 4147; x_wconf 82' lang='grc' dir='ltr'>δ’</span> <span class='ocrx_word' id='word_1_443' title='bbox 1125 4095 1184 4148; x_wconf 89' lang='grc' dir='ltr'>όντα</span> <span class='ocrx_word' id='word_1_444' title='bbox 1207 4095 1250 4146; x_wconf 82' lang='grc' dir='ltr'>καί</span> <span class='ocrx_word' id='word_1_445' title='bbox 1274 4093 1316 4146; x_wconf 74' lang='grc' dir='ltr'>ἕνα</span> <span class='ocrx_word' id='word_1_446' title='bbox 1340 4095 1384 4147; x_wconf 80' lang='grc' dir='ltr'>καὶ</span> <span class='ocrx_word' id='word_1_447' title='bbox 1407 4093 1549 4165; x_wconf 81' lang='grc' dir='ltr'>σφαιροειδῆ</span> <span class='ocrx_word' id='word_1_448' title='bbox 1574 4090 1630 4146; x_wconf 78' lang='grc' dir='ltr'>οὔτ’</span> 
     </span>
     <span class='ocr_line' id='line_1_35' title="bbox 270 4178 1636 4252; baseline -0.003 -17"><span class='ocrx_word' id='word_1_449' title='bbox 270 4188 346 4235; x_wconf 87' lang='lat' dir='ltr'><strong><em>immo</em></strong></span> <span class='ocrx_word' id='word_1_450' title='bbox 361 4184 394 4234; x_wconf 83' lang='lat' dir='ltr'>ad</span> <span class='ocrx_word' id='word_1_451' title='bbox 406 4185 570 4248; x_wconf 78' lang='lat' dir='ltr'>parenthesin</span> <span class='ocrx_word' id='word_1_452' title='bbox 582 4181 712 4252; x_wconf 82' lang='grc' dir='ltr'>ὁμολογῶν</span> <span class='ocrx_word' id='word_1_453' title='bbox 725 4182 780 4235; x_wconf 85' lang='grc' dir='ltr'>κτλ.</span> <span class='ocrx_word' id='word_1_454' title='bbox 798 4188 926 4250; x_wconf 77' lang='lat' dir='ltr'>partinens</span> <span class='ocrx_word' id='word_1_455' title='bbox 978 4180 1078 4252; x_wconf 80' lang='grc' dir='ltr'>ἄπειρον</span> <span class='ocrx_word' id='word_1_456' title='bbox 1100 4180 1157 4234; x_wconf 83' lang='grc' dir='ltr'>οὸτε</span> <span class='ocrx_word' id='word_1_457' title='bbox 1179 4178 1337 4251; x_wconf 75' lang='grc' dir='ltr'>πεπεράνθαι.</span> <span class='ocrx_word' id='word_1_458' title='bbox 1365 4181 1465 4252; x_wconf 79' lang='grc' dir='ltr'>ἄπειρον</span> <span class='ocrx_word' id='word_1_459' title='bbox 1491 4181 1520 4234; x_wconf 83' lang='grc' dir='ltr'>τὸ</span> <span class='ocrx_word' id='word_1_460' title='bbox 1547 4181 1585 4252; x_wconf 76' lang='grc' dir='ltr'>μὴ</span> <span class='ocrx_word' id='word_1_461' title='bbox 1607 4178 1636 4232; x_wconf 88' lang='grc' dir='ltr'>δν</span> 
     </span>
     <span class='ocr_line' id='line_1_36' title="bbox 269 4266 1635 4339; baseline 0 -18"><span class='ocrx_word' id='word_1_462' title='bbox 269 4273 367 4321; x_wconf 82' lang='lat' dir='ltr'><strong><em>Kernio</em></strong></span> <span class='ocrx_word' id='word_1_463' title='bbox 397 4274 538 4322; x_wconf 82' lang='lat' dir='ltr'>concedere</span> <span class='ocrx_word' id='word_1_464' title='bbox 564 4273 688 4322; x_wconf 76' lang='lat' dir='ltr'><strong>debebam</strong></span> <span class='ocrx_word' id='word_1_465' title='bbox 711 4273 783 4323; x_wconf 81' lang='lat' dir='ltr'><strong><em>Psoi.</em></strong></span> <span class='ocrx_word' id='word_1_466' title='bbox 808 4290 832 4338; x_wconf 86' lang='lat' dir='ltr'>p.</span> <span class='ocrx_word' id='word_1_467' title='bbox 849 4271 897 4322; x_wconf 86' lang='lat'>111</span> <span class='ocrx_word' id='word_1_468' title='bbox 910 4270 927 4322; x_wconf 89' lang='lat'>¹.</span> <span class='ocrx_word' id='word_1_469' title='bbox 979 4268 1047 4321; x_wconf 77' lang='grc' dir='ltr'>εἶναι.</span> <span class='ocrx_word' id='word_1_470' title='bbox 1069 4272 1144 4321; x_wconf 77' lang='grc' dir='ltr'>τοῦτο</span> <span class='ocrx_word' id='word_1_471' title='bbox 1167 4269 1213 4338; x_wconf 75' lang='grc' dir='ltr'>γάρ</span> <span class='ocrx_word' id='word_1_472' title='bbox 1237 4266 1294 4321; x_wconf 77' lang='grc' dir='ltr'>οὔτε</span> <span class='ocrx_word' id='word_1_473' title='bbox 1318 4270 1393 4336; x_wconf 77' lang='grc' dir='ltr'>μέσον</span> <span class='ocrx_word' id='word_1_474' title='bbox 1416 4267 1469 4322; x_wconf 70' lang='grc' dir='ltr'>οὔτ’</span> <span class='ocrx_word' id='word_1_475' title='bbox 1491 4269 1573 4339; x_wconf 77' lang='grc' dir='ltr'>ἀρχὴν</span> <span class='ocrx_word' id='word_1_476' title='bbox 1591 4269 1635 4321; x_wconf 82' lang='grc' dir='ltr'>καὶ</span> 
     </span>
     <span class='ocr_line' id='line_1_37' title="bbox 269 4352 1635 4426; baseline -0.002 -15"><span class='ocrx_word' id='word_1_477' title='bbox 269 4361 415 4425; x_wconf 84' lang='lat' dir='ltr'>Simplicius</span> <span class='ocrx_word' id='word_1_478' title='bbox 435 4369 502 4410; x_wconf 82' lang='lat' dir='ltr'><strong>carte</strong></span> <span class='ocrx_word' id='word_1_479' title='bbox 521 4362 575 4424; x_wconf 83' lang='lat' dir='ltr'><strong><em>ipse</em></strong></span> <span class='ocrx_word' id='word_1_480' title='bbox 587 4360 783 4424; x_wconf 82' lang='lat' dir='ltr'><strong>Theophrastea</strong></span> <span class='ocrx_word' id='word_1_481' title='bbox 796 4361 833 4408; x_wconf 83' lang='lat' dir='ltr'>ita</span> <span class='ocrx_word' id='word_1_482' title='bbox 851 4360 926 4423; x_wconf 71' lang='lat' dir='ltr'><strong>capia</strong></span> <span class='ocrx_word' id='word_1_483' title='bbox 978 4354 1049 4414; x_wconf 80' lang='grc' dir='ltr'>τέλος</span> <span class='ocrx_word' id='word_1_484' title='bbox 1072 4352 1127 4407; x_wconf 75' lang='grc' dir='ltr'>οὔτ’</span> <span class='ocrx_word' id='word_1_485' title='bbox 1157 4354 1218 4408; x_wconf 88' lang='grc' dir='ltr'>ἀλλο</span> <span class='ocrx_word' id='word_1_486' title='bbox 1241 4356 1316 4425; x_wconf 79' lang='grc' dir='ltr'>μέρος</span> <span class='ocrx_word' id='word_1_487' title='bbox 1340 4354 1409 4408; x_wconf 74' lang='lat' dir='ltr'><strong><em>abiis</em></strong></span> <span class='ocrx_word' id='word_1_488' title='bbox 1433 4355 1564 4426; x_wconf 80' lang='grc' dir='ltr'>ἔχειν</span> <span class='ocrx_word' id='word_1_489' title='bbox 1584 4356 1635 4408; x_wconf 77' lang='grc' dir='ltr'>οἶον</span> 
     </span>
     <span class='ocr_line' id='line_1_38' title="bbox 269 4440 1636 4513; baseline -0.001 -16"><span class='ocrx_word' id='word_1_490' title='bbox 269 4449 357 4498; x_wconf 85' lang='lat' dir='ltr'><strong>sedda</strong></span> <span class='ocrx_word' id='word_1_491' title='bbox 368 4451 468 4511; x_wconf 75' lang='lat' dir='ltr'><strong><em>origine</em></strong></span> <span class='ocrx_word' id='word_1_492' title='bbox 480 4444 669 4513; x_wconf 79' lang='lat' dir='ltr'><strong><em>insequentium</em></strong></span> <span class='ocrx_word' id='word_1_493' title='bbox 681 4446 817 4495; x_wconf 80' lang='lat' dir='ltr'><strong>verborum</strong></span> <span class='ocrx_word' id='word_1_494' title='bbox 830 4441 857 4494; x_wconf 87' lang='grc' dir='ltr'>δν</span> <span class='ocrx_word' id='word_1_495' title='bbox 869 4441 926 4495; x_wconf 88' lang='grc' dir='ltr'>κτλ.</span> <span class='ocrx_word' id='word_1_496' title='bbox 977 4441 1004 4495; x_wconf 72' lang='grc' dir='ltr'>δὲ</span> <span class='ocrx_word' id='word_1_497' title='bbox 1020 4441 1050 4495; x_wconf 83' lang='grc' dir='ltr'>τὸ</span> <span class='ocrx_word' id='word_1_498' title='bbox 1069 4442 1105 4512; x_wconf 75' lang='grc' dir='ltr'>μὴ</span> <span class='ocrx_word' id='word_1_499' title='bbox 1124 4440 1159 4506; x_wconf 83' lang='grc' dir='ltr'>δν,</span> <span class='ocrx_word' id='word_1_500' title='bbox 1178 4441 1225 4494; x_wconf 83' lang='grc' dir='ltr'>οὑκ</span> <span class='ocrx_word' id='word_1_501' title='bbox 1245 4442 1275 4494; x_wconf 85' lang='grc' dir='ltr'>ἀν</span> <span class='ocrx_word' id='word_1_502' title='bbox 1293 4441 1353 4494; x_wconf 79' lang='grc' dir='ltr'>εἶναι</span> <span class='ocrx_word' id='word_1_503' title='bbox 1371 4442 1399 4494; x_wconf 84' lang='grc' dir='ltr'>τδ</span> <span class='ocrx_word' id='word_1_504' title='bbox 1417 4442 1452 4496; x_wconf 86' lang='grc' dir='ltr'>όν.</span> <span class='ocrx_word' id='word_1_505' title='bbox 1471 4444 1593 4513; x_wconf 86' lang='grc' dir='ltr'>περαίνειν</span> <span class='ocrx_word' id='word_1_506' title='bbox 1609 4442 1636 4496; x_wconf 77' lang='lat' dir='ltr'><strong><em>ii</em></strong></span> 
     </span>
     <span class='ocr_line' id='line_1_39' title="bbox 270 4527 1635 4600; baseline 0 -14"><span class='ocrx_word' id='word_1_507' title='bbox 270 4536 333 4586; x_wconf 87' lang='lat' dir='ltr'><strong><em>nihii</em></strong></span> <span class='ocrx_word' id='word_1_508' title='bbox 353 4537 412 4585; x_wconf 90' lang='lat' dir='ltr'><strong><em>inda</em></strong></span> <span class='ocrx_word' id='word_1_509' title='bbox 431 4537 621 4600; x_wconf 78' lang='lat' dir='ltr'><strong><em>praeiudicatur</em></strong></span> <span class='ocrx_word' id='word_1_510' title='bbox 644 4529 658 4599; x_wconf 87' lang='grc' dir='ltr'>ΙΙ</span> <span class='ocrx_word' id='word_1_511' title='bbox 684 4534 699 4585; x_wconf 82' lang='grc'>9</span> <span class='ocrx_word' id='word_1_512' title='bbox 725 4535 757 4583; x_wconf 83' lang='lat' dir='ltr'>cf.</span> <span class='ocrx_word' id='word_1_513' title='bbox 775 4531 880 4595; x_wconf 65' lang='lat' dir='ltr'>[Arist]</span> <span class='ocrx_word' id='word_1_514' title='bbox 899 4533 924 4581; x_wconf 80' lang='lat' dir='ltr'>d.</span> <span class='ocrx_word' id='word_1_515' title='bbox 976 4529 1036 4600; x_wconf 84' lang='grc' dir='ltr'>πρὸς</span> <span class='ocrx_word' id='word_1_516' title='bbox 1049 4528 1154 4598; x_wconf 77' lang='grc' dir='ltr'>ἄλληλα,</span> <span class='ocrx_word' id='word_1_517' title='bbox 1167 4531 1188 4582; x_wconf 88' lang='grc' dir='ltr'>εί</span> <span class='ocrx_word' id='word_1_518' title='bbox 1200 4529 1278 4582; x_wconf 82' lang='grc' dir='ltr'>πλείω</span> <span class='ocrx_word' id='word_1_519' title='bbox 1290 4528 1327 4599; x_wconf 79' lang='grc' dir='ltr'>εἴη</span> <span class='ocrx_word' id='word_1_520' title='bbox 1342 4527 1356 4598; x_wconf 80' lang='grc' dir='ltr'>ΙΙ</span> <span class='ocrx_word' id='word_1_521' title='bbox 1372 4531 1402 4582; x_wconf 86' lang='grc'><strong>14</strong></span> <span class='ocrx_word' id='word_1_522' title='bbox 1412 4530 1506 4585; x_wconf 82' lang='grc' dir='ltr'>ἐδείκνυ</span> <span class='ocrx_word' id='word_1_523' title='bbox 1519 4536 1635 4586; x_wconf 63' lang='lat' dir='ltr'>ansts:</span> 
     </span>
     <span class='ocr_line' id='line_1_40' title="bbox 271 4615 1635 4688; baseline -0.002 -15"><span class='ocrx_word' id='word_1_524' title='bbox 271 4620 389 4673; x_wconf 85' lang='lat' dir='ltr'><strong>MXG3</strong></span> <span class='ocrx_word' id='word_1_525' title='bbox 410 4640 435 4687; x_wconf 87' lang='lat' dir='ltr'>p.</span> <span class='ocrx_word' id='word_1_526' title='bbox 448 4619 568 4675; x_wconf 73' lang='lat' dir='ltr'><strong>977v23:</strong></span> <span class='ocrx_word' id='word_1_527' title='bbox 588 4618 640 4672; x_wconf 81' lang='grc' dir='ltr'>τίδ’</span> <span class='ocrx_word' id='word_1_528' title='bbox 657 4618 722 4672; x_wconf 84' lang='grc' dir='ltr'>ἔστιν</span> <span class='ocrx_word' id='word_1_529' title='bbox 740 4616 754 4670; x_wconf 90' lang='grc' dir='ltr'>ὑ</span> <span class='ocrx_word' id='word_1_530' title='bbox 772 4615 828 4674; x_wconf 77' lang='grc' dir='ltr'>θεὸς</span> <span class='ocrx_word' id='word_1_531' title='bbox 846 4615 922 4668; x_wconf 87' lang='grc' dir='ltr'>ἀπάν-</span> <span class='ocrx_word' id='word_1_532' title='bbox 974 4615 1082 4668; x_wconf 76' lang='grc' dir='ltr'>ἐδείκνυν</span> <span class='ocrx_word' id='word_1_533' title='bbox 1100 4621 1125 4669; x_wconf 92' lang='lat' dir='ltr'>D</span> <span class='ocrx_word' id='word_1_534' title='bbox 1141 4616 1154 4685; x_wconf 79' lang='grc' dir='ltr'>ΙΙ</span> <span class='ocrx_word' id='word_1_535' title='bbox 1171 4619 1202 4672; x_wconf 80' lang='lat' dir='ltr'>lb</span> <span class='ocrx_word' id='word_1_536' title='bbox 1222 4619 1266 4670; x_wconf 85' lang='grc' dir='ltr'>καὶ</span> <span class='ocrx_word' id='word_1_537' title='bbox 1279 4629 1338 4670; x_wconf 77' lang='lat' dir='ltr'>ante</span> <span class='ocrx_word' id='word_1_538' title='bbox 1352 4615 1409 4670; x_wconf 79' lang='grc' dir='ltr'>οὔτε</span> <span class='ocrx_word' id='word_1_539' title='bbox 1426 4618 1452 4671; x_wconf 76' lang='grc' dir='ltr'>δὲ</span> <span class='ocrx_word' id='word_1_540' title='bbox 1470 4624 1578 4672; x_wconf 82' lang='lat' dir='ltr'><strong><em>inseruit</em></strong></span> <span class='ocrx_word' id='word_1_541' title='bbox 1590 4638 1606 4670; x_wconf 89' lang='grc' dir='ltr'>α</span> <span class='ocrx_word' id='word_1_542' title='bbox 1621 4620 1635 4688; x_wconf 77' lang='grc' dir='ltr'>ΙΙ</span> 
     </span>
     <span class='ocr_line' id='line_1_41' title="bbox 268 4701 1637 4778; baseline 0.001 -20"><span class='ocrx_word' id='word_1_543' title='bbox 268 4726 320 4758; x_wconf 90' lang='grc' dir='ltr'>των</span> <span class='ocrx_word' id='word_1_544' title='bbox 343 4708 487 4777; x_wconf 82' lang='grc' dir='ltr'>κράτιστον,</span> <span class='ocrx_word' id='word_1_545' title='bbox 515 4706 556 4759; x_wconf 80' lang='grc' dir='ltr'>ίνα</span> <span class='ocrx_word' id='word_1_546' title='bbox 585 4707 660 4777; x_wconf 80' lang='grc' dir='ltr'>φησὶν</span> <span class='ocrx_word' id='word_1_547' title='bbox 687 4704 762 4757; x_wconf 82' lang='grc' dir='ltr'>αὑτὸν</span> <span class='ocrx_word' id='word_1_548' title='bbox 789 4703 923 4773; x_wconf 76' lang='grc' dir='ltr'>προσήκειν</span> <span class='ocrx_word' id='word_1_549' title='bbox 977 4705 1008 4758; x_wconf 92' lang='grc'><strong>16</strong></span> <span class='ocrx_word' id='word_1_550' title='bbox 1027 4701 1084 4755; x_wconf 84' lang='grc' dir='ltr'>οὑτε</span> <span class='ocrx_word' id='word_1_551' title='bbox 1096 4705 1171 4772; x_wconf 85' lang='grc' dir='ltr'>μέσον</span> <span class='ocrx_word' id='word_1_552' title='bbox 1183 4703 1240 4757; x_wconf 84' lang='grc' dir='ltr'>υὸτε</span> <span class='ocrx_word' id='word_1_553' title='bbox 1253 4708 1378 4760; x_wconf 66' lang='lat' dir='ltr'>Bonan</span> <span class='ocrx_word' id='word_1_554' title='bbox 1399 4706 1463 4775; x_wconf 74' lang='grc' dir='ltr'>μήτε</span> <span class='ocrx_word' id='word_1_555' title='bbox 1482 4708 1557 4774; x_wconf 80' lang='grc' dir='ltr'>μέσον</span> <span class='ocrx_word' id='word_1_556' title='bbox 1571 4707 1637 4778; x_wconf 71' lang='grc' dir='ltr'>μήτε</span> 
     </span>
     <span class='ocr_line' id='line_1_42' title="bbox 269 4788 1637 4864; baseline -0.001 -19"><span class='ocrx_word' id='word_1_557' title='bbox 269 4793 341 4847; x_wconf 79' lang='grc' dir='ltr'>εἶναι.</span> <span class='ocrx_word' id='word_1_558' title='bbox 366 4794 388 4845; x_wconf 89' lang='grc' dir='ltr'>εί</span> <span class='ocrx_word' id='word_1_559' title='bbox 409 4795 455 4864; x_wconf 81' lang='grc' dir='ltr'>γὰρ</span> <span class='ocrx_word' id='word_1_560' title='bbox 478 4793 521 4846; x_wconf 69' lang='lat' dir='ltr'>ibo</span> <span class='ocrx_word' id='word_1_561' title='bbox 544 4793 560 4862; x_wconf 72' lang='grc' dir='ltr'><strong>ἢ</strong></span> <span class='ocrx_word' id='word_1_562' title='bbox 584 4793 621 4845; x_wconf 76' lang='lat' dir='ltr'>ist</span> <span class='ocrx_word' id='word_1_563' title='bbox 643 4793 740 4851; x_wconf 88' lang='grc' dir='ltr'>πλείους</span> <span class='ocrx_word' id='word_1_564' title='bbox 762 4790 809 4844; x_wconf 82' lang='grc' dir='ltr'>τίεν</span> <span class='ocrx_word' id='word_1_565' title='bbox 827 4790 874 4843; x_wconf 83' lang='grc' dir='ltr'>υὸκ</span> <span class='ocrx_word' id='word_1_566' title='bbox 893 4789 923 4842; x_wconf 81' lang='grc' dir='ltr'>ἂν</span> <span class='ocrx_word' id='word_1_567' title='bbox 975 4793 1013 4842; x_wconf 65' lang='lat' dir='ltr'>aa*</span> <span class='ocrx_word' id='word_1_568' title='bbox 1034 4788 1047 4859; x_wconf 70' lang='grc' dir='ltr'>ῘΙ</span> <span class='ocrx_word' id='word_1_569' title='bbox 1072 4792 1101 4844; x_wconf 83' lang='grc'><strong>17</strong></span> <span class='ocrx_word' id='word_1_570' title='bbox 1121 4794 1152 4843; x_wconf 83' lang='lat' dir='ltr'>cf.</span> <span class='ocrx_word' id='word_1_571' title='bbox 1165 4791 1238 4858; x_wconf 72' lang='lat' dir='ltr'><strong>[Aa]</strong></span> <span class='ocrx_word' id='word_1_572' title='bbox 1251 4812 1276 4859; x_wconf 87' lang='lat' dir='ltr'>p.</span> <span class='ocrx_word' id='word_1_573' title='bbox 1287 4794 1381 4846; x_wconf 68' lang='lat'>977128</span> <span class='ocrx_word' id='word_1_574' title='bbox 1397 4793 1427 4845; x_wconf 88' lang='grc' dir='ltr'>τὸ</span> <span class='ocrx_word' id='word_1_575' title='bbox 1439 4793 1470 4863; x_wconf 80' lang='grc' dir='ltr'>δὴ</span> <span class='ocrx_word' id='word_1_576' title='bbox 1482 4792 1637 4846; x_wconf 80' lang='grc' dir='ltr'>τοιοῦτονὺν</span> 
     </span>
     <span class='ocr_line' id='line_1_43' title="bbox 269 4875 1635 4951; baseline -0.001 -18"><span class='ocrx_word' id='word_1_577' title='bbox 269 4881 305 4933; x_wconf 77' lang='lat' dir='ltr'><strong><em>in</em></strong></span> <span class='ocrx_word' id='word_1_578' title='bbox 323 4883 454 4951; x_wconf 81' lang='grc' dir='ltr'>κράτιστον</span> <span class='ocrx_word' id='word_1_579' title='bbox 477 4883 520 4934; x_wconf 82' lang='grc' dir='ltr'>καὶ</span> <span class='ocrx_word' id='word_1_580' title='bbox 544 4880 669 4950; x_wconf 83' lang='grc' dir='ltr'>βέλτιστον</span> <span class='ocrx_word' id='word_1_581' title='bbox 692 4879 767 4931; x_wconf 85' lang='grc' dir='ltr'>αίντὸν</span> <span class='ocrx_word' id='word_1_582' title='bbox 785 4877 845 4931; x_wconf 76' lang='grc' dir='ltr'>εἶναι</span> <span class='ocrx_word' id='word_1_583' title='bbox 863 4879 922 4930; x_wconf 82' lang='grc' dir='ltr'>πάν·</span> <span class='ocrx_word' id='word_1_584' title='bbox 975 4876 1001 4928; x_wconf 78' lang='grc' dir='ltr'>ἕν</span> <span class='ocrx_word' id='word_1_585' title='bbox 1014 4915 1021 4930; x_wconf 98' lang='grc'>.</span> <span class='ocrx_word' id='word_1_586' title='bbox 1034 4917 1041 4930; x_wconf 95' lang='grc'>.</span> <span class='ocrx_word' id='word_1_587' title='bbox 1054 4916 1061 4930; x_wconf 99' lang='grc'>.</span> <span class='ocrx_word' id='word_1_588' title='bbox 1075 4875 1132 4930; x_wconf 76' lang='grc' dir='ltr'>οὔτε</span> <span class='ocrx_word' id='word_1_589' title='bbox 1151 4877 1271 4931; x_wconf 85' lang='grc' dir='ltr'>κινεῖσὺαι</span> <span class='ocrx_word' id='word_1_590' title='bbox 1289 4877 1346 4932; x_wconf 84' lang='grc' dir='ltr'>οὑτε</span> <span class='ocrx_word' id='word_1_591' title='bbox 1366 4880 1466 4950; x_wconf 88' lang='grc' dir='ltr'>κινητὸν</span> <span class='ocrx_word' id='word_1_592' title='bbox 1484 4881 1553 4934; x_wconf 81' lang='grc' dir='ltr'>εἶναι.</span> <span class='ocrx_word' id='word_1_593' title='bbox 1579 4880 1635 4934; x_wconf 82' lang='grc' dir='ltr'>ἀκί-</span> 
     </span>
     <span class='ocr_line' id='line_1_44' title="bbox 268 4965 1635 5040; baseline -0.001 -20"><span class='ocrx_word' id='word_1_594' title='bbox 268 4986 327 5020; x_wconf 86' lang='grc' dir='ltr'>των.</span> <span class='ocrx_word' id='word_1_595' title='bbox 347 4968 451 5026; x_wconf 79' lang='grc' dir='ltr'>ἕκαστος</span> <span class='ocrx_word' id='word_1_596' title='bbox 469 4971 515 5040; x_wconf 79' lang='grc' dir='ltr'>γὰρ</span> <span class='ocrx_word' id='word_1_597' title='bbox 535 4968 564 5022; x_wconf 79' lang='grc' dir='ltr'>ἂν</span> <span class='ocrx_word' id='word_1_598' title='bbox 583 4968 639 5028; x_wconf 75' lang='grc' dir='ltr'>θεὸς</span> <span class='ocrx_word' id='word_1_599' title='bbox 656 4974 708 5021; x_wconf 90' lang='grc' dir='ltr'>τῶν</span> <span class='ocrx_word' id='word_1_600' title='bbox 726 4966 827 5020; x_wconf 87' lang='grc' dir='ltr'>πολλῶν</span> <span class='ocrx_word' id='word_1_601' title='bbox 840 4965 924 5035; x_wconf 87' lang='grc' dir='ltr'>ὁμοιος</span> <span class='ocrx_word' id='word_1_602' title='bbox 975 4983 1049 5035; x_wconf 87' lang='grc' dir='ltr'>νητον</span> <span class='ocrx_word' id='word_1_603' title='bbox 1071 4966 1117 5035; x_wconf 83' lang='grc' dir='ltr'>μὲν</span> <span class='ocrx_word' id='word_1_604' title='bbox 1139 4968 1185 5037; x_wconf 76' lang='grc' dir='ltr'>γὰρ</span> <span class='ocrx_word' id='word_1_605' title='bbox 1208 4967 1268 5019; x_wconf 77' lang='grc' dir='ltr'>εἶναι</span> <span class='ocrx_word' id='word_1_606' title='bbox 1292 4967 1321 5019; x_wconf 84' lang='grc' dir='ltr'>τὺ</span> <span class='ocrx_word' id='word_1_607' title='bbox 1344 4969 1381 5037; x_wconf 77' lang='grc' dir='ltr'>μὴ</span> <span class='ocrx_word' id='word_1_608' title='bbox 1400 4967 1435 5020; x_wconf 84' lang='grc' dir='ltr'>όν.</span> <span class='ocrx_word' id='word_1_609' title='bbox 1460 4966 1518 5021; x_wconf 69' lang='grc' dir='ltr'>οὔτε</span> <span class='ocrx_word' id='word_1_610' title='bbox 1535 4969 1583 5037; x_wconf 80' lang='grc' dir='ltr'>γὰρ</span> <span class='ocrx_word' id='word_1_611' title='bbox 1602 4966 1635 5020; x_wconf 77' lang='grc' dir='ltr'>ἂν</span> 
     </span>
    </p>
   </div>
   <div class='ocr_carea' id='block_1_5' title="bbox 0 0 1739 5586">
    <p class='ocr_par' dir='ltr' id='par_1_8' title="bbox 0 0 1739 5586">
     <span class='ocr_line' id='line_1_45' title="bbox 0 0 1739 5586; baseline 0 0"><span class='ocrx_word' id='word_1_612' title='bbox 0 0 1739 5586; x_wconf 95' lang='lat' dir='ltr'> </span> 
     </span>
    </p>
   </div>
  </div>
 </body>
</html>
