3442 5588
653 315 928 366 PROLEGOMENA
1428 307 1468 370 57

109 488 260 570 exempla
280 486 313 549 in
329 483 401 548 libri
423 482 538 549 fronte.
570 483 623 548 ubi
646 485 731 566 qued
753 483 971 568 prooemiatur
994 483 1145 564 μέλλοντες
1167 483 1215 544 τὸν
1237 480 1358 564 φυσικὸν
1381 501 1470 562 παρα-

107 593 211 654 δώσειν
233 589 319 670 λόγον
345 588 536 668 ἀναγκαῖον
565 588 749 672 ἡγούμεθα
779 587 866 655 εὐθὺς
889 586 919 649 ἐν
942 586 1047 669 ἀρχαῖς
1070 585 1216 648 διελέσθαι
1239 585 1291 667 τὴν
1313 588 1369 666 τῆς
1392 584 1470 666 φιλα-

107 690 212 776 σαφίας
237 689 445 775 πραῃισιτείαν,
467 709 493 754 c.
514 694 530 754 l
555 701 567 751 1
592 689 734 754 imitatur
756 689 857 772 ἐπειδὴ
881 689 1027 773 πρόκειται
1050 690 1120 771 ἡμῖν
1142 689 1178 749 τὰ
1200 687 1306 769 φυσικὰ
1322 687 1471 770 θεωρῆσαι

107 797 306 877 ἀναγκαῖον
328 795 484 876 ἠγοῦμαι
500 794 630 876 δηλῶσαι
646 795 708 856 κτλ.
742 811 818 873 ergo
834 810 906 854 curn
918 810 1000 853 unus
1015 789 1057 854 sit
1071 789 1221 870 idemque
1236 787 1472 870 prooemiorum

106 907 200 964 tenor
223 902 281 961 aut
307 894 503 960 Plutarehea
526 894 634 959 omnia
655 901 713 959 aut
726 893 866 958 Actiaca
888 899 972 975 sunt,
994 893 1056 957 nisi
1079 891 1162 956 forte
1184 889 1292 954 omnia
1313 889 1355 954 ah
1377 890 1473 954 inter-

107 1000 257 1084 polatore
284 997 425 1080 quodam
458 996 542 1062 inter
569 995 734 1078 utriusque
760 1002 902 1062 aetatem
929 996 1039 1060 furtim
1062 995 1174 1061 addita
1200 1001 1232 1059 et
1260 1013 1330 1056 cum
1358 991 1473 1056 ceteris

109 1101 283 1166 coniuncta
316 1106 420 1183 putas.
465 1097 639 1162 Plutarcho
672 1117 731 1180 ego
765 1098 840 1162 olim
870 1097 965 1162 Aetio
1000 1098 1096 1162 nimis
1128 1098 1260 1181 cupiens
1289 1094 1472 1160 tribueram.

107 1223 195 1269 nune
211 1203 346 1269 edoctus
357 1200 496 1265 Ae'tiana
511 1220 552 1265 ea
564 1219 629 1264 nen
645 1198 742 1265 eredo
758 1200 816 1265 sed
832 1200 1008 1267 certissime
1023 1200 1177 1284 probabo.
1204 1220 1266 1281 quo
1278 1198 1364 1262 facto
1380 1195 1474 1259 simul

109 1306 233 1391 duplex
249 1304 351 1371 libelli
369 1303 460 1386 origo
476 1309 591 1386 suapte
606 1309 721 1386 sponte
736 1302 908 1385 aperietur,
926 1303 932 1334 ¹
956 1323 1019 1386 qua
1040 1303 1130 1368 nisus
1151 1302 1235 1367 infra
1250 1299 1474 1384 gravissimam

109 1408 153 1474 de
175 1407 263 1472 herii
285 1404 431 1471 sontibus
452 1404 674 1487 quaestionem
695 1404 877 1487 aggrediar.
921 1426 1007 1471 nunc
1028 1405 1197 1472 rideamus
1218 1403 1354 1484 singula.

189 1509 306 1576 Primi
321 1508 395 1573 libri
410 1507 608 1591 prooemium
621 1528 685 1571 non
698 1513 787 1572 extat
798 1508 832 1571 in
844 1507 995 1573 Stobaeo.
1015 1509 1101 1591 quod
1113 1528 1193 1573 cave
1204 1507 1245 1571 oh
1257 1526 1329 1572 eam
1342 1521 1473 1568 causam

107 1613 238 1679 dubites
263 1611 343 1696 quin
358 1609 534 1692 genuinum
551 1610 602 1675 sit.
634 1630 709 1674 nam
726 1609 859 1674 Stobaei
876 1611 1059 1692 eclogarum
1075 1611 1274 1695 prooemium
1290 1628 1360 1673 cum
1378 1605 1474 1671 laude

108 1714 340 1799 philosophiae
368 1712 503 1795 eiusque
533 1711 706 1796 partitione
733 1711 850 1775 lacuna
873 1711 1060 1796 absorptum
1088 1722 1150 1797 est,
1178 1720 1349 1797 praeterea
1380 1727 1474 1790 gene·

107 1817 193 1882 ralia
218 1817 276 1882 illa
298 1815 446 1882 Stohaeo
477 1814 608 1898 impune
636 1812 754 1878 licebat
776 1814 959 1896 neglegere.
994 1823 1042 1881 est
1065 1825 1173 1881 autem
1201 1814 1394 1879 Placitorum
1421 1830 1474 1876 er·

108 1918 237 1984 ordinm
264 1939 344 1985 sane
370 1918 509 2001 humile,
542 1917 644 1982 oratio
671 1917 849 1999 incompta,
878 1925 1069 1999 argumenta
1099 1918 1251 1983 scholica.
1295 1913 1475 1980 continetur

108 2020 359 2106 physicorum
383 2019 437 2102 qui
461 2019 503 2083 sit
526 2019 559 2083 in
579 2017 786 2102 philosophia
808 2018 907 2082 loeus.
944 2025 1043 2085 testes
1066 2020 1164 2085 Stoici
1188 2026 1220 2084 et
1242 2019 1284 2083 ah
1299 2014 1474 2081 Aristotele

109 2122 403 2207 Theophrastoque
430 2120 647 2205 Peripatetici.
680 2120 745 2185 iam
767 2124 827 2186 c.1
851 2121 897 2204 ph
904 2121 1013 2205 ysico
1035 2122 1108 2205 ipsa
1135 2122 1337 2205 explicantur
1364 2137 1475 2182 secun·

107 2226 188 2290 dum
211 2225 397 2291 Aristotelis
420 2223 614 2307 opinionem.
649 2222 844 2287 Placitorum
867 2244 938 2288 mos
960 2222 1095 2307 ferebat,
1120 2231 1155 2288 ut
1178 2243 1304 2288 omnem
1321 2221 1474 2303 deinceps

109 2328 378 2413 philosophorum
402 2327 575 2391 denatura
597 2324 788 2389 varietatem
803 2325 992 2392 effunderet.
1026 2332 1060 2391 at
1082 2346 1177 2391 nemo
1200 2325 1253 2389 hic
1267 2322 1474 2388 Aristotelem

110 2429 245 2513 excipit.
289 2430 386 2494 immo
411 2433 555 2492 extremo
577 2426 658 2491 libro
678 2428 693 2490 Ι
714 2428 757 2491 30
777 2428 983 2511 Empedoclis
1005 2437 1103 2512 etque
1118 2428 1336 2510 Anaxagorae
1358 2424 1399 2488 de
1420 2441 1475 2486 na·

110 2538 187 2596 tura
208 2532 341 2598 decreta
361 2538 525 2614 tamquam
546 2529 704 2594 mantissa
724 2529 853 2594 adiecta
869 2539 953 2615 sunt,
975 2532 1008 2596 id
1027 2532 1112 2614 quod
1128 2530 1295 2614 prudentis
1310 2524 1476 2610 scriptoris

111 2652 180 2697 uon
206 2632 344 2700 videtur.
387 2633 506 2700 deinde
534 2631 730 2696 Placitorum
758 2633 912 2698 lemmata
938 2654 1063 2698 summa
1089 2632 1313 2699 constantiae
1335 2629 1474 2713 philoso-

109 2734 249 2819 phorum
272 2737 401 2803 nomine
422 2735 588 2818 incipiunt.
612 2732 827 2817 prooemianti
843 2755 919 2800 vero
936 2736 1028 2801 lihuit
1043 2736 1119 2801 ἔστιν
1135 2739 1209 2800 κατὰ
1224 2739 1272 2799 τὸν
1282 2732 1474 2818 Ἀριστοτέλη.

109 2857 221 2904 noune
243 2839 380 2904 altemm
404 2839 555 2903 diversae
575 2835 707 2918 originis
728 2836 944 2901 testimonium
967 2839 1161 2920 adgnoscis?
1188 2838 1317 2921 optime,
1340 2834 1475 2917 inquies,

109 2946 145 3005 at
168 2959 226 3004 cur
245 2939 344 3005 dubia
362 2940 444 3005 haec
463 2939 572 3023 capita
594 2945 626 3002 et
641 2956 662 3000 a
676 2936 819 3002 Stohaeo
836 2942 985 3020 neglecta
1003 2961 1068 3005 non
1084 2940 1250 3005 recidisti?
1273 2938 1379 3004 audio.
1416 2938 1473 3003 sed

110 3049 222 3107 tamen
245 3042 330 3108 hanc
351 3042 428 3107 mihi
451 3041 527 3106 vide
549 3039 690 3122 capitum
713 3040 997 3107 continuationem.
1032 3042 1145 3125 incipit
1167 3063 1188 3106 ιι
1210 3042 1350 3106 naturali
1373 3040 1475 3123 philo·

110 3144 251 3227 sophiae
273 3153 376 3228 parte,
400 3153 466 3210 tum
490 3143 592 3227 ipsius
615 3141 758 3224 explicat
778 3149 915 3209 naturae
937 3145 1015 3209 vim:
1042 3147 1126 3227 φύσις
1149 3147 1240 3231 ἀρχὴ
1264 3149 1404 3228 κινήσεως
1426 3143 1474 3205 καὶ

110 3247 246 3330 ἠρεμίας,
266 3265 349 3329 quae
365 3246 466 3312 verha
480 3245 623 3329 graviter
638 3243 671 3307 in
686 3245 839 3310 extremis
855 3253 1053 3330 repetuntur.
1081 3248 1201 3328 quade
1217 3248 1337 3311 carrea?
1359 3266 1475 3329 nempe

110 3356 146 3413 ut
168 3350 234 3413 (5.2
256 3348 418 3414 artissime
441 3348 615 3414 cohaereat
637 3348 690 3409 τίνι
713 3348 840 3432 διαφέρει
870 3351 961 3433 ἀρχὴ
986 3350 1032 3411 καὶ
1056 3355 1196 3434 στοιχεῖα.
1240 3347 1475 3414 coniunctionis

110 3451 242 3534 signum
265 3451 366 3517 hahes
387 3452 421 3516 in
441 3449 614 3535 principio:
637 3451 664 3511 ol
689 3451 748 3531 μὲν
772 3451 830 3514 οὖν
853 3453 916 3535 περὶ
929 3450 1123 3536 Ἀριστοτέλη,
1146 3472 1229 3534 quae
1245 3451 1359 3516 eadem
1375 3449 1476 3515 rerba

110 3554 456 3620 Stohaeitestimonio
482 3554 721 3620 confirmantur.
753 3553 826 3618 hinc
849 3554 992 3635 sequitur
1010 3552 1138 3618 Aetium
1160 3554 1328 3618 consilium
1352 3552 1477 3636 cepisse

111 3657 312 3722 Placitomm
334 3677 400 3722 non
421 3659 525 3722 solnm
548 3657 656 3740 capita
679 3654 846 3739 colligere,
873 3655 931 3720 sed
958 3655 1055 3719 etiam
1084 3657 1221 3722 collecta
1241 3656 1326 3721 inter
1347 3675 1382 3720 se
1405 3675 1477 3719 con·

111 3757 306 3824 tinuahonis
328 3758 468 3842 quodam
488 3761 618 3825 vinculo
634 3765 812 3824 conectere.
840 3764 980 3823 ceterum
997 3759 1057 3822 c.⁸2
1080 3763 1114 3822 ut
1137 3757 1366 3840 praecedentia
1384 3757 1476 3822 arido

109 3861 306 3945 planissima
332 3880 479 3944 quaeque
506 3861 689 3946 explicandi
717 3860 823 3926 studio
846 3860 984 3926 excellit.
1029 3862 1175 3925 clausula
1202 3859 1309 3925 vero²
1336 3867 1403 3923 tam
1431 3859 1477 3922 in-

110 3964 274 4028 concinna
297 3970 357 4047 est,
379 3970 415 4028 nt
436 3963 479 4028 ad
503 3963 719 4029 coniecturam
744 3963 955 4043 confugerent
981 3963 1104 4045 aliquot
1131 3963 1189 4027 riri
1212 3963 1298 4027 docti
1321 3961 1475 4044 rescripto

110 4065 201 4148 quod
229 4085 309 4130 sane
335 4071 448 4149 aptum
472 4072 543 4131 erat
565 4067 656 4148 λέγων
679 4069 712 4130 τὸ
735 4067 817 4130 αὐτό.
862 4085 943 4147 quos
965 4064 1050 4129 Accii
1072 4064 1220 4130 inscitum
1242 4064 1410 4128 artificium
1433 4064 1477 4127 la-

113 4167 186 4250 tuit,
210 4187 273 4251 quo
296 4168 339 4232 ad
362 4169 540 4252 proximum
564 4169 765 4234 enuntiatum
787 4170 867 4232 131
895 4166 993 4251 Θαλῆς
1097 4170 1192 4252 ἀρχὴν
1215 4174 1273 4230 τῶν
1297 4166 1386 4230 ὄντων
1410 4167 1476 4228 ἀπε-

111 4273 227 4355 φήνατο
250 4273 283 4334 τὸ
308 4272 385 4355 ὕδωρ
407 4278 560 4353 tanquam
582 4271 716 4353 digitum
740 4270 938 4336 intendebat.
984 4269 1127 4352 sequitur
1153 4268 1385 4352 amplissimum
1413 4267 1476 4330 iam

112 4378 213 4456 caput
242 4373 285 4438 de
308 4371 490 4457 principiis,
517 4373 604 4455 quod
631 4393 672 4438 ex
695 4373 823 4456 optimis
845 4372 1033 4456 plerumque
1056 4370 1198 4437 lontibus
1220 4370 1354 4454 petitum
1377 4368 1478 4452 ipsius

112 4554 290 4561 ---——--
304 4555 473 4561 ---—-——

189 4646 197 4676 ¹
217 4648 285 4697 hanc
306 4651 400 4713 primus
419 4651 548 4713 perspexit
563 4649 710 4697 Beckianac
724 4649 844 4696 editionis
858 4664 949 4696 censor
963 4647 1089 4709 [Getriug.
1103 4647 1226 4694 Bibliotlr.
1240 4647 1264 4694 d.
1279 4647 1347 4694 allon
1363 4647 1478 4698 Litlrrnl.

112 4737 138 4783 d.
157 4736 246 4784 Kunst
267 4733 336 4786 1788
355 4753 379 4800 p.
393 4733 444 4785 700
454 4735 504 4800 sq.]
527 4738 570 4798 qui
596 4743 680 4784 lanrcn
705 4751 823 4798 perverse
847 4736 970 4783 iudicarit
993 4735 1024 4782 dc
1048 4736 1179 4796 utriusque
1202 4735 1281 4797 partis
1300 4734 1382 4797 pretio
1401 4743 1477 4795 arque

111 4823 209 4871 indole.

184 4906 194 4937 ²
212 4906 351 4975 ἁμαρτάνει
369 4906 412 4958 obv
430 4905 443 4958 ὁ
462 4903 546 4976 Θαλῆς
565 4913 685 4976 στοιχεῖον
704 4909 746 4958 καὶ
766 4908 846 4976 ἀρχὴν
864 4905 943 4975 λέγων
961 4905 989 4957 τὸ
1008 4904 1084 4974 ὕδωρ.
