3442 5588
646 332 921 384 rsonucounua
1402 328 1464 392 153

103 499 275 566 efficiatur.
322 522 433 566 verum
461 499 589 581 longius
616 498 768 581 progredi
794 500 895 563 multa
922 507 1009 564 suunt<
1026 518 1110 582 quae
1142 519 1201 563 nos
1228 505 1348 566 retent.
1393 497 1466 580 ipsa

103 601 312 686 Pythagorae
344 601 460 668 ceteris
494 600 655 684 copiosior
688 599 864 684 descriptio
893 623 958 667 uon
985 601 1179 667 Heraclides
1210 607 1268 666 est.
1311 600 1340 665 is
1366 600 1465 664 Meta-

106 703 197 786 ponti
225 723 299 769 eum
326 703 438 769 inedia
460 703 593 786 obiisse,
621 701 817 786 Hippolytus
845 703 987 768 Crotone
1014 709 1251 769 concrematum
1280 723 1351 768 cum
1373 701 1466 767 disci-

106 803 193 888 pulis
216 804 351 871 rettulit.
384 812 452 871 tum
467 804 615 870 Platonis
631 811 664 870 et
677 804 861 870 Aristotelis
876 805 1030 887 dogmata
1048 804 1090 869 ab
1112 826 1176 869 uno
1199 811 1287 870 certe
1309 803 1465 887 scriptore

106 905 290 988 composita
315 907 433 974 Christi
462 906 565 972 natali
591 905 645 970 riu
672 912 747 970 sunt
768 907 945 991 superiora.
988 927 1064 972 nam
1092 927 1113 971 a
1135 905 1306 988 categoriis
1327 904 1467 988 philoso-

106 1005 219 1089 phiam
242 1007 426 1075 Aristotelis
453 1007 626 1074 incohandi
658 1028 728 1073 mos
759 1015 833 1092 post
861 1008 1037 1074 Andronici
1067 1010 1195 1074 demum
1226 1008 1399 1073 editionem
1434 1013 1467 1072 et

102 1108 311 1193 disciplinam
338 1111 372 1176 iu
400 1110 519 1176 scholis
544 1112 691 1177 invaluit.
734 1111 875 1194 denique
903 1111 1142 1194 Apollodoreae
1170 1119 1348 1194 temporum
1376 1115 1467 1175 nota-

102 1209 213 1278 tiones
235 1212 297 1278 nisi
323 1213 357 1278 vi
378 1213 518 1296 quadam
540 1214 584 1279 ad
606 1212 812 1280 Heraclidem
835 1212 946 1279 relern‘
968 1233 1034 1278 non
1056 1220 1200 1296 possunt.
1241 1233 1323 1295 <puras
1345 1233 1385 1277 ex
1408 1213 1466 1275 δια-

104 1315 207 1400 δοχῶν
230 1315 440 1400 scriptoribus
463 1315 584 1399 primus
606 1314 795 1382 adhibuisse
820 1315 947 1382 videtur
973 1335 1095 1399 suppar
1115 1316 1254 1381 fortasse
1276 1311 1465 1398 Apollodori

105 1415 290 1483 Sosicrates
317 1413 369 1502 [cf.
396 1416 480 1482 blus.
503 1417 563 1482 Rh.
586 1418 700 1482 XXXI
723 1415 785 1504 20].
830 1425 939 1484 tamen
965 1437 1037 1483 cum
1060 1437 1173 1500 parum
1200 1417 1242 1481 de
1270 1417 1331 1481 hoc
1358 1417 1467 1499 explo-

102 1526 212 1584 ratum
240 1518 433 1605 habeamus,
466 1520 657 1586 temeritatis
689 1525 738 1585 cst
769 1540 842 1585 eum
873 1520 906 1584 in
940 1539 1071 1584 censum
1098 1539 1225 1584 vocare.
1275 1518 1404 1584 omniuo
1432 1523 1466 1581 ut

104 1619 205 1686 facile
227 1627 278 1686 est
301 1619 457 1686 eiusmodi
480 1620 672 1705 scriptiones
693 1622 803 1706 plures
819 1641 1008 1688 enumerare
1023 1629 1058 1687 ut
1072 1620 1292 1705 Hippobotum
1307 1619 1467 1686 Antisthe

106 1742 184 1788 nem
206 1720 439 1807 Alexandrum,
462 1721 509 1787 ita
530 1724 699 1789 ridiculum
721 1724 755 1789 in
777 1730 869 1789 tanta
890 1724 1088 1789 Graecorum
1109 1724 1204 1789 huius
1219 1722 1347 1805 generis
1369 1720 1467 1786 felici-

103 1830 175 1891 tate
197 1831 321 1891 certum
344 1825 505 1908 quendam
533 1826 664 1909 eligere.
713 1825 775 1892 hoc
805 1827 907 1892 teneri
940 1827 1016 1891 volo
1049 1825 1195 1891 Vitarum
1229 1824 1466 1908 compendium,

105 1925 141 1991 in
171 1945 236 2008 qno
265 1925 407 2010 priorum
435 1925 619 1993 Aristoxeni
644 1929 672 2011 [I
694 1930 714 1994 2
740 1929 785 2011 12]
808 1929 952 1994 Sotionis
978 1929 1160 1995 Heraclidis
1181 1927 1370 2011 Apollodori
1393 1924 1465 1990 libri

105 2026 252 2111 excerpti
276 2035 380 2112 erant,
404 2028 543 2111 priorem
565 2027 665 2094 fuisse
688 2029 857 2114 Hippolyti
878 2029 1011 2097 sontem.

191 2129 284 2196 Alter
302 2129 384 2195 liber
406 2136 441 2194 ut
462 2129 529 2194 dixi
552 2129 812 2214 Theophrasti
837 2131 1012 2217 Opinioncs
1035 2139 1206 2216 excerptas
1222 2131 1345 2197 habuit.
1380 2130 1467 2198 unde

103 2233 241 2315 eclogae
263 2252 304 2299 ea
325 2231 452 2298 ratione
474 2231 688 2299 concinnatae
710 2240 802 2316 suut,
832 2239 866 2298 ut
893 2256 951 2319 per
978 2236 1105 2318 singula
1128 2234 1236 2318 capita
1259 2254 1343 2316 quae
1366 2233 1469 2299 cuius·

105 2353 170 2416 quc
192 2332 378 2417 philosophi
401 2334 562 2400 recensita
585 2342 678 2400 erant
700 2334 854 2419 dogmata
876 2337 1017 2405 breviter
1031 2343 1291 2421 excerperentur,
1314 2342 1468 2418 excerpta

106 2455 166 2500 suo
201 2434 315 2501 ordine
347 2434 482 2517 singulis
517 2435 719 2520 philosophis
751 2438 1014 2522 adiungerentur.
1063 2460 1127 2524 qua
1159 2436 1328 2522 diligentia
1360 2436 1393 2501 id
1426 2436 1469 2500 sit

104 2536 239 2619 factum,
261 2533 339 2602 inde
362 2535 551 2620 perspicias,
573 2538 661 2620 quod
676 2539 912 2624 Theophrastei
935 2542 1008 2606 libri
1032 2543 1160 2626 partitio
1184 2542 1272 2607 haud
1294 2537 1468 2606 temeraria

104 2637 293 2704 coniectura
314 2638 527 2721 redintegrari
557 2641 669 2726 possit.
714 2661 810 2725 quam
833 2642 879 2708 sio
903 2643 972 2709 fers
994 2643 1127 2710 habeto:
1157 2647 1236 2731 ἀρχή
1266 2644 1334 2713 θεός
1359 2643 1468 2724 κόσμος

104 2746 143 2825 γῆ
177 2741 315 2805 habacuc
346 2744 472 2824 ποταμοί
503 2742 609 2814 Νεῖλος
641 2743 733 2829 ἄστρα
764 2746 846 2830 ἥλιος
874 2749 981 2831 σελήνη
1006 2748 1141 2830 γαλαξίας
1172 2745 1332 2832 διᾴττοντες
1363 2745 1469 2828 ἄνεμος

106 2843 192 2914 bert<
218 2845 336 2928 χαλαζα
363 2847 438 2930 χιών
465 2847 600 2931 ἀστραπή
625 2845 681 2930 ἶρις
710 2847 827 2928 σεισμός
849 2853 923 2934 ζῷα.
956 2850 1172 2932 gratissimum
1199 2856 1308 2914 autem
1337 2846 1469 2930 originis

104 2945 282 3029 vestigium
304 2944 425 3011 invitus
446 2947 577 3031 reliquit
599 2947 684 3032 quod
708 2966 735 3012 c.
753 2950 828 3017 144
850 2971 916 3017 non
931 2953 1035 3017 solum
1050 2952 1275 3036 Xenophanis,
1298 2948 1469 3015 sedetiam

104 3046 294 3129 ⁰⁰1¹fiss¹¹²m
321 3047 497 3115 Metrodori
531 3049 573 3116 dc
602 3050 683 3116 mari
712 3055 862 3139 opionem
891 3054 1063 3121 transtulit.
1107 3055 1178 3138 quis
1204 3052 1470 3138 philosophorum

103 3148 267 3232 dogmata
290 3169 331 3215 ex
347 3147 559 3234 Opinionihus
581 3158 798 3239 composuerit
820 3164 852 3224 st
874 3159 1015 3242 quando,
1036 3156 1209 3224 nescimus.
1242 3153 1338 3220 simili
1361 3158 1470 3218 tamen

102 3248 191 3314 libro
216 3269 294 3315 usus
316 3257 367 3317 est
381 3253 715 3324 PseudoPlutarchus
737 3260 770 3325 in
793 3260 965 3327 Stromatis
986 3268 1019 3327 et
1039 3259 1189 3326 Laertius
1210 3257 1384 3340 Diogenes.
1406 3275 1471 3339 quo

107 3350 287 3437 pretiosior
308 3352 361 3419 hic
377 3351 571 3438 Opinionum
592 3357 666 3425 fons
688 3369 747 3448 est,
770 3383 809 3429 eo
833 3363 936 3446 magis
957 3383 1000 3429 ne
1020 3361 1208 3428 futtihssimi
1222 3360 1369 3425 Vitarum
1388 3376 1474 3424 com-

103 3453 220 3540 pendii
248 3461 404 3540 excerpta
429 3457 668 3527 confundantur
695 3463 875 3531 cavendum
904 3472 963 3532 est.
1007 3464 1158 3548 quocirca
1184 3462 1350 3546 utriusque
1372 3459 1471 3525 fontis

103 3557 170 3624 hoc
193 3557 368 3624 discrimen
391 3565 499 3626 statuo

240 3659 387 3725 vitarum
409 3664 633 3747 compendium
788 3682 792 3763 p
933 3668 1181 3752 Theophrastea
1202 3674 1355 3751 excerpta

102 3782 132 3827 c.
152 3765 169 3826 1

101 3884 132 3930 α
149 3864 170 3928 2

101 3985 134 4031 c.
149 3967 170 4032 3

101 4088 133 4134 c.
148 4069 171 4133 4

101 4192 131 4237 c.
147 4173 170 4236 5

100 4297 129 4341 a.
146 4276 169 4339 6
189 4284 205 4336 ‘l
228 4274 543 4357 οὖτος-ὀλυμπιάδας
817 4296 844 4341 s.
861 4278 881 4339 6
906 4284 972 4336 1-t
994 4276 1116 4359 νεφέλας

100 4381 165 4444 αῖ
188 4387 204 4439 9
817 4378 878 4442 al
906 4386 973 4438 1-8

99 4481 167 4546 c.8
194 4488 226 4542 13
817 4503 843 4547 o.
860 4481 880 4545 8
906 4489 988 4541 1-12

816 4604 842 4648 c.
859 4584 879 4647 9

97 4707 126 4752 c.
146 4687 190 4751 10
209 4696 221 4748 1

817 4807 843 4852 c.
865 4789 903 4852 11

818 4909 844 4955 c.
862 4891 902 4956 12
