3442 5588
385 367 581 421 HIPPOLYTI
599 366 963 419 PHILOSOPHUMENON
983 364 1067 415 78--9
1078 363 1144 417 θην
1381 364 1442 426 561

129 536 333 620 [πυκνότατον]
349 537 460 606 λίθους.
499 537 575 599 ὥστε
596 536 633 599 τὰ
648 537 812 620 κυριώτατα
828 540 881 619 τῆς
897 534 1037 617 γενέσεως
1060 535 1175 598 ἐναντία
1195 533 1268 597 εἶναι
1284 531 1392 617 θερμόν

129 663 162 704 τε
187 640 234 704 καὶ
262 639 384 725 ψυχρόν.
536 639 588 721 τὴν
615 639 648 700 δὲ
674 643 728 721 γῆν
756 640 893 701 πλατεῖαν
921 637 993 701 εἶναι
1021 636 1066 699 ἐπ’
1100 636 1186 721 ἀέρος
1215 635 1425 722 όχουμένην,1

130 745 240 825 ὁμοίως
273 744 307 806 δέ
342 741 389 805 καὶ
422 741 505 824 ἥλιον
542 740 591 802 καί
628 741 751 824 σελήνην
786 740 834 803 καὶ
866 739 904 802 τὰ
938 739 1013 803 ἄλλα
1041 739 1132 824 ἄστρα
1164 740 1258 802 πάντα
1290 738 1394 822 πύρινα

129 843 198 908 όντα
220 844 394 930 ἐποχεῖσθαι
415 848 458 928 τῷ
482 841 544 926 ἀέρι
568 842 616 905 διὰ
639 843 756 912 πλάτος.
907 841 1050 924 γεγονέναι
1074 842 1106 905 δὲ
1128 842 1164 905 τὰ
1183 841 1275 925 ἄστρα
1290 840 1324 904 έκ
1338 847 1391 925 γῆς
1410 848 1426 902 5

97 969 110 1003 ο
129 948 234 1018 διὰτὸ
257 948 309 1031 τὴν
333 947 441 1028 ἰκμάδα
463 943 497 1007 ἐκ
518 944 626 1028 ταύτης
647 944 830 1021 ἀνίστασθαι,
853 944 889 1028 ἧς
911 945 1104 1028 ἀραιουμένης
1124 943 1158 1006 τό
1181 948 1238 1028 πῦρ
1253 943 1393 1026 γίνεσθαι,

129 1051 163 1113 ἐκ
190 1051 223 1112 δὲ
250 1054 302 1112 τοῦ
329 1049 419 1132 πυρὸς
448 1046 694 1132 μετεωριζομένοο
716 1049 784 1119 τοὺς
806 1047 929 1131 ἀστέρας
951 1047 1149 1111 συνίστασθαι.
1193 1045 1265 1110 εἶναι
1289 1047 1391 1111 δὲκαὶ

129 1154 246 1236 γεώδεις
261 1153 362 1236 φύσεις
376 1150 406 1213 ἐν
421 1155 463 1235 τῷ
480 1148 563 1234 τόπῳ
578 1155 637 1213 τῶν
652 1151 781 1234 ἀστέρων
797 1149 1082 1235 συμπεριφερομένας
1097 1148 1226 1218 ἐκείνοις.
1356 1150 1390 1213 ού
1410 1160 1426 1211 6

130 1254 272 1319 κινεῖσθαι
295 1255 327 1317 δὲ
343 1253 400 1316 ύπδ
414 1257 468 1335 γῆν
490 1253 527 1316 τὰ
548 1251 640 1335 ἄστρα
661 1251 749 1334 λέγει,
771 1251 873 1322 καθῶς
895 1253 987 1337 έτεροι
1009 1253 1213 1336 ὑπειλήφασιν,
1233 1252 1308 1314 ἀλλὰ
1328 1253 1392 1337 περὶ

128 1363 193 1440 γῆν,
216 1356 341 1439 ῶσπερεὶ
364 1357 428 1439 περί
450 1356 502 1439 τὴν
526 1355 668 1439 ἡμετέραν
691 1356 821 1440 κεφαλὴν
843 1354 995 1440 στρέφεται
1017 1355 1050 1418 τὸ
1074 1354 1178 1418 πιλίον.
1216 1355 1395 1439 κρύπτεσθαί

89 1480 114 1519 ιο
131 1483 163 1524 τε
184 1460 234 1523 τὸν
256 1461 339 1544 ἥλιον
362 1459 419 1543 οὐχ
442 1457 499 1521 ύπδ
522 1462 575 1540 γῆν
597 1457 764 1540 γενόμενον,
792 1457 857 1522 ἀλλ’
885 1458 942 1520 ύπὸ
971 1462 1030 1521 τῶν
1058 1461 1110 1541 τῆς
1130 1463 1184 1540 γῆς
1207 1458 1394 1543 ὑψηλοτέρων

129 1568 226 1647 μερῶν
249 1561 425 1644 σκεπόμενον
453 1562 501 1623 καὶ
529 1561 578 1623 διὰ
602 1561 656 1644 τὴν
683 1561 803 1624 πλείονα
824 1563 910 1645 ἡμῶν
933 1559 1022 1623 αὐτοῦ
1044 1559 1200 1643 γενομένην
1222 1560 1392 1625 ἀπόστασιν.

127 1666 164 1728 τὰ
187 1666 220 1727 δὲ
241 1665 332 1749 ἄστρα
355 1665 396 1747 μὴ
419 1664 583 1749 θερμαίνειν
607 1663 655 1727 διὰ
677 1664 710 1726 τό
734 1669 827 1748 μῆκος
848 1668 900 1746 τῆς
922 1664 1123 1734 ἀποστάσεως.
1266 1664 1390 1747 ἀνέμους
1409 1677 1425 1728 'l

132 1768 164 1830 δὲ
186 1769 350 1849 γεννᾶσθαι,
374 1769 442 1831 όταν
456 1765 741 1848 ’γέκπεπυκνωμένος
756 1768 773 1830 ό
788 1767 847 1849 ἀὴρ
868 1766 1027 1850 ἀραιωθεὶς
1045 1767 1182 1850 φέρηται·
1206 1767 1394 1838 συνελθόντος

128 1871 230 1934 δὲκαὶ
253 1870 300 1932 ἐπὶ
324 1873 421 1934 πλεῖον
444 1871 643 1957 παχυνθέντος
664 1869 738 1954 νέφη
761 1868 915 1951 γεννᾶσθαι
938 1870 986 1932 καὶ
1017 1868 1109 1937 οὕτως
1135 1868 1176 1937 είς
1204 1868 1281 1953 ύδωρ
1309 1894 1392 1953 μεια-

85 1992 110 2029 ¹⁵
128 1975 253 2058 βσλλειν.
298 1976 430 2059 χάλαζαν
458 1975 491 2036 δὲ
516 1973 661 2056 γίνεσθαι,
687 1971 756 2036 όταν
785 1972 843 2034 ἀπὸ
872 1978 930 2035 τῶν
956 1977 1053 2056 νεφῶν
1075 1971 1108 2033 τὸ
1133 1970 1211 2054 ύδωρ
1234 1974 1392 2058 καταφερό-

127 2100 211 2159 μενον
233 2079 328 2159 will·
352 2076 438 2162 χιόνα
460 2076 503 2152 δέ,
527 2076 595 2140 όταν
617 2075 693 2138 αύτά
713 2078 804 2137 ταῦτα
827 2074 996 2159 ένογρότερα
1020 2071 1088 2138 όντα
1111 2071 1195 2156 πῆξιν
1217 2076 1310 2160 λάβη·

170 2181 320 2264 ἀστραπὴν
343 2177 385 2256 δ’,
413 2179 481 2243 όταν
510 2179 547 2240 τά
572 2177 646 2262 νέφη
673 2178 814 2259 διιστῆται
843 2176 892 2261 βία
914 2177 1100 2259 πνευμάτων·
1130 2176 1240 2240 τούτων
1262 2177 1317 2262 γάρ
1339 2181 1388 2242 διι-
1407 2172 1447 2243 8‘

129 2282 278 2365 σταμένων
309 2281 443 2365 λαμπρὰν
472 2282 520 2344 καλ
547 2282 668 2364 πυρώδη
700 2279 831 2362 γίνεσθαι
858 2281 911 2363 τὴν
937 2279 1040 2363 αὐγήν.
1088 2277 1144 2363 ίριν
1175 2280 1208 2342 δὲ
1236 2281 1391 2362 γεννᾶσθαι

123 2389 184 2447 τῶν
207 2387 337 2468 ἡλιακῶν
359 2384 456 2466 αύγῶν
479 2384 520 2453 είς
548 2383 621 2467 ἀέρα
645 2388 810 2447 συνεστῶτα
837 2388 1017 2445 πιπτουσῶν·
1052 2383 1170 2464 σεισμὸν
1199 2382 1233 2444 δὲ
1264 2388 1317 2467 τῆς
1339 2390 1392 2469 γῆς

84 2506 109 2543 εν
128 2487 174 2551 ἐπὶ
197 2490 295 2549 πλεῖον
318 2487 527 2570 ἀλλοιουμένης
550 2485 607 2549 ὑπὸ
631 2485 792 2571 θερμασίας
814 2485 862 2547 καὶ
885 2482 996 2568 ψύξεως
1148 2488 1240 2547 ταῦτα
1263 2485 1315 2567 μὲν
1338 2487 1389 2552 οὖν
1408 2499 1424 2550 9

122 2587 315 2672 Ἀναξιμένης.
364 2589 448 2658 οὖτος
481 2587 597 2674 ἤκμασε
625 2589 690 2673 περὶ
725 2585 790 2657 ἔτος
822 2591 936 2671 πρῶτον
970 2591 1023 2669 τῆς
1056 2591 1252 2670 πεντηκοστῆς
1286 2588 1392 2674 ὀγδόης

128 2693 315 2773 ὀλυμπιάδος.

212 2794 234 2858 8
278 2791 363 2856 Μετὰ
390 2797 491 2856 τοῦτον
513 2793 618 2876 γίνεται
638 2792 873 2877 Ἀναξαγόρας
895 2790 1109 2877 Ἡγησιβούλου
1137 2796 1154 2857 ό
1183 2792 1391 2876 Κλαζομένιος.

127 2896 209 2966 ούτος
232 2893 364 2981 ἔφητὴν
387 2897 493 2966 παντὸς
515 2899 611 2983 ἀρχὴν
633 2901 699 2960 νοῦν
722 2897 770 2959 καί
799 2895 884 2978 ύλην,
911 2897 961 2957 τὸν
990 2895 1041 2977 μὲν
1069 2900 1136 2960 νοῶν
1158 2903 1311 2975 ποιοῦντα,
1338 2900 1390 2982 τὴν

83 3019 108 3056 οε
127 2999 159 3062 δέ
181 3000 251 3082 ὕλην
274 2998 434 3082 γινομένην.
477 2997 568 3062 όντων
590 2999 650 3088 γὰρ
677 3000 792 3061 πάντων
820 2999 910 3080 όμοδ,
939 3001 1004 3066 νοός
1029 2997 1163 3063 ἐπελθὼν
1189 3001 1389 3084 διεκόσμησεν.

129 3103 180 3172 τὰς
202 3099 229 3164 δ’
249 3100 349 3171 ὑλικὰς
372 3101 466 3186 ἀρχὰς
481 3102 616 3186 ἀπείρους
632 3102 783 3186 ὑπάρχειν,
806 3101 888 3182 ‘sual
903 3100 954 3169 τάς
969 3101 1158 3185 σμικροτέρας
1174 3103 1271 3167 αὐτῶν
1286 3102 1391 3186 ἄπειρα

124 3204 212 3286 λέγει.
368 3205 508 3287 κινήσεως
530 3205 563 3266 δὲ
586 3204 717 3288 μετέχειν
739 3204 775 3267 τὰ
797 3206 890 3267 πάντα
911 3201 967 3266 ύπό
990 3225 1021 3265 τε
1041 3207 1092 3266 νοῶ
1120 3205 1274 3287 κινούμενα
1293 3208 1423 3268 novel-2

76 3480 90 3530 l
111 3476 267 3531 πυκνότατον
279 3478 312 3528 Βι
332 3480 410 3542 vulgo
426 3474 598 3528 πυκνότατον.
618 3479 702 3528 delevi
716 3475 731 3545 11
784 3477 1008 3547 ίκπτπυκνυιμάνος
1031 3481 1075 3530 vix
1097 3481 1210 3544 explices
1233 3478 1362 3532 densitate
1382 3482 1440 3545 pri·

74 3567 92 3618 2
117 3567 165 3635 τὴν
191 3563 288 3618 δί-’ί
313 3563 415 3621 ίκτίνοις
439 3581 494 3615 exe.
519 3565 595 3617 Codr.
629 3563 643 3631 ΙΙ
672 3564 732 3616 εἶναι
784 3575 861 3617 vatim
884 3577 913 3618 ut
935 3561 1125 3634 έξυγρανθίντος
1147 3585 1171 3632 ρ.
1185 3567 1274 3630 470,7
1300 3585 1347 3620 nee
1366 3571 1442 3620 simul

77 3670 129 3705 om.
154 3655 243 3704 Oedi:
262 3653 358 3703 hubent
381 3653 428 3704 ΒΟ
448 3669 513 3717 quos
532 3656 647 3704 omittere
665 3654 732 3704 1ε1εο
786 3649 918 3723 ἀραιωθεὶς
945 3656 1006 3705 ferri
1034 3661 1126 3718 ροεεει.
1167 3650 1226 3705 όταν
1249 3654 1284 3712 είς
1307 3672 1440 3707 πεπυκνω-

77 3743 207 3793 εάοοτεοτ
221 3742 403 3803 Gottingensos
423 3735 438 3806 ΙΙ
458 3738 473 3791 3
493 3738 519 3791 δέ
537 3739 608 3809 ἥλιον
627 3743 703 3792 Cedr.
718 3736 733 3806 ΙΙ
787 3742 860 3810 μόνον
878 3741 926 3811 ἀὴρ
947 3744 1015 3793 coni.
1033 3742 1135 3792 Usener
1153 3742 1184 3792 ci.
1203 3758 1228 3806 ρ.
1243 3739 1303 3805 563,
1314 3740 1339 3794 3.
1365 3741 1380 3811 ΙΙ
1399 3743 1441 3812 ἀρ-

76 3827 221 3879 alna-4
236 3826 314 3896 ἀστροι
328 3829 409 3877 οιαΤ
426 3823 439 3892 ΙΙ
455 3829 535 3879 πάντα
545 3828 591 3897 γὰρ
600 3830 671 3879 libri:
688 3828 735 3897 γὰρ
786 3826 840 3888 θεὶς
858 3831 943 3882 Ζε11ετ
961 3827 975 3897 ΙΙ
995 3823 1144 3880 συνελθόντα
1162 3830 1238 3880 libri:
1253 3846 1319 3880 corr.
1329 3831 1414 3881 Zeller
1426 3827 1440 3896 Η

75 3933 129 3967 υιο.
143 3916 219 3966 Οεάτ.
239 3910 253 3980 ΙΙ
272 3909 445 3982 ἐπιχεῖσθαιΟ
467 3913 482 3983 Η
500 3916 518 3967 4
536 3913 576 3967 διὰ
593 3913 621 3965 τὸ
634 3911 735 3972 πλάτος.
791 3918 822 3970 11
840 3912 985 3987 παχυθέντα
1005 3917 1095 3981 vulgo:
1116 3911 1273 3985 παχοθίντσς
1285 3919 1376 3969 Ζε11ετ.
1394 3934 1446 3969 πα-·

76 4003 162 4071 γέγονε
174 4002 251 4052 Οεάτ.
263 3997 276 4068 ΙΙ
291 4000 383 4054 όὲκ-
395 3998 553 4053 συνίστασθαι
564 4019 614 4053 om.
627 4002 704 4054 Οεάτ.
717 3997 733 4068 ΙΙ
786 4000 908 4074 χονθίντα
921 4004 1052 4057 salvinius
1072 3998 1085 4069 ΙΙ
1108 4003 1140 4054 17
1159 4000 1278 4055 διίσταται
1295 4006 1354 4057 libri
1373 4000 1388 4071 Η
1408 4003 1440 4056 21

77 4087 353 4157 ’ίσυμπιριφερομένας
366 4089 442 4140 Cedr.
455 4092 486 4140 cl.
500 4107 524 4154 p.
543 4088 653 4152 56216:
672 4102 733 4156 ανμ·
785 4096 900 4161 πρῶτονι
929 4107 1018 4143 verum
1048 4099 1087 4142 εει
1118 4089 1203 4160 τρίτον
1232 4095 1263 4143 ci.
1293 4094 1361 4144 Μυε.
1392 4093 1442 4144 ssh.

77 4175 216 4244 φερομένας
234 4177 293 4227 libri
313 4172 326 4242 ΙΙ
347 4176 363 4228 9
383 4173 532 4243 στέφεταιΒ
554 4173 566 4245 ΙΙ
587 4174 733 4244 πηλεῖονΤι
787 4181 882 4231 XXXI
893 4177 928 4231 27
949 4174 962 4245 ΙΙ
982 4175 1443 4248 13πιριάναῑαγόροοοιρεηιήυιι

79 4262 174 4316 πιλιῖον
187 4265 221 4315 C:
240 4279 307 4314 corr.
320 4265 457 4327 Menagius
478 4259 491 4329 ΙΙ
514 4263 545 4316 10
564 4281 591 4316 τι
610 4281 660 4316 om.
674 4266 696 4315 B
719 4260 733 4330 Η
785 4269 807 4318 Β
828 4262 842 4332 ΙΙ
861 4264 1028 4335 ηγησιφόντου
1040 4268 1063 4318 Τ
1077 4263 1091 4334 ΙΙ
1110 4264 1270 4335 τιλυζομάνιος
1283 4268 1305 4318 Β
1319 4265 1332 4335 ΙΙ
1347 4267 1381 4321 24
1394 4267 1442 4338 τὴν

82 4353 113 4406 11
134 4357 230 4423 μερῶνι
252 4353 300 4402 fuit
320 4367 378 4402 cum
399 4353 502 4402 mallem
525 4349 599 4421 ὀρῶν.
618 4355 735 4404 similitor
784 4358 830 4406 τοῦ
849 4352 980 4411 wrm
1005 4351 1018 4421 ll
1046 4352 1441 4407 νν.24.158υ1(1εεθοεειιλο

81 4439 237 4510 παραφράζει
248 4444 283 4492 L:
302 4436 351 4490 ὐπὸ
362 4443 416 4490 τῶν
428 4436 596 4508 ὑψηλοτάτων
610 4436 684 4508 ἀρῶν.
709 4448 736 4491 εν
786 4446 897 4495 intexuit
916 4442 992 4494 cedi.
1013 4438 1027 4509 ΙΙ
1048 4439 1082 4495 25
1101 4439 1221 4512 ὁμοφυῶν
1239 4440 1253 4494 δ
1271 4443 1347 4495 Cedr.
1374 4440 1388 4511 ΙΙ
1407 4441 1441 4496 26

77 4530 200 4594 intellege
219 4537 304 4594 ρετεεε
327 4530 548 4592 septemtrionales
576 4530 607 4578 cl.
626 4531 734 4579 Aristot.
786 4527 906 4599 ὑπάρχειν
934 4528 978 4580 καὶ
1009 4524 1107 4597 πλῆθος
1133 4529 1177 4580 κα1
1205 4529 1368 4599 σμικρότητα.
1399 4531 1443 4582 καὶ

81 4618 192 4668 Meteon
217 4615 276 4666 111
299 4633 325 4681 p.
338 4613 449 4668 354·28
472 4613 514 4666 τὸν
537 4612 607 4682 ἥλιον
631 4614 667 4684 μὴ
690 4615 734 4684 φέ·
786 4618 819 4670 τὰ
836 4615 986 4686 σμικρότερα
1005 4617 1051 4687 γὰρ
1070 4615 1159 4687 ἄπειρα
1176 4614 1241 4684 λέγει
1260 4617 1442 4684 Gottingenm

78 4698 165 4771 ρεσθαι
187 4700 236 4754 θπό
254 4706 312 4771 γῆν,
338 4700 402 4754 ἀλλά
423 4703 479 4771 περὶ
496 4705 543 4771 τῆν
566 4706 612 4771 γῆν
630 4704 674 4755 καὶ
692 4700 735 4755 τόν
787 4708 855 4757 conl.
874 4704 964 4770 Simpl.
984 4707 1011 4755 in
1030 4702 1237 4769 phys.f.33v17
1261 4706 1292 4756 ei.
1310 4709 1390 4758 Arist
1409 4708 1442 4758 ἀε

77 4788 156 4842 τύπον
174 4793 270 4852 τοῦτον,
290 4787 451 4857 ἀφανίζεσθαι
469 4788 496 4841 δέ
511 4791 555 4841 καὶ
568 4795 645 4842 ποιεῖν
657 4788 736 4842 νύκτα
788 4807 846 4857 gen.
865 4794 879 4843 1
896 4791 915 4845 8
930 4810 956 4858 ρ.
969 4788 1080 4845 335130
1098 4793 1167 4843 undo
1184 4795 1363 4845 verisimilius
1380 4795 1443 4844 talla

79 4876 119 4928 διὰ
137 4876 166 4929 τό
185 4876 284 4946 ύψηλὴν
308 4877 367 4928 εἶναι
392 4876 451 4945 πρός
475 4875 567 4947 ἀρκτον
590 4881 636 4947 την
654 4882 700 4947 γῆν
721 4874 735 4946 ΙΙ
789 4880 913 4931 rescribes
921 4879 965 4930 καλ
974 4878 1041 4931 κατά
1049 4877 1096 4947 τὴν
1105 4876 1443 4950 σμικράτητααύτῶνάπειρα

81 4966 115 5018 13
135 4966 358 5032 ἐκπιπυκνωμένος
378 4969 435 5018 BC:
456 4966 685 5036 ἐκπεπυκνιυμένης
701 4970 737 5018 T:
789 4965 855 5035 λέγει
874 4963 888 5035 ΙΙ
908 4965 941 5019 27
960 4965 1008 5019 ὑπό
1026 4983 1053 5018 τε
1073 4967 1185 5018 Usener:
1205 4964 1253 5018 θπό
1271 4970 1316 5019 τού
1335 4971 1413 5033 vulgo

132 5080 224 5128 Dlolu,
243 5081 386 5131 υοιοςτιρλὶ
405 5081 486 5129 graeei.
1148 5052 1190 5117 36
