3442 5588
726 319 1003 370 rsonnconnus
1478 320 1541 384 219

177 503 302 570 umus,
323 486 412 551 haud
435 487 533 571 paulo
557 487 736 571 praestat¹
773 487 831 552 sed
854 486 963 551 omnia
984 488 1066 553 haec
1093 508 1188 570 quam
1210 488 1333 552 incerta
1356 488 1419 555 sint
1441 490 1543 571 vides,

178 604 254 651 oum
277 587 396 654 erroris
418 589 507 671 origo
530 609 646 674 parum
667 585 764 653 facile
786 588 975 671 explicetur.
1017 589 1153 655 forsitan
1175 589 1300 654 litteras
1322 592 1438 657 saltem
1460 591 1543 675 quis-

178 687 270 770 piam
294 689 355 756 hoc
375 692 472 756 modo
495 698 642 758 servatas
664 688 753 755 velit.
788 697 916 755 constat
937 691 971 756 in
987 691 1241 777 Theophrasteis
1263 692 1369 775 prisca
1383 693 1543 787 uocabula

180 790 273 856 velut
299 791 440 858 nobilem
468 793 656 876 aeruginem
685 791 846 858 interdum
874 793 1020 878 retineri,
1049 796 1138 860 velut
1165 793 1199 858 in
1220 792 1259 858 fr.
1282 792 1323 858 de
1348 812 1445 859 sensu
1466 798 1544 874 §ab

180 890 390 960 Democritea
405 897 659 981 ὁμοιοσχηρονεῖν,
681 896 722 959 51
739 895 929 978 θρύπτεσθαι,
951 899 993 961 55
1008 899 1061 962 vel
1078 895 1217 961 ionicam
1232 894 1368 982 formam
1388 898 1543 979 δισμίμνει.

180 992 331 1060 similiter
353 1016 394 1062 ex
409 997 652 1063 Anaximandro
676 996 776 1082 Phys.
793 1017 845 1081 op.
867 998 943 1064 ini
965 1000 1014 1064 καὶ
1036 1002 1088 1083 τὴν
1110 997 1290 1084 φθορὰν...
1306 998 1434 1080 γίνεσθαι
1458 1000 1544 1062 κατὰ

180 1098 221 1160 τὸ
244 1101 372 1182 χρεών,
399 1101 531 1164 διδόναι
553 1101 616 1183 γὰρ
638 1100 728 1163 αὐτὰ
749 1100 848 1182 δίκην
871 1102 927 1163 καὶ
951 1104 1040 1166 τίσιν
1064 1103 1234 1185 ἀλλήλοις
1255 1105 1317 1184 τῆς
1340 1101 1542 1170 ἀδικίας...

180 1201 418 1286 ποιρσκωτέροις
440 1202 533 1271 οὕτως
556 1203 692 1284 ὀνόμασιν
707 1202 782 1266 αὐτὰ
796 1202 899 1284 λέγων.
934 1204 1054 1287 quidni,
1076 1201 1200 1285 inquiet
1218 1199 1290 1284 iste,
1313 1202 1448 1285 antiqua
1463 1203 1544 1268 haec

180 1303 273 1387 λιῦέῃ
284 1303 357 1368 κίονι
364 1303 536 1370 Homerico
550 1303 717 1387 exemplo²
731 1302 1015 1371 inAnaximandro
1028 1306 1149 1389 scripta
1160 1303 1259 1368 luisse
1269 1304 1447 1389 credamus,
1459 1324 1544 1388 quse

180 1405 227 1471 ad
247 1407 416 1490 vulgarem
438 1405 543 1488 magis
564 1426 657 1471 usum
679 1404 923 1489 Theophrastus
946 1408 1136 1475 transferret
1157 1408 1233 1491 ltthi
1258 1407 1351 1470 siout?
1377 1408 1436 1472 sed
1456 1408 1544 1491 piget

180 1507 234 1573 his
248 1507 393 1576 artificiis
407 1507 528 1574 diutius
551 1527 680 1574 vacare.
708 1513 880 1591 utcumque
905 1515 938 1576 te
953 1508 1168 1593 expediveris,
1191 1507 1273 1573 mira
1288 1516 1417 1574 constat
1431 1510 1489 1574 illa
1504 1530 1543 1575 ex

182 1609 411 1696 Theophrasto
430 1610 628 1676 Placitorum
645 1609 878 1695 Hippolytique
901 1611 1082 1696 consensio,
1105 1631 1189 1694 quae
1212 1617 1305 1676 tanta
1327 1617 1386 1693 est,
1409 1617 1444 1676 ut
1458 1611 1543 1676 Attii

181 1712 334 1780 hennam
357 1714 432 1780 hinc
453 1719 542 1779 certo
565 1711 671 1797 possis
692 1711 858 1778 resarcire.
903 1712 1155 1778 continuandum
1179 1720 1229 1778 est
1252 1712 1339 1780 enim
1360 1735 1400 1780 ex
1423 1715 1544 1799 Hippo-

180 1816 252 1900 lyto
275 1821 335 1882 τῶν
357 1817 502 1881 ἐπιπέδων
525 1815 551 1902 qi
577 1816 629 1899 μὲν
652 1815 865 1900 ἐπιβεβήκοιρεν
891 1818 907 1880 ὃ
930 1818 963 1879 δὲ
986 1817 1133 1880 ἀντίθετον
1157 1819 1294 1902 ὑπάρχει.

271 1917 488 2002 Theophrasti
521 1938 637 2002 corpus
669 1936 736 1981 non
769 1915 902 1982 dubium
932 1924 998 2001 est,
1032 1918 1110 2002 quin
1136 1918 1171 1982 in
1198 1918 1316 1984 Ionicis
1342 1917 1544 2002 philosophis

183 2041 321 2105 quorum
343 2019 464 2103 scripte
484 2019 554 2086 iere
576 2018 767 2085 interierant
794 2019 846 2084 vel
868 2021 1018 2103 neglecta
1045 2019 1196 2086 iacebant
1215 2021 1240 2103 ³,
1269 2019 1342 2084 lons
1364 2020 1461 2086 luerit
1482 2020 1544 2103 pri-

182 2121 315 2189 marius
338 2122 425 2189 idem
448 2122 491 2189 ds
505 2121 712 2206 Xenophane
726 2121 849 2203 liquido
865 2128 1002 2206 constat,
1026 2123 1093 2189 veri
1110 2123 1214 2189 simile
1229 2128 1279 2188 est
1293 2122 1336 2188 de
1350 2121 1545 2187 Parmenidc

182 2224 316 2291 hlelisse
339 2226 471 2292 Zenone
492 2224 659 2308 Leucippo
675 2222 861 2289 Democrito
878 2225 1063 2291 Metrodoro
1080 2225 1171 2290 Chio.
1206 2243 1399 2308 quamquam
1422 2224 1463 2290 de
1478 2230 1544 2289 ato-

182 2346 310 2393 morum
340 2326 527 2395 doctoribus
558 2333 608 2394 est
636 2325 722 2410 quod
753 2325 891 2393 dubites.
936 2348 1042 2411 neque
1070 2328 1154 2394 enim
1184 2347 1319 2410 usquam
1346 2333 1413 2390 tam
1445 2345 1545 2408 saepe

184 2429 274 2497 dedit
296 2430 436 2515 scriptor
456 2428 605 2496 inscitiae
626 2446 751 2513 poenas
774 2448 871 2512 quam
892 2430 928 2495 in
950 2431 1076 2495 illorum
1105 2429 1275 2512 dogmatis.
1309 2449 1374 2494 non
1399 2427 1543 2510 urguebo

183 2533 362 2600 Democriti
391 2533 542 2616 ingentes
569 2537 696 2597 atomos
726 2549 807 2613 quas
829 2531 845 2596 I
868 2534 944 2597 126
971 2531 1105 2614 profert:
1144 2535 1263 2596 δυνατὸν
1292 2531 1364 2596 εἶναι
1392 2531 1544 2614 respicias

184 2637 327 2722 ὑπάρχειν
348 2636 466 2719 ἄτομον.
500 2653 576 2699 nam
599 2632 717 2700 erroris
739 2632 861 2698 socium
883 2634 983 2700 habet
998 2633 1190 2718 Dionysium
1213 2635 1301 2718 apud
1323 2634 1440 2699 Euseb.
1459 2634 1495 2698 P.
1507 2633 1544 2697 E.

182 2738 259 2806 XIV
280 2739 324 2804 23
343 2739 399 2801 3.⁴
435 2754 542 2820 neque
568 2737 656 2802 solus
683 2737 794 2819 lapsus
823 2741 872 2800 est
898 2734 1017 2802 ibidem
1044 2737 1081 2800 τὰ
1108 2743 1210 2821 πρῶτα
1232 2740 1355 2818 σώματα
1383 2738 1469 2820 βάρος
1491 2737 1545 2799 οὐκ

181 2839 274 2927 ἔχειν,
297 2842 441 2905 κινεῖσθαι
462 2841 495 2904 δὲ
517 2838 580 2902 κατ’
607 2839 820 2923 ἀλληλοτυπίαν
843 2840 872 2902 ἐν
894 2846 937 2926 τῷ
961 2840 1084 2924 ἀπείρῳ,
1107 2839 1193 2922 quod
1215 2839 1413 2922 repetiit13
1438 2849 1469 2900 18
1489 2839 1545 2921 Δη·

179 2945 321 3029 ρότιριτος
343 2944 396 3026 μὲν
418 2943 472 3026 γὰρ
495 2939 576 3024 ἔλεγε
597 2943 649 3006 δύο
673 2942 797 3025 μέγεθός
819 2966 850 3005 τε
872 2944 920 3005 καὶ
943 2948 1064 3028 σχῆμα,
1087 2945 1103 3006 h
1126 2941 1151 3004 δ’
1175 2941 1342 3027 Ἐπίκουρος
1364 2942 1474 3010 τούτοις
1497 2942 1544 3004 καὶ

177 3047 276 3131 τρίτον
300 3047 387 3131 βάρος
409 3043 603 3128 προσέθηκεν.
643 3043 677 3108 in
705 3044 819 3111 eodem
842 3050 950 3110 sutem
973 3065 1083 3111 errore
1106 3052 1156 3112 est
1178 3044 1291 3113 Cicero
1313 3042 1545 3110 uolutauit

175 3151 244 3214 vin
274 3159 375 3213 metue
401 3147 553 3210 bubeium
580 3143 715 3231 (atomi)
744 3166 765 3209 u
796 3148 972 3210 Democrito
1001 3150 1195 3228 impulsionis
1222 3169 1313 3230 quum
1339 3148 1466 3228 plepem
1494 3148 1546 3208 ille

180 3253 334 3334 appellet,
356 3271 377 3314 u
394 3260 432 3327 te,
447 3250 592 3331 Epicure,
606 3252 776 3331 prauitatis
792 3261 819 3312 et
834 3251 993 3330 pcudem'a
1026 3250 1065 3315 cs.
1088 3249 1248 3316 Alexand.
1264 3249 1308 3313 ad
1322 3247 1466 3331 Metaph.
1481 3247 1510 3312 A
1525 3250 1546 3312 4

182 3376 215 3441 p.
224 3355 265 3420 27
269 3403 277 3439 ‚
294 3354 337 3420 25
348 3351 385 3418 B.
413 3351 490 3436 quid
506 3372 584 3418 vero
600 3351 730 3418 homine
751 3351 852 3417 iacias
868 3352 922 3434 qui
942 3352 1156 3436 principatum
1178 3350 1277 3416 animi
1299 3370 1372 3417 esse
1387 3350 1546 3415 sentiendi

184 3463 364 3542 expertem,
388 3474 519 3520 sensnm
541 3455 628 3520 intra
648 3460 753 3519 tectas
776 3454 921 3537 corporis
942 3459 1052 3538 partes
1078 3453 1256 3519 consistere
1277 3453 1448 3519 docentem
1469 3451 1547 3517 facit

254 3694 263 3726 ¹
284 3710 352 3761 qnae
378 3697 401 3746 si
428 3711 490 3746 vcra
517 3705 556 3746 est
577 3697 667 3756 lectio,
691 3696 854 3747 Plutarcheis
881 3696 1019 3747 Strcmatis
1043 3699 1130 3760 atique
1155 3699 1301 3748 accuratior
1319 3706 1421 3761 praesto
1440 3706 1495 3745 crat
1513 3713 1546 3746 ex

186 3785 367 3850 Theophrasto
390 3785 521 3833 memoria.
549 3797 632 3846 neque
655 3786 723 3833 enim
748 3783 933 3848 spondylorum
956 3788 1137 3850 proportiones
1163 3787 1308 3835 architectis
1331 3787 1368 3834 ita
1387 3784 1546 3844 constabant,

187 3879 305 3922 asserta
328 3870 389 3920 inde
411 3870 477 3920 efflei
501 3880 588 3934 posset
610 3887 778 3922 numerorum
803 3873 951 3937 descriptio.
983 3862 1278 3936 Parthencnis'quidem
1295 3875 1429 3923 columnae
1448 3889 1462 3920 e
1483 3873 1546 3921 duo·

186 3959 252 4009 denis
276 3957 420 4024 spondylis,
437 3965 580 4008 emundas
594 3969 666 4020 sunt;
689 3960 734 4010 sed
753 3960 817 4009 haec
836 3961 885 4009 tuit
904 3960 1048 4011 Penthelicl
1068 3961 1161 4025 lapidis
1180 3971 1272 4009 natura
1291 3970 1318 4009 ut
1336 3964 1385 4009 nisi
1404 3963 1430 4011 in
1449 3963 1548 4010 rninnta

185 4047 310 4112 htgmine
333 4045 407 4096 caedi
425 4060 479 4095 non
497 4056 585 4111 posset
603 4049 634 4097 ct.
653 4048 812 4097 Boetticheri
829 4048 927 4097 Tecti
943 4043 1001 4097 129.
1020 4059 1154 4112 praeterea
1174 4051 1240 4097 inter
1258 4064 1285 4096 se
1304 4050 1407 4098 minime
1426 4050 1546 4111 aequales

185 4143 237 4186 sunt
256 4136 290 4185 cf.
311 4134 449 4184 Michaelis
461 4134 613 4185 Parthenon
632 4137 727 4201 explic.
747 4151 771 4199 p.
786 4130 843 4184 114.
863 4133 924 4183 alibi
939 4143 1024 4184 autem
1037 4137 1103 4186 aliae
1116 4137 1168 4185 sere
1182 4138 1348 4185 inveniuntur
1359 4138 1546 4201 proportiones.

248 4218 262 4252 ²
282 4219 303 4287 ψ
322 4217 375 4271 202
395 4216 466 4288 βηλῷ
485 4217 525 4271 ἐπὶ
543 4216 628 4290 λιθέῳ,
647 4240 660 4271 ν
676 4219 724 4273 107
744 4219 807 4271 ἱστοὶ
824 4215 911 4270 λίθεοι.

251 4306 264 4341 ⁸
283 4308 403 4360 Thaletis
421 4309 472 4358 ism
484 4310 619 4360 Aristoteli
640 4312 767 4374 genuinus
781 4309 867 4358 nullus
886 4309 987 4358 libellus
1007 4313 1124 4374 cognitus
1142 4313 1219 4361 luisse
1240 4312 1348 4373 videtur,
1367 4312 1546 4376 Theophrasto

175 4399 238 4450 ltem
250 4398 345 4448 nullus
357 4403 459 4462 praeter
470 4398 624 4446 subditivsm
637 4396 757 4464 νσιινιιτιὴν
774 4392 941 4462 ἀστρολογίαν
960 4398 991 4446 cf.
1004 4398 1083 4461 Phys.
1096 4401 1166 4463 opin.
1186 4401 1217 4448 ir.
1234 4399 1255 4450 l.
1276 4400 1464 4450 Anaximandri
1483 4400 1548 4450 liber

174 4500 258 4550 quam
277 4502 353 4537 rarus
370 4486 447 4535 fucrit
464 4487 515 4534 iam
528 4486 767 4535 Alexandrinorum
786 4484 962 4548 temporibus,
981 4485 1041 4533 inde
1060 4486 1175 4549 colligas,
1195 4488 1264 4548 {qnod
1278 4487 1454 4551 Apollodorus
1473 4487 1546 4535 chro-

174 4578 301 4625 nicorum
320 4574 437 4638 scriptor,
457 4573 651 4623 Alexandrinae
671 4573 843 4622 bibliothecae
868 4574 956 4623 accola
975 4575 1001 4623 in
1021 4574 1093 4622 illum
1112 4584 1242 4637 tamqnam
1263 4572 1364 4641 ἕρμαιον
1382 4591 1409 4623 se
1429 4575 1546 4623 incidisse

175 4670 271 4712 namt
288 4662 375 4711 lauert.
388 4656 446 4710 112
465 4656 508 4721 [ei.
529 4660 597 4710 Mus.
617 4661 700 4710 Rhen.
721 4661 813 4710 XXXl
832 4658 886 4724 24].

255 4747 268 4778 ⁴
285 4750 318 4798 ei.
336 4750 422 4798 Laert.
435 4748 462 4798 X
474 4745 508 4798 43
526 4746 547 4798 el
566 4747 602 4815 μὴ
622 4745 705 4813 μέλλει
724 4763 760 4803 τις
780 4748 823 4797 τισὶ
841 4753 893 4804 τοῖς
911 4745 1038 4816 μεγέθεσιν
1057 4745 1144 4805 ἁπλῶς
1163 4749 1195 4805 εἰς
1214 4747 1313 4817 ἄπειρον
1332 4747 1409 4805 αὑτὰς
1427 4750 1547 4811 (atomos)

187 4832 323 4900 λιβάλλιιν.
351 4836 420 4886 haud
446 4838 501 4885 scio
524 4850 558 4886 an
584 4840 702 4900 imperties
727 4835 859 4898 quaedum
881 4836 1009 4903 inrupisset
1036 4842 1175 4898 lentaeque
1198 4846 1225 4886 ut
1247 4836 1399 4886 uuiversum
1423 4835 1546 4886 muudum

198 4921 417 4988 complecterentur
436 4922 504 4989 [Cic.
523 4925 555 4973 de
575 4925 646 4974 decr.
665 4932 717 4973 nst.
737 4925 750 4973 I
769 4922 803 4974 43
824 4924 870 4989 lm]
889 4940 1002 4975 errorem
1021 4925 1135 4975 fecerint.
