3464 5586
264 321 328 384 252
559 323 652 371 xvm
688 322 738 370 De
759 320 897 371 ohaam
916 319 1088 370 HISTORIA
1106 319 1338 371 PHILOSOPHA

265 490 337 555 tori.
361 490 410 572 [P.
427 489 466 554 H.
482 489 554 554 165
577 490 644 559 τοὺς
667 492 793 572 μαλιστα
815 492 885 574 ἡμῖν
908 487 1122 559 ἀντιδοξοῦντας
1144 493 1193 553 νόν
1208 490 1398 571 δογματικοὺς
1412 489 1479 559 τοὺς
1495 490 1554 552 ἀπό
1572 494 1625 574 τῆς

265 592 381 674 Στοᾶς].
414 591 524 673 utique
545 591 738 657 remissioris
765 591 820 657 ille
850 590 978 658 Stoicus
999 589 1061 656 fuit
1088 590 1187 656 animi
1215 589 1305 656 cuius
1330 589 1516 656 testimonia
1540 590 1627 656 inira

236 713 439 777 popponem.
478 713 555 777 ergo
578 693 661 760 inter
684 694 830 760 Senecae
853 699 887 760 et
907 692 1143 758 Antoninorum
1164 698 1323 778 aetatem,
1346 693 1373 759 si
1395 692 1472 776 qnid
1493 691 1627 761 definire

236 778 350 880 lueet,
373 796 543 879 ponendus
565 795 635 862 ens.
669 796 722 862 aa
736 795 833 879 igitur
847 796 930 863 aaa
946 796 1073 863 careno
1095 795 1139 859 aa
1160 794 1425 860 manumisisse
1446 814 1492 860 a.
1508 796 1625 881 e-so,

264 898 350 964 idem
377 897 420 962 ad
443 917 488 963 cc.
505 899 546 963 22
569 904 602 964 et
624 900 665 964 23
688 898 774 981 qnod
801 896 892 964 Sexti
920 898 1095 963 similitudo
1122 896 1248 981 probat.
1280 916 1388 981 neque
1413 896 1525 963 dubito
1548 898 1626 982 quin

265 999 407 1065 indidem
434 1020 461 1064 c.
477 1001 519 1065 24
546 1021 611 1066 non
638 999 782 1083 vulgaris
808 1000 849 1066 de
877 1000 986 1066 anima
1016 997 1196 1066 lucubratio
1224 996 1352 1064 fluxerit
1379 998 1488 1066 Stoico
1516 1001 1626 1067 colore

266 1103 394 1187 penitus
416 1102 526 1168 tincta.
560 1103 604 1168 ad
626 1102 711 1168 hanc
734 1102 919 1186 opinionem
939 1123 1005 1168 non
1020 1102 1093 1166 leve
1109 1107 1305 1167 momentum
1321 1101 1425 1185 affert,
1449 1102 1535 1184 quod
1550 1103 1627 1166 Ter-

268 1204 423 1268 tullianus
444 1205 574 1288 apolog.
590 1206 630 1269 47
651 1205 657 1237 ¹
692 1203 801 1288 capita
823 1204 864 1270 de
889 1203 942 1270 dei
957 1210 1075 1269 natura
1098 1199 1183 1289 [ool.
1198 1223 1226 1269 c.
1239 1204 1280 1267 16
1295 1225 1326 1287 p.
1338 1201 1413 1290 241]
1436 1203 1468 1269 vi
1492 1201 1534 1290 [p.
1550 1200 1626 1288 242]

268 1306 356 1389 sede,
380 1312 446 1370 tum
469 1306 511 1372 de
532 1307 651 1372 mundo
674 1313 751 1372 nato
774 1306 928 1372 innatove
950 1305 1037 1388 [Gal.
1060 1326 1086 1372 c.
1105 1307 1158 1388 17]
1181 1305 1321 1388 deniqne
1340 1304 1382 1370 de
1397 1305 1525 1372 animae
1540 1311 1628 1371 statu

267 1411 307 1491 [c.
324 1410 378 1491 24]
409 1429 448 1474 ea
475 1408 600 1474 ratione
627 1415 813 1493 percenset,
845 1416 881 1474 ut
909 1429 982 1475 enm
1010 1408 1124 1474 eodem
1154 1406 1345 1491 compendio
1373 1427 1466 1474 nsum
1493 1407 1560 1475 veri
1587 1406 1627 1472 si·

265 1510 341 1576 mile
364 1511 415 1576 sit.

352 1614 453 1679 Multo
480 1613 623 1679 doctiore
652 1612 734 1678 libro
758 1612 952 1679 christianus
974 1619 1007 1680 et
1029 1613 1100 1697 ipse
1122 1612 1300 1698 Dionysius
1322 1612 1541 1679 Alexandriae
1562 1611 1630 1696 epi-

267 1736 383 1799 scopus
404 1736 480 1781 usus
496 1721 546 1781 est
568 1714 672 1798 quiin
694 1713 785 1779 libris
806 1717 871 1801 περὶ
894 1717 1018 1786 Φύσεως
1040 1722 1153 1783 contra
1167 1715 1344 1800 Epicureos
1365 1715 1519 1800 disputat.
1552 1714 1629 1780 inde

266 1817 425 1883 Eusebius
447 1819 483 1883 Ρ.
499 1819 536 1884 Ε.
552 1818 630 1883 XIV
649 1819 691 1882 23
718 1816 905 1883 memoriam
934 1818 1092 1903 servarit,
1121 1836 1205 1900 qnae
1233 1838 1305 1882 cnm
1336 1817 1445 1884 Stoico
1466 1816 1523 1882 illo
1547 1835 1630 1881 com-

268 1919 387 2002 pendio
409 1920 443 1984 in
466 1926 645 1984 atomorum
668 1917 905 2002 professoribus
926 1920 1006 1986 mire
1029 1921 1198 1986 consentit.
1231 1918 1317 1985 dabo
1339 1926 1485 1986 extrema
1505 1921 1545 1999 ἓξ
1562 1919 1630 1984 3.4

267 2022 373 2104 ταύτης
388 2022 421 2084 δὲ
435 2028 487 2106 τῆς
502 2021 587 2104 δόξης
599 2019 766 2106 Ἐπίκουρος
784 2023 916 2105 γεγόνασι
938 2026 986 2088 καὶ
1008 2024 1198 2108 Δημόκριτος.
1232 2027 1368 2087 τοσοῦτον
1392 2023 1424 2086 δὲ
1447 2025 1629 2107 διεφώνησαν

268 2127 336 2188 ὅσον
360 2128 376 2189 ό
400 2126 451 2208 μὲν
474 2125 630 2210 ἐλαχίστας
656 2125 751 2194 πόσας
777 2125 825 2188 καὶ
853 2127 901 2190 διὰ
930 2131 1017 2190 τοῦτο
1038 2127 1283 2210 ἀνεπαισθήτους,
1315 2127 1331 2190 ὁ
1358 2126 1391 2188 δὲ
1419 2125 1468 2188 καὶ
1496 2125 1630 2208 μεγίστας

267 2226 341 2290 εἶναι’
361 2251 438 2297 τινας
460 2228 586 2309 ἀτόμους
609 2229 625 2290 ὁ
647 2227 869 2311 Δημόκριτος
892 2229 1044 2314 ὑπέλαβεν.
1078 2229 1205 2311 ἀτόμους
1227 2229 1259 2291 δὲ
1281 2226 1355 2291 εἶναι’
1368 2249 1455 2313 φασιν
1470 2226 1629 2312 ἀμφότεροι

268 2331 315 2393 καὶ
343 2331 478 2412 λεήεσὶλαι
506 2330 553 2393 διά
578 2331 630 2413 τὴν
657 2329 760 2393 ἄλυτον
788 2331 973 2414 στερρότητα.
1006 2333 1033 2393 οἱ
1061 2332 1094 2394 δὲ
1122 2332 1174 2401 τὰς
1199 2331 1326 2414 ἀτόμους
1355 2327 1629 2413 μετονομάσαντες’

269 2434 363 2516 ἀμερῆ
386 2453 471 2517 φασιν
494 2431 566 2494 εἶναι
589 2435 712 2514 σώματα
734 2437 785 2496 τοῦ
809 2434 915 2502 παντὸς
943 2433 1017 2516 μέρη
1045 2432 1074 2502 ἐξ
1098 2434 1138 2496 ὧν
1161 2433 1331 2516 ἀδιαιρέτων
1354 2431 1445 2494 όντων
1467 2431 1630 2495 συντίθεται

268 2537 304 2598 τά
327 2537 419 2598 πάντα
442 2536 490 2597 καὶ
513 2535 554 2603 εἰς
574 2534 594 2596 ἀ
614 2535 770 2597 διαλύεται.
805 2535 852 2598 καλ
875 2536 984 2598 τούτων
1006 2536 1077 2620 φασὶ
1100 2540 1158 2598 τῶν
1181 2537 1297 2619 ἀμερῶν
1321 2535 1529 2617 όνοματοιτοιδν
1552 2533 1629 2597 Διό-

269 2639 377 2722 δωρον
399 2637 555 2720 ηεηονέναι.
590 2635 681 2718 ὄνομα
705 2637 748 2714 δέ,
769 2639 867 2721 φασίν,
889 2638 987 2706 αὐτοῖς
1009 2636 1081 2700 ἄλλο
1098 2637 1327 2722 Ἡρακλείδης
1349 2638 1471 2719 δέμενος
1493 2637 1630 2700 ἐκάλεσεν

269 2739 372 2821 ὄγκους
395 2739 461 2823 παρ’
490 2739 524 2804 οὔ
548 2740 596 2802 καὶ
616 2737 879 2822 Ἀσκληπιάδης
901 2742 917 2804 ό
942 2740 1038 2824 ἰατρὸς
1060 2740 1278 2825 ἐκληρονόμησε
1296 2741 1329 2802 τό
1345 2738 1447 2821 ὄνομα.
1481 2737 1630 2821 Dionysii

269 2841 311 2906 de
337 2840 521 2924 ingentibus
551 2841 726 2905 Democriti
755 2840 871 2906 atomis
903 2860 1044 2907 errorem
1078 2862 1177 2925 snpra
1210 2841 1366 2925 castigavi
1387 2862 1419 2925 p.
1435 2840 1528 2905 219⁴.
1571 2840 1630 2905 scd

270 2950 391 3027 quanta
413 2945 454 3009 sit
476 2943 545 3009 eius
567 2943 742 3009 similitudo
766 2965 838 3009 cnm
853 2944 909 3009 illo
926 2943 1117 3027 compendio
1134 2945 1352 3010 Democritum
1368 2944 1540 3028 Epicurum
1556 2942 1631 3006 Dio-

268 3046 381 3110 dorum
405 3044 611 3110 Heraclidem
635 3045 856 3129 Pythagoram
880 3046 1185 3131 comprehendente,
1208 3047 1368 3112 nemiuem
1391 3045 1502 3129 lugiet.

356 3147 447 3212 Alter
474 3147 556 3212 liber
583 3168 647 3228 quo
674 3147 756 3212 duce
783 3167 824 3212 ex
852 3148 995 3231 generali
1022 3149 1229 3234 physicorum
1256 3155 1410 3231 tanquam
1432 3147 1630 3232 promulside

269 3248 313 3312 ad
340 3249 511 3330 largiorem
545 3249 662 3333 dapem
694 3248 839 3314 Galenus
867 3250 1008 3315 traducit
1034 3258 1085 3317 est
1118 3251 1354 3317 Plutarchus
1387 3251 1433 3317 de
1466 3249 1629 3317 Placitis

271 3350 593 3435 philosophorum
628 3350 815 3435 physicis.
861 3353 946 3418 unde
978 3374 1050 3419 cum
1070 3355 1114 3419 'in
1146 3353 1306 3438 prioribus
1334 3373 1440 3437 panca
1472 3372 1630 3437 suspensa

271 3472 367 3516 mauu
401 3461 435 3517 ut
467 3453 707 3518 condimentum
739 3453 896 3537 adspersa
928 3456 993 3521 sint
1025 3456 1112 3542 (ab
1149 3457 1192 3521 20
1223 3455 1300 3541 21),
1335 3456 1400 3521 iarn
1427 3476 1448 3519 a
1475 3456 1559 3520 aaa
1586 3454 1629 3519 ad

270 3554 365 3619 finem
382 3555 573 3620 Plutarchus
594 3555 641 3620 ita
663 3562 787 3640 regnat,
810 3556 890 3621 nihil
913 3559 1002 3623 aliud
1025 3565 1060 3623 ut
1082 3564 1253 3641 praeterea
1270 3557 1427 3623 adscitum
1444 3577 1517 3623 esse
1531 3575 1629 3640 appa

271 3663 350 3722 reat.
386 3679 459 3721 uam
483 3658 624 3741 priorum
648 3658 840 3724 sententiam
864 3661 918 3743 qni
940 3662 1104 3745 propriam
1120 3661 1247 3726 Galeno
1270 3661 1399 3726 laudem
1422 3660 1455 3724 in
1478 3659 1529 3724 his
1545 3659 1631 3742 capi-

271 3759 355 3824 tibus
387 3761 552 3828 viudioare
586 3762 777 3847 studebant,
811 3772 884 3847 post
912 3762 1051 3829 Fabricii
1084 3771 1117 3830 et
1142 3764 1294 3830 Haerenii
1322 3762 1525 3828 coniecturas
1553 3760 1629 3825 olim

270 3863 456 3928 certissimis
483 3864 679 3947 argumentis
709 3864 856 3931 refutavi.
897 3886 962 3949 qua
987 3866 1112 3932 ratione
1137 3866 1170 3930 in
1193 3886 1233 3930 eo
1255 3864 1460 3947 compilando
1482 3869 1631 3929 versatus

271 3967 328 4049 sit,
358 3987 456 4050 supua
479 3966 744 4049 commonstrari,
774 3968 827 4032 uhi
857 3970 898 4034 de
921 3968 1116 4052 exemplaris
1138 3967 1322 4032 Plutarchei
1345 3965 1545 4051 praestantia
1568 3965 1629 4046 egi.

270 4089 333 4150 quo
356 4070 401 4134 ita
424 4090 516 4134 usum
539 4090 610 4136 esse
625 4075 726 4153 patet,
750 4077 785 4134 ut
801 4091 842 4136 ne
858 4070 990 4135 obrutus
1005 4070 1135 4154 quidem
1150 4071 1258 4136 aliena
1274 4069 1359 4134 mole
1375 4089 1435 4133 sua
1451 4068 1630 4133 immiscere

270 4170 442 4238 desineret.
478 4192 556 4239 sane
578 4194 652 4238 raro
674 4171 706 4235 id
729 4171 813 4237 bene
835 4173 965 4257 cecidit,
993 4173 1182 4256 plerumque
1205 4171 1355 4256 pessime.
1389 4191 1464 4236 uam
1488 4171 1556 4236 sive
1578 4191 1631 4235 en·

270 4275 409 4356 emplum
434 4275 550 4340 litteris
571 4275 676 4340 minus
698 4274 885 4358 compositis
904 4283 1070 4342 exaratum
1091 4273 1234 4340 habebat
1248 4273 1317 4339 sive
1332 4272 1474 4338 dementi
1489 4273 1630 4356 quadam

344 4464 400 4515 ¹cl.
423 4467 457 4515 ad
480 4468 578 4515 astion.
597 4467 652 4515 112
681 4467 748 4515 nude
774 4467 907 4516 arrdaciam
931 4467 1056 4516 orationis
1082 4462 1210 4529 Epicurei
1226 4463 1324 4527 [deum]
1344 4464 1453 4514 otiosam
1478 4472 1501 4514 ct
1527 4463 1629 4512 inexer-

270 4550 349 4599 citum
368 4561 392 4600 et
412 4560 440 4599 at
458 4550 497 4599 ito
516 4550 631 4601 disertos
650 4554 805 4602 ιιεοιὶιιειιι
824 4551 976 4601 lamoisio
995 4551 1091 4601 rebar
1112 4552 1176 4600 bene
1196 4555 1299 4601 tuearis.

343 4634 352 4666 ²
371 4638 581 4702 μετονομάσαντες
600 4648 666 4689 recte
685 4642 807 4700 CDFG,
826 4640 922 4700 vulgati
942 4639 1017 4688 codd.
1037 4637 1082 4706 μὲν
1095 4635 1259 4704 ὀνομάσαντες
1278 4636 1632 4689 ιιιιάοε11οσετε12ε11υι113

272 4721 340 4774 886³
363 4721 410 4772 aba
433 4720 605 4790 ὀνομάσαντες.
638 4728 783 4778 Diodorum
808 4727 902 4790 [Alex.
921 4727 955 4776 ad
975 4727 1053 4776 Arist.
1073 4726 1097 4775 d.
1116 4742 1183 4776 serre.
1203 4744 1228 4790 p.
1242 4723 1301 4786 257,
1321 4725 1361 4776 10.
1380 4724 1440 4786 366,
1456 4723 1550 4788 2Τ1ι.]
1574 4742 1632 4774 curn

271 4811 366 4860 Stoicis
387 4821 444 4872 post
461 4813 636 4863 Doraocritum
656 4824 681 4863 et
695 4817 841 4880 Epicurum,
861 4824 915 4862 tum
928 4814 1114 4877 Anaxagoram
1134 4824 1250 4863 recenset
1262 4814 1411 4864 chalcidius
1430 4830 1454 4877 p.
1470 4810 1520 4863 377
1534 4813 1632 4862 Meam.

271 4898 316 4946 sed
336 4899 398 4946 nihil
417 4907 456 4946 cst
476 4902 639 4963 cogitationis
658 4917 713 4951 curn
733 4904 791 4952 illie.
