3442 5588
661 302 937 355 uuoincouuns
1412 299 1475 363 213

113 475 273 540 ulceribus
299 473 497 549 condolescit,
520 483 548 536 et
575 492 689 554 corpus
715 474 854 546 animae,
884 472 936 532 cui
962 471 1099 551 afflictae
1126 490 1203 533 curo
1230 490 1346 551 anqore
1373 490 1478 533 umore

112 581 306 662 coaeqrmoit
327 574 386 664 [sic
409 573 571 658 Latinius,
599 574 693 640 codd.
716 570 917 659 cobaerescit]
938 594 995 654 per
1018 575 1229 637 detrimentum
1250 576 1330 636 socii
1352 576 1476 654 riqoris,

112 685 205 747 cuius
233 682 383 764 pudorem
412 689 440 742 et
467 696 616 758 pavorem
642 678 755 740 rubore
784 687 875 758 utque
901 678 1024 756 pallore
1057 685 1195 739 testatur.
1244 678 1338 756 iqitur
1372 680 1477 739 anicio

111 805 229 867 corpus
251 804 292 847 ese
306 781 517 862 corporalium
531 783 711 860 passionum
726 782 946 842 communione.
981 777 1033 860 [oi.
1058 798 1084 843 c.
1101 781 1142 844 Hi)
1164 800 1195 843 v.
1212 777 1247 842 C.
1263 778 1474 846 Waolrsmnth

110 886 180 952 ind.
203 885 304 953 schol.
328 881 393 948 hio.
417 882 504 948 eost.
529 882 613 947 1875
635 904 665 965 p.
685 883 738 964 12]
766 883 823 945 sed
845 893 873 945 et
901 885 1125 966 Chrysippus
1146 902 1270 944 inanum
1293 885 1322 944 ei
1344 887 1475 965 porriqit

111 993 302 1054 mustituens
324 988 507 1068 corporalia
529 986 568 1048 ab
591 986 842 1066 incorporalibus
865 987 1036 1068 derelinqui
1059 987 1183 1048 oninino
1205 1005 1268 1047 iton
1288 1006 1380 1065 posse
1402 990 1477 1069 quio

110 1113 169 1156 nec
191 1093 410 1172 continqontur
431 1089 471 1150 ab
494 1090 539 1150 eis
556 1136 562 1149 .
581 1135 587 1150 .
606 1136 612 1150 .
630 1090 775 1151 derelicto
799 1099 899 1150 autem
922 1110 1054 1169 corpore
1077 1090 1115 1151 ob
1139 1091 1244 1151 animo
1259 1092 1346 1170 offici
1368 1100 1474 1155 morte.

110 1198 208 1276 iqitnr
229 1212 344 1275 corpus
366 1194 471 1254 animo
494 1211 573 1273 quae
595 1195 657 1254 nisi
678 1192 855 1271 corporalis
876 1211 990 1272 corpus
1011 1213 1073 1256 non
1097 1194 1328 1273 derelinqueret.

200 1297 289 1361 Inter
317 1300 365 1360 tot
393 1299 524 1375 tamque
554 1294 704 1377 egregiae
732 1300 831 1359 notae
853 1294 1021 1377 opiniones
1044 1295 1097 1359 vix
1120 1316 1184 1359 una
1206 1297 1351 1361 alterave
1374 1296 1475 1361 Placi-

110 1406 220 1465 torum
249 1395 490 1463 similitudinem
512 1395 650 1478 stringit.
679 1400 769 1464 volnt
791 1395 968 1481 Hipparchi
984 1395 1020 1481 (t)
1036 1404 1068 1462 et
1090 1397 1244 1463 Heracliti
1268 1398 1388 1481 placita
1409 1398 1475 1464 illic

111 1500 324 1567 inveniuntur
344 1498 390 1563 IV
412 1500 432 1562 3
451 1509 468 1559 4
498 1499 679 1583 Παρμενίδης
701 1502 734 1563 δὲ
755 1503 804 1565 καὶ
821 1498 988 1569 Ἵππασος
1015 1502 1063 1563 καὶ
1081 1499 1305 1584 Ἡράκλειτος
1327 1506 1473 1587 πυρώδη

108 1605 251 1688 ταύτην
274 1606 500 1687 κεκλήκασιν.
545 1601 603 1666 sed
625 1601 742 1669 sufficit
764 1605 826 1669 hoc
847 1623 889 1669 ne
911 1603 1116 1669 Aenesidemi
1139 1603 1325 1668 memoriam
1349 1605 1473 1671 Sorano

112 1704 322 1771 obversatam
338 1711 497 1788 putemus,
513 1703 567 1786 qui
583 1703 669 1769 aeris
684 1705 896 1788 patrocinium
912 1706 964 1771 hic
979 1726 1107 1789 quoque
1122 1706 1263 1789 suscepit
1285 1706 1325 1770 of.
1340 1708 1472 1774 Tertull.

108 1808 178 1872 cll
206 1808 480 1891 supra210,1l,
508 1805 561 1870 ubi
590 1811 663 1889 post
689 1807 887 1873 Heraclitum
915 1809 1119 1874 continuatur
1146 1830 1202 1871 nec
1228 1821 1260 1870 nt
1291 1811 1391 1873 lumen
1418 1817 1474 1875 etsi

106 1912 169 1973 boc
188 1912 307 1991 placuit
329 1912 456 1973 Pontico
479 1909 648 1973 Heraclidi.
684 1909 828 1976 similiter
851 1911 1031 1977 Heraclidis
1056 1912 1164 1995 opinio
1188 1913 1350 1977 eustatio
1377 1915 1471 1980 Aetio

106 2013 154 2077 IV
178 2014 198 2077 3
217 2024 233 2076 6
255 2010 444 2097 Ἡρακλείδης
465 2014 610 2098 φυτοειδῇ
634 2014 685 2097 τὴν
708 2015 805 2098 ψυχὴν
829 2015 964 2098 ὡρίσατο.
1001 2015 1058 2079 sed
1081 2016 1151 2098 quis
1174 2035 1214 2080 ex
1237 2014 1369 2080 fort-nita
1392 2016 1473 2082 eius-

107 2113 199 2180 modi
222 2115 455 2181 concordantia
477 2115 653 2197 quidquam
675 2115 869 2181 concludere
889 2117 1009 2182 audeat
1024 2118 1216 2201 praesertim
1231 2117 1264 2181 in
1280 2138 1321 2183 ea
1337 2120 1472 2185 materia

111 2236 200 2301 quae
223 2219 389 2303 perpetuis
413 2217 677 2303 philosophorum
693 2219 982 2303 disceptationibus
997 2240 1062 2285 runa
1082 2221 1222 2286 omnium
1246 2221 1386 2287 maxime
1408 2223 1473 2305 agi·

107 2326 180 2385 tata
201 2320 266 2385 sit?
292 2322 377 2404 quod
401 2327 437 2386 ut
458 2320 532 2387 aliis
554 2321 712 2404 exemplis
735 2322 919 2406 probemus,
944 2323 1099 2389 Macrobii
1122 2323 1316 2390 uberrimum
1340 2325 1472 2407 placito·

106 2442 180 2486 rnm
202 2421 244 2488 de
265 2423 376 2488 anima
398 2431 607 2508 conspectum
630 2423 825 2488 subiciamus
847 2445 949 2489 somn.
974 2426 1115 2510 Scipion.
1138 2427 1154 2490 1
1178 2428 1219 2490 14
1243 2438 1285 2490 ts.

194 2526 303 2591 Plato
330 2529 410 2591 dicit
432 2531 568 2592 anismam
589 2529 753 2591 essentiam
782 2547 816 2589 se
848 2540 1027 2604 mouentem,
1059 2530 1288 2593 Xenocrates
1313 2552 1471 2594 cummim

107 2647 142 2691 se
163 2641 341 2708 mouentem,
364 2631 586 2695 Aristoteles
609 2632 799 2716 ἐντελέχειαν,
822 2633 1052 2715 Pytboqoras
1075 2643 1102 2695 et
1126 2633 1320 2696 Pbilolous
1342 2636 1471 2697 barmo-

108 2733 205 2809 niatn,
227 2733 449 2798 Posidonius
471 2735 589 2810 ideam,
613 2736 862 2815 Asclepiades
885 2738 1016 2817 quinque
1037 2756 1182 2799 senatum
1208 2738 1388 2798 exercitium
1410 2738 1470 2800 sibi

108 2854 288 2913 monum,
309 2836 563 2918 Hippocrates
585 2841 728 2919 spiritum
751 2849 867 2902 tenuem
881 2861 938 2921 per
953 2861 1066 2920 corpus
1081 2860 1169 2902 omne
1191 2841 1373 2919 dispersum,
1396 2839 1469 2901 He-

106 2939 273 3001 raclides
289 2941 464 3003 Ponticus
479 2941 585 3015 lucem,
602 2940 815 3004 Heraclitus
828 2944 973 3026 physicus
984 2944 1150 3007 scintillam
1160 2944 1297 3005 stellaris
1309 2946 1468 3016 essentiae,

106 3042 237 3105 Zenon
259 3052 434 3106 concretum
456 3046 583 3124 corpori
604 3046 757 3124 spiritum,
779 3046 1012 3108 Democritus
1033 3048 1175 3126 spiritum
1198 3048 1344 3108 irnertum
1359 3049 1469 3109 atomis

105 3145 170 3206 bac
190 3145 344 3225 facildote
365 3155 463 3209 motus
486 3155 519 3208 ut
540 3166 655 3227 corpus
676 3148 723 3209 illi
745 3168 833 3210 omne
854 3151 895 3211 sit
915 3152 1069 3228 pervium,
1093 3150 1284 3211 Critolaus
1308 3151 1468 3228 Peripa-

105 3248 247 3310 teticus
268 3257 413 3311 coristore
429 3268 496 3311 eom
518 3250 557 3311 de
579 3252 688 3331 quinto
709 3253 852 3326 essentia,
875 3252 1112 3332 Hipporcbus
1127 3248 1171 3336 (l)
1193 3253 1301 3331 ipsam,
1325 3252 1469 3313 Attiani-

105 3370 232 3413 mencs
255 3371 342 3428 aero,
365 3352 609 3432 Empedocles
632 3362 659 3414 et
682 3353 823 3415 Critias
844 3357 1040 3435 sanquinem,
1065 3356 1301 3417 Parmenides
1324 3376 1362 3416 ce
1385 3363 1470 3416 terra

106 3462 137 3515 ct
159 3455 250 3534 ique,
272 3454 518 3536 Xenophanes
540 3475 580 3520 eso
603 3465 687 3519 terro
709 3465 737 3518 et
759 3475 856 3537 aquo,
880 3458 1040 3520 Hoetbos
1063 3480 1102 3520 ea
1124 3479 1197 3520 aere
1219 3466 1247 3519 et
1269 3460 1352 3537 ique,
1375 3457 1469 3536 Epi-

107 3574 228 3618 curus
248 3559 380 3638 speciem
402 3578 441 3620 ec
462 3560 531 3639 ique
553 3566 581 3621 et
603 3578 676 3620 aere
697 3568 726 3621 et
745 3561 858 3640 spiritu
880 3563 1016 3622 mistam.

200 3656 369 3725 consentit
390 3680 463 3725 cum
484 3659 535 3725 his
557 3659 642 3724 Adtii
666 3660 778 3726 Plato
800 3662 845 3727 IV
867 3663 922 3726 25
952 3662 1052 3726 οὐσίαν
1080 3665 1185 3746 νοητὴν
1215 3661 1244 3731 ἐξ
1267 3664 1372 3745 ἑαυτῆς
1394 3685 1469 3742 κινη-

103 3762 173 3844 τήν,
196 3759 447 3828 Xenocrates
470 3766 510 3844 ἐξ
528 3766 563 3831 3.
587 3765 609 3827 4
631 3765 755 3847 ἀριθμὸν
777 3766 864 3827 αὑτὸν
890 3769 1038 3839 κινοῦντα,
1061 3765 1297 3830 Aristoteles
1319 3765 1375 3844 §ss
1397 3766 1469 3827 ἐντε-

105 3862 239 3949 λέχειαν,
261 3864 315 3945 §8
337 3864 588 3950 Asclepiades
610 3869 820 3950 συγγυμνασίαν
835 3872 892 3930 τῶν
909 3867 1087 3951 αἰσθήσεων,
1111 3867 1340 3931 Heraclides
1355 3868 1399 3931 IV
1415 3869 1434 3931 3
1454 3878 1469 3929 s

105 3968 257 4050 φωτοειδῆ
288 3969 340 4050 τὴν
372 3970 488 4053 ψυχὴν,
522 3969 784 4034 Anaximenes
811 3971 866 4049 ξ’]
897 3971 1032 4053 ἀερώδη,
1063 3970 1251 4052 Epicurus
1273 3971 1348 4049 §11
1372 3974 1469 4052 κρᾶμα

106 4068 144 4131 ἐκ
165 4069 319 4152 τεττάρων,
341 4071 374 4134 ἐκ
397 4075 482 4134 ποιοῦ
504 4073 655 4156 πυρώδους
678 4072 711 4134 ἐκ
732 4075 816 4133 ποιοῦ
841 4074 986 4154 ἀερώδους
1009 4074 1042 4135 ἐκ
1057 4077 1141 4134 ποιοῦ
1164 4076 1356 4153 πνευματικοῦ
1379 4073 1412 4133 ἐκ
1427 4095 1469 4132 τε·

107 4172 215 4254 τάρτου
244 4174 320 4243 τινὸς
342 4175 589 4256 ἀκατονομάστου.
623 4180 731 4239 cetera
761 4173 955 4257 discrepant.
990 4174 1142 4238 Soraneis
1171 4174 1366 4238 conveniunt
1389 4172 1469 4237 cri-

107 4271 242 4338 tolaus
264 4275 513 4360 Peripateticus,
544 4281 610 4341 tum
633 4276 887 4359 Empedocles
917 4283 949 4341 et
976 4274 1121 4341 Critias
1144 4275 1304 4340 coniuncti
1328 4282 1360 4340 et
1383 4274 1469 4356 quod

106 4373 225 4439 mirum
252 4383 301 4441 est
323 4371 566 4461 Hipparchus
588 4378 643 4444 ille
666 4379 778 4444 eodem
802 4378 919 4443 mendo
943 4399 982 4444 ex
1004 4377 1151 4462 Hippaso
1174 4385 1351 4461 corruptus.
1386 4396 1470 4459 equae

110 4477 287 4544 concordia
309 4478 556 4545 necessitudinis
578 4481 729 4545 indicium
752 4481 894 4564 videtur,
922 4481 983 4545 nisi
1011 4481 1094 4546 forte
1117 4480 1205 4545 casui
1228 4486 1353 4544 tantum
1375 4477 1469 4542 tribui

107 4580 249 4645 mauis.¹
287 4580 486 4646 Macrobiani
509 4582 704 4666 exemplaris
727 4582 892 4666 memoria,
915 4589 1073 4666 quatenus
1096 4602 1167 4646 cum
1183 4581 1277 4646 Aetio
1300 4581 1468 4663 consentit,

182 4805 320 4857 lectarum
345 4808 469 4857 Heracliti
497 4811 523 4857 in
548 4808 683 4857 blaerobio
703 4810 791 4872 opinio
816 4810 892 4871 longe
916 4807 993 4858 distet
1015 4807 1148 4871 evulgari
1168 4807 1295 4855 sententia
1318 4815 1469 4855 nontamen

105 4910 138 4946 ex
159 4897 215 4945 eius
233 4895 353 4946 doctrine
371 4896 495 4959 explicari
514 4912 567 4946 non
586 4903 679 4959 potest.
