3464 5586
268 338 332 401 478
586 337 844 422 THEOPHReSTI
863 336 1001 388 PHYSIC.
1020 337 1180 388 OPINION.
1198 336 1252 386 FR.
1266 335 1321 388 3.4

270 505 374 574 οῦτος
396 504 488 568 δέτὸ
511 505 573 586 μὲν
596 445 977 590 σωματικὰῶστοιχεῖοι
998 507 1094 568 ποιεῖ
1113 503 1276 588 τέτταρα,
1297 506 1365 587 πῦρ
1387 502 1446 566 καὶ
1469 500 1560 586 ἀέρα
1579 501 1638 565 καὶ

272 609 363 691 ὕδωρ
379 607 435 669 καὶ
451 610 513 689 γῆν
536 606 635 669 ἀίδια
658 606 722 688 μὲν
745 603 844 685 ὄντα,
867 609 1139 693 μεταβάλλοντα
1161 607 1199 669 δέ
1221 605 1352 689 πλήθει
1373 604 1431 666 καὶ
1453 604 1639 687 ὀλιγότητι

270 711 360 774 κατὰ
387 710 452 793 τὴν
480 708 669 792 σύγκρισιν
697 708 753 772 καὶ
776 710 968 794 διάκρισιν,
995 711 1056 779 τὰς
1082 710 1121 772 δὲ
1142 707 1275 792 κυρίως
1297 706 1411 791 ἀρχὰς
1433 707 1489 794 ὑφ’
1518 709 1565 771 ὧν
1587 732 1639 771 κι-

271 816 383 875 νεῖται
406 815 516 874 ταῦτα
537 810 656 895 φιλίαν
679 811 735 873 καὶ
757 816 887 880 νεῖκος·
911 814 965 875 δεῖ
984 813 1047 896 γὰρ
1069 814 1249 874 διατελεῖν
1271 809 1421 880 ἐναλλὰξ
1443 809 1640 893 κινούμενα

243 914 313 979 ττὰ
343 918 509 999 στοιχεῖα
538 914 628 976 ποτὲ
658 914 720 994 μὲν
749 914 816 977 ὁπδ
845 918 910 999 τῆς
932 915 1054 1001 φιλίας
1077 912 1358 997 συγκρινόμενα,
1387 913 1473 976 ποτέ
1504 913 1545 975 δέ
1567 913 1638 976 ὁπδ

270 1021 330 1080 τοῦ
360 1016 498 1085 νείκους
520 1014 790 1100 διακρινόμενα·
822 1019 911 1081 ὥστε
936 1018 993 1080 καὶ
1016 1015 1052 1085 ἓξ
1073 1015 1167 1079 εἶναι
1188 1013 1267 1078 κατ’
1295 1013 1401 1077 αύτδν
1422 1016 1484 1085 τὰς
1506 1014 1638 1100 ἀρχάς·

270 1121 326 1182 καὶ
356 1119 420 1202 γὰρ
443 1119 531 1182 ὅπου
554 1119 616 1201 μὲν
638 1121 828 1202 ποιητικὴν
851 1120 978 1183 δίδωσι
1000 1118 1148 1200 δύναμιν
1173 1122 1221 1202 τῷ
1244 1117 1358 1181 νείκει
1379 1118 1437 1180 καὶ
1459 1123 1500 1200 τῆ
1517 1117 1639 1203 φιλία,

270 1221 354 1285 ὁταν
376 1221 467 1304 λέγη

472 1321 598 1385 άλλοτε
620 1323 686 1404 μὲν
709 1323 872 1407 φιλότητι
895 1320 1132 1409 συνερχόμεν’
1160 1321 1210 1391 είς
1232 1322 1268 1385 ἓν
1290 1321 1425 1386 ἅπαντα

233 1455 256 1493 ιο
474 1424 602 1488 ἄλλοτε
624 1423 650 1488 δ’
679 1423 722 1488 αὖ
745 1425 827 1511 δίχα
849 1428 959 1490 πάντα
980 1426 1180 1512 φορεύμενα
1202 1424 1338 1493 νείκεος
1360 1422 1481 1510 ἔχθει·

270 1530 354 1592 ποτὲ
377 1530 415 1591 δὲ
436 1532 507 1597 τοῖς
530 1528 725 1610 τέσσαρσιν
749 1530 795 1596 ὡς
818 1528 1007 1614 ἰσόστοιχα
1030 1529 1212 1592 συντάττει
1234 1527 1429 1604 καὶταῦτα,
1452 1527 1534 1591 όταν
1550 1525 1639 1610 λέγη

674 1631 754 1692 τοτέ
776 1628 802 1692 δ’
831 1629 873 1694 αύ
896 1631 997 1715 διέφυ
1019 1627 1135 1693 πλέον’
1164 1628 1199 1697 ἐξ
1221 1629 1299 1699 ἑνὸς
1321 1629 1416 1694 εἶναι

473 1736 540 1814 πῦρ
563 1730 619 1794 καὶ
643 1731 737 1815 ῦδωρ
759 1733 818 1795 καὶ
841 1738 923 1815 γαῖα
945 1734 1005 1796 καὶ
1028 1733 1134 1817 ήέρος
1155 1731 1306 1796 ἄπλετον
1330 1734 1416 1818 ύψος

472 1834 593 1903 νεῖκός
615 1831 643 1894 τ’
671 1833 871 1916 οὐλόμενον
894 1835 984 1921 δίχα
1006 1839 1075 1897 τῶν
1097 1835 1296 1899 ἀτάλαντον
1318 1836 1466 1899 ἕκαστον

473 1938 534 2000 καὶ
558 1936 712 2020 φιλότης
735 1937 769 1999 ἐν
792 1940 905 1999 τοῖσιν
929 1935 986 2020 ἴση
1010 1936 1121 2020 μῆκός
1142 1961 1178 1998 τε
1200 1938 1335 2006 πλάτος
1356 1961 1402 2000 τε.

327 2302 472 2366 simplic.
493 2302 519 2350 in
538 2299 611 2365 phys.
630 2299 646 2347 s.
660 2294 852 2350 GV37—7'3.
943 2212 965 2274 4

356 2401 423 2466 Τῶν
452 2403 485 2465 δέ
510 2400 645 2485 ἀπείρους
672 2405 715 2484 τῷ
739 2399 848 2484 πλήθει
875 2401 1017 2484 λεγόντων
1045 2401 1071 2463 υί
1099 2401 1151 2482 μὲν
1172 2400 1268 2469 ἁπλᾶς
1290 2397 1388 2483 ἔλεγον
1410 2399 1459 2463 καὶ
1482 2401 1640 2482 ὁμογενεῖς,

271 2507 298 2569 οἱ
321 2507 354 2569 δέ
376 2504 531 2573 συνθέτους
553 2503 601 2566 καί
625 2503 807 2586 ἀνυμογενεῖς
833 2503 881 2566 καὶ
904 2503 1043 2580 ἐναντίας,
1065 2502 1141 2566 κατὰ
1162 2502 1194 2565 δὲ
1215 2502 1249 2564 τὸ
1272 2502 1442 2587 ἐπικρατοῦν
1464 2525 1640 2588 χαρακτηρι-

272 2608 405 2691 ξομένας.
432 2605 669 2690 Ἀναξαγόρας
693 2605 756 2687 μὲν
779 2605 842 2689 γὰρ
860 2604 1119 2691 Ἡγησιβούλου
1142 2602 1394 2687 Κλαζομένιος
1416 2607 1641 2690 κοινωνήσας

270 2715 333 2795 τῆς
352 2708 601 2791 Ἀναξιμένους
623 2707 840 2793 φιλοσοφίας
862 2714 1000 2793 πρῶτος
1022 2706 1219 2791 μετέστησε
1240 2706 1305 2776 τὰς
1325 2707 1404 2791 περὶ
1426 2711 1494 2771 τῶν
1516 2708 1640 2793 ἀρχῶν

231 2812 376 2883 οοδὸξας
405 2812 462 2874 καὶ
494 2811 555 2894 τήν
584 2810 819 2874 ἐλλείπουσαν
848 2810 964 2873 αἰτίαν
995 2811 1227 2894 ἀνεπλήρωσε
1256 2809 1316 2877 τὰς
1346 2809 1410 2890 μὲν
1433 2810 1641 2892 σωματικὰς

271 2915 443 2999 ἀπείρους
464 2915 641 2998 ποιήσας·
664 2914 759 2977 πάντα
779 2913 833 2997 γὰρ
855 2913 892 2977 τὰ
914 2915 1074 2995 ὁμοιομερῆ
1097 2911 1158 2975 υίυν
1180 2912 1258 2996 ύδωρ
1280 2911 1300 2995 ῆ
1323 2916 1380 2994 πῦρ
1401 2912 1422 2995 ἢ
1444 2912 1554 2998 χρυσὸν
1575 2912 1641 2996 ἀγέ-

274 3041 346 3101 νητα
375 3018 427 3100 μέν
458 3015 531 3079 εἶναι
561 3017 608 3080 καὶ
639 3014 786 3102 ἄφθαρτα,
815 3015 970 3100 φαίνεσθαι
1000 3015 1033 3077 δέ
1059 3014 1194 3097 γινόμενοι
1214 3015 1262 3078 καὶ
1286 3015 1472 3096 ἀπολλύμενα
1494 3014 1639 3098 συγκρίσει

272 3120 320 3183 καὶ
344 3121 482 3203 διακρίσει
505 3118 603 3201 μόνον,
625 3120 740 3184 πάντων
764 3120 816 3202 μὲν
838 3120 869 3182 ἐν
884 3123 970 3183 πᾶσιν
987 3117 1119 3196 ἐνόντων,
1142 3117 1265 3180 ἐκάστου
1281 3117 1313 3179 δέ
1327 3117 1403 3180 κατὰ
1416 3117 1449 3180 τὸ
1467 3118 1640 3203 ἐπικρατοῦν

273 3224 303 3286 ἐν
325 3222 406 3306 αὐτῷ
430 3222 732 3307 χαρακτηριξομένου·
761 3221 870 3307 χρυσὸς
896 3221 950 3305 γὰρ
972 3219 1102 3305 φαίνεται
1126 3219 1218 3282 ἐκεῖνο
1241 3217 1319 3305 ἐνῷ
1348 3220 1422 3284 πολύ
1449 3220 1569 3306 χρυσίον
1596 3217 1640 3284 ἔνι

273 3376 287 3427 1
301 3372 382 3432 οὕτως
394 3378 419 3426 Ι)
437 3375 450 3443 ΙΙ
465 3382 497 3429 cf.
511 3381 602 3430 Placit.
613 3377 686 3429 132⁰
702 3374 892 3448 Ἐμπεδοκλῆς.
903 3416 927 3430 ..
980 3377 1038 3427 edv.
1052 3377 1130 3427 math.
1144 3378 1170 3427 X
1182 3375 1233 3429 317
1249 3373 1264 3443 ΙΙ
1279 3375 1311 3428 15
1324 3375 1387 3442 μετὰ
1398 3381 1474 3430 τοῖσιν
1483 3376 1535 3430 ἴσον
1544 3381 1641 3433 Sextus

271 3463 378 3531 τέτταρα
391 3464 436 3531 μέν
447 3463 511 3533 λέγει
526 3469 635 3534 στοιχεῖα
647 3468 696 3533 πῦρ
714 3465 775 3534 ἀέρα
793 3463 861 3535 ύδωρ
873 3470 928 3536 γῆν,
1016 3463 1049 3516 16
1068 3462 1112 3514 καὶ
1129 3466 1223 3515 DEE¹
1247 3482 1286 3530 pr.
1300 3466 1334 3515 F:
1358 3464 1401 3516 καὶ
1421 3465 1457 3534 μή
1476 3484 1493 3517 α
1511 3484 1563 3519 see.
1581 3469 1603 3518 F
1623 3465 1638 3536 ΙΙ

272 3549 315 3601 δύο
334 3549 353 3601 δ’
368 3551 474 3619 ἀρχικὰς
487 3551 599 3619 δυνάμεις
613 3550 695 3621 φιλίαν
706 3571 734 3605 τε
747 3554 791 3605 καὶ
802 3558 882 3612 νεῖκος
891 3552 929 3605 ὧν
983 3552 1014 3604 17
1033 3549 1056 3602 οἱ
1074 3549 1301 3620 δέ-ἀνομογενιῑς
1312 3554 1402 3605 BER·
1423 3555 1477 3618 (qui
1496 3553 1639 3624 ἀνομοιογε-

272 3639 347 3707 ήμέν
360 3640 425 3691 ἐστιν
438 3638 634 3708 ἑνωτικήτὸὁέ
647 3639 792 3710 διαιρετικόν
805 3644 928 3706 owing.
980 3642 1026 3695 νεῖτ
1048 3643 1075 3689 in
1103 3638 1286 3707 ἀνομοιομερτῖς
1314 3643 1448 3703 conexio:
1482 3658 1533 3692 om.
1561 3644 1601 3694 σθ
1626 3640 1642 3710 ΙΙ

272 3727 385 3779 1711176
416 3726 428 3792 ΙΙ
458 3727 503 3778 καλ
524 3735 584 3778 ente
612 3724 680 3796 ύὸωρ
704 3744 755 3779 om.
783 3731 833 3780 DE
863 3726 876 3794 ΙΙ
913 3728 929 3779 2
982 3723 1008 3776 δέ
1020 3735 1079 3790 post
1091 3725 1157 3777 κατὰ
1169 3729 1292 3778 mem:
1311 3737 1371 3792 poet
1385 3727 1564 3798 ίπικρατοῦνσ
1579 3726 1592 3798 ΙΙ
1610 3730 1643 3783 18

272 3811 459 3882 μεταβάλλοντα
478 3811 505 3864 δέ
524 3825 582 3878 post
605 3811 729 3884 ὀλιγότητι
751 3818 823 3867 Ιίὁιίι
847 3826 930 3867 trene-
982 3810 1203 3881 ὁγησιβυύλουθΕ
1216 3812 1229 3882 ΙΙ
1241 3813 1276 3866 20
1288 3813 1333 3882 μὲν
1345 3818 1476 3868 molestius
1489 3820 1596 3868 refertur
1608 3819 1643 3868 ad

272 3904 358 3966 posuit
386 3904 485 3952 Usener
510 3897 523 3967 Η
549 3903 565 3954 6
589 3899 615 3962 ἓξ
633 3905 664 3953 εί.
684 3904 756 3955 Sext.
774 3906 833 3955 adv.
853 3905 931 3955 math.
983 3898 1196 3969 τῆςδὲκινήσεως
1208 3901 1393 3970 menum
1403 3903 1571 3974 ἀνομοιομερῆ
1583 3901 1642 3971 ΕΙΙΙ

272 3992 298 4040 X
317 3988 368 4040 317
397 3989 480 4051 [Ptol.
503 3986 566 4053 93²]
603 3987 615 4058 ΙΙ
649 3990 715 4041 κατὰ
742 3992 831 4042 τοῦτον
857 3993 897 4040 ΕΙ
918 3985 931 4055 Η
984 3991 1081 4040 heeesi
1095 3990 1173 4039 modo
1192 3990 1467 4055 Theophreeteeeunt‚
1486 4009 1519 4042 ex
1533 3994 1642 4042 Aristot.

273 4077 288 4126 θ
308 4077 416 4141 Emped.
437 4094 476 4125 vv.
491 4076 533 4129 67.
546 4077 623 4129 6881.
652 4078 724 4129 Sext.
743 4081 795 4127 1ο.
815 4079 854 4127 1x
871 4076 902 4128 10
916 4073 930 4143 ΙΙ
985 4077 1176 4144 merephye.I3
1194 4097 1218 4145 ρ.
1230 4078 1334 4132 984111
1351 4089 1463 4144 sumpte:
1480 4074 1643 4147 Ἀναξαγόρας

273 4160 299 4211 ἓν
312 4160 409 4213 ἅπαντα
423 4166 530 4215 menn
549 4162 592 4215 ἕνα
610 4165 689 4215 πάντα
701 4166 758 4215 BF:
777 4162 818 4214 ἕνα
837 4161 931 4231 κόσμον
985 4165 1137 4234 -ἀπιίρους
1155 4164 1215 4218 εἷναί
1233 4181 1294 4235 φησι
1311 4165 1355 4222 τὰς
1374 4164 1460 4234 ἀρχάς.
1491 4164 1579 4234 σχεδὸν
1596 4165 1642 4235 γὰρ

273 4250 385 4316 Simplie.
396 4250 475 4301 s.8r4
487 4249 499 4318 Η
515 4251 545 4303 10
555 4249 695 4320 φυρούμενα
705 4252 819 4316 simplic.
828 4247 930 4318 ι’.8ῐ4ΙΙ
984 4249 1080 4303 ἅπαντα
1090 4252 1121 4303 τὰ
1131 4252 1267 4323 ὁμοιομερῆ
1278 4249 1392 4322 καθάπερ
1402 4250 1469 4322 ὕδωρ
1482 4250 1499 4322 ῆ
1512 4254 1561 4322 πῦρ
1574 4248 1643 4305 σῦτω

273 4335 364 4392 νείκεος
384 4333 454 4405 ἔχθει
477 4339 606 4389 BDEE⁸=
630 4343 709 4396 νεῖκος
731 4337 783 4406 ἔχει
804 4340 843 4389 aF
864 4334 877 4404 ΙΙ
900 4338 929 4390 11
983 4336 1106 4407 γίγνεσθαι
1116 4340 1159 4393 καὶ
1172 4337 1326 4393 ἀπόλλυσθαί
1335 4355 1395 4412 φησι
1405 4340 1527 4410 συγκρίσει
1537 4340 1581 4393 καλ
1591 4339 1642 4392 δια·

272 4424 331 4474 ποτὲ
345 4426 449 4475 Dema:
468 4424 526 4475 τοτὲ
538 4427 620 4488 ame)
635 4423 649 4493 ΙΙ
664 4426 789 4476 συντάττει
807 4427 930 4476 BDEflF:
983 4426 1061 4495 κρίσει
1088 4426 1175 4495 μόνον,
1203 4426 1287 4486 άλλως
1312 4427 1335 4480 δ’
1357 4425 1413 4479 οῦττ
1435 4424 1559 4497 γίγνεσθαι
1583 4425 1639 4480 οὔτ’

273 4511 355 4562 τάττει
372 4515 412 4561 υΕ
439 4509 452 4578 ΙΙ
475 4512 593 4563 ταυτὰθ
615 4511 628 4578 ίΙ
652 4512 682 4564 1‘2
702 4533 726 4564 v.
741 4513 846 4565 77-80
858 4513 895 4565 St.
917 4508 930 4579 ΙΙ
984 4511 1137 4567 ἀπόλλυσθαι
1156 4515 1219 4568 ἀλλὰ
1233 4514 1353 4584 διαμένειν
1366 4513 1430 4567 ἀίδια
1449 4513 1463 4582 ΙΙ
1483 4515 1517 4568 23
1535 4515 1642 4567 ἐνόντων

273 4598 329 4649 τοτὲ
357 4602 470 4651 Usener:
502 4598 558 4650 τότε
585 4601 731 4652 nomem:
765 4599 853 4651 ἄλλοτε
875 4618 892 4650 α
917 4598 931 4669 ss
984 4603 1099 4653 Usenerz
1118 4600 1198 4655 όντων
1216 4606 1291 4655 codd.
1313 4600 1375 4671 1124
1393 4601 1642 4672 χαρακτηριζσμίνας

273 4683 358 4737 πλέον’
373 4704 403 4738 σε
425 4685 500 4738 πλέον
512 4691 712 4754 superscripto«
733 4690 844 4739 mem
865 4685 878 4756 Η
901 4688 932 4741 13
985 4691 1034 4739 DE
1056 4688 1069 4754 ΙΙ
1089 4689 1180 4759 χρυσός
1197 4689 1253 4742 κτλ.
1284 4693 1344 4742 hine
1367 4692 1492 4757 Simplicii
1518 4703 1641 4759 excerpta

273 4773 346 4842 ήίρσς
362 4777 450 4825 ama:
470 4773 542 4842 ἀέρος
554 4776 616 4826 DE:
631 4772 729 4843 αἰθέρος
742 4776 861 4826 ΟΙειαειιε
874 4765 888 4843 ΙΙ
902 4774 933 4825 14
986 4778 1093 4828 sortasse
1112 4781 1216 4844 propius
1241 4779 1274 4829 ad
1298 4781 1471 4844 Theophrasti
1493 4782 1641 4845 exemplum

274 4860 423 4913 ἀπάλαιστον
432 4862 530 4931 ἑκάστῳ
538 4868 605 4914 coni.
615 4866 721 4925 Usener,
730 4860 933 4913 ειιίθοίὸἀτάλαν-
986 4867 1112 4915 πεσοῦσαι
1130 4861 1143 4931 ΙΙ
1164 4863 1227 4915 πολύ
1248 4867 1371 4915 neem
1389 4863 1452 4916 πολὺ
1470 4863 1498 4916 τὸ
1518 4882 1534 4916 π
1555 4863 1569 4932 ΙΙ
1590 4864 1642 4918 έστλ

273 4966 316 4999 τον
329 4950 440 5017 έκάστιρι
458 4948 595 5001 ἀτάλαντον
607 4949 704 5019 ἁπάντη
718 4950 844 5015 (λύσαντι)
862 4951 933 5003 Sext.
985 4952 1072 5001 DEF:
1091 4968 1141 5002 om.
1160 4971 1191 5003 a:
1210 4956 1310 5003 correxi
