3442 5588
279 328 319 392 18
559 333 571 380 I
617 330 665 379 DE
687 328 951 380 Pia'rsltcauan
972 322 1158 377 El'lTilMllS
1179 329 1348 378 MEMORIA

277 497 378 562 larum
396 498 553 580 scriptore
568 497 807 581 grammaticus,
829 497 881 578 qui
898 503 1028 580 praeter
1043 496 1258 581 etymologias
1280 503 1312 562 et
1331 497 1454 562 variam
1469 497 1635 562 historiam

276 601 539 665 commentarium
563 600 596 663 iu
618 600 752 665 Aratum
776 599 979 683 conseripsit,
1009 599 1094 664 unde
1121 605 1275 681 excerpta
1296 600 1440 666 servarit
1461 599 1532 664 cod.
1554 599 1637 665 Lau·

275 702 412 768 rentian.
432 702 573 770 XXVIII
596 704 648 767 44.
693 701 746 783 qui
775 701 857 767 liber
884 701 961 783 quin
983 700 1068 765 idem
1097 700 1139 766 sit
1167 720 1206 766 ae
1234 702 1298 785 αορὶ
1328 702 1451 787 σφαίρας
1483 722 1504 767 a
1533 701 1636 768 Suida

275 813 471 871 memoratus
486 825 552 869 nou
568 803 679 869 dubito
695 805 714 869 ¹.
752 812 865 870 extant
880 809 1104 886 excerptorum
1120 801 1184 867 duo
1200 804 1360 887 exempla,
1383 824 1481 869 unum
1495 804 1636 888 amplius

275 913 307 972 et
326 908 507 972 accuratius
524 906 730 990 compilatum
746 928 777 991 p.
792 907 960 971 121-164
976 905 1151 986 Urauolog.
1168 905 1218 970 ed.
1234 906 1315 988 Pet..
1339 907 1475 972 alterum
1491 907 1635 990 perexile

273 1009 390 1075 alienis
405 1010 544 1075 fortasse
558 1009 762 1093 permixtum,
777 1009 836 1074 sed
851 1028 916 1073 non
932 1008 1001 1072 sine
1015 1007 1091 1071 dote
1107 1006 1246 1088 quadam
1262 1007 1403 1091 propria.
1426 1009 1516 1075 velut
1530 1030 1561 1093 p.
1573 1011 1634 1074 166

274 1119 353 1177 extr.
376 1110 524 1196 Κοδροίτσς
547 1114 593 1175 καὶ
618 1115 633 1176 b
653 1114 825 1182 διδάσκαλός
848 1136 903 1193 pou
915 1110 1103 1194 Ἰσιδωριανίς
1118 1109 1267 1192 citantur,
1290 1109 1376 1176 unde
1390 1111 1508 1176 aetatis
1522 1119 1633 1176 nolam

273 1222 464 1280 hausturum
485 1221 516 1279 te
531 1233 654 1297 speres.
683 1214 740 1279 sed
755 1214 886 1296 ignotus
901 1223 1036 1294 uterque
1050 1231 1090 1276 ao
1110 1231 1153 1277 ne
1174 1211 1256 1277 illud
1277 1211 1406 1293 quidem
1428 1212 1633 1296 perspicuum

274 1316 486 1382 scribentisue
507 1336 549 1381 an
564 1316 768 1399 excerpentis
788 1316 830 1381 sit
844 1315 1020 1381 adnotatio.
1056 1332 1133 1379 nam
1148 1320 1393 1398 praeceptorum
1407 1315 1633 1381 auctoritatem

271 1419 426 1486 antestari
442 1418 603 1484 inferioris
624 1419 741 1483 aetatis
764 1418 936 1502 scriptores
958 1417 991 1482 in
1014 1437 1075 1482 usu
1098 1415 1228 1482 habent.
1260 1416 1347 1499 atqui
1371 1436 1392 1482 a
1415 1417 1553 1484 Firmioo
1569 1419 1636 1484 Ma-

271 1533 363 1589 terno
386 1521 442 1608 [IV
467 1525 508 1586 10
530 1542 561 1604 p.
576 1521 618 1585 98
639 1523 898 1602 prudentissimos
921 1517 1065 1605 Achilles]
1089 1517 1252 1602 laudatur,
1283 1538 1361 1600 ergo
1383 1526 1460 1586 aute
1482 1528 1632 1603 quartum

270 1627 434 1691 saeculum
462 1624 602 1690 medium
633 1625 769 1707 scripsit.
814 1625 939 1690 accedit
968 1622 1178 1695 adlaetatem
1201 1620 1523 1689 circumscribendam
1550 1624 1635 1690 alter

270 1729 361 1793 loeus
382 1749 412 1810 p.
431 1728 532 1792 lb'ssa:
563 1729 626 1811 περὶ
655 1729 687 1790 δὲ
715 1727 884 1810 ἐναρμονίου
911 1729 1050 1810 κινήσεως
1082 1725 1179 1788 αὐτῶν
1201 1723 1280 1787 εἶπεν
1303 1728 1343 1794 ὡς
1370 1723 1443 1811 ἔφην
1459 1725 1580 1811 Ἄρατος
1602 1729 1633 1791 ἐν

269 1837 311 1915 τῷ
335 1831 431 1893 κανόνι
455 1830 502 1893 καί
515 1827 723 1914 Ἐρατοσθένης
745 1831 775 1892 ἐν
789 1836 831 1914 τῷ
843 1828 937 1914 Ἑρμῇ
953 1831 1000 1893 καὶ
1011 1828 1147 1913 Ὑψικλῆς
1169 1828 1217 1891 καὶ
1234 1827 1401 1911 Θράσυλλος
1418 1831 1466 1893 καὶ
1476 1828 1633 1914 Ἄδραστος

265 1932 468 2017 ’,ίφροδισιεύο
503 1930 554 2018 los.
578 1954 607 2015 p.
626 1934 687 1997 139
697 1955 725 1997 s.
754 1933 856 1998 Hiller
885 1932 965 1997 Mus.
988 1932 1049 1997 Rh.
1071 1930 1180 1995 XXVI
1202 1927 1286 2016 5831.
1324 1950 1363 1996 ex
1399 1930 1563 2016 Hypsiolis
1599 1939 1632 1996 et

267 2033 397 2098 Adrasti
430 2035 585 2100 memoria
612 2042 734 2100 eertum
758 2043 808 2099 est
836 2056 901 2100 non
923 2042 1000 2099 aute
1022 2035 1160 2099 alterum
1183 2034 1348 2098 saeculum
1371 2034 1483 2100 exiens
1499 2033 1631 2100 vixisse.

267 2155 327 2200 uec
356 2137 456 2201 multo
484 2144 566 2221 post.
605 2157 680 2202 unm
707 2138 812 2220 tetigit
834 2139 935 2203 semel
958 2137 1179 2202 Ptolemaeum
1202 2155 1234 2218 p.
1248 2136 1339 2200 1391>
1360 2137 1630 2221 ἐπραγματεύσαντο

267 2239 299 2301 δὲ
321 2242 422 2303 πολλοὶ
445 2243 510 2326 περὶ
533 2243 688 2325 ἐκλείψεως
710 2241 794 2323 ἡλίου
817 2243 890 2304 κατὰ
912 2243 947 2304 τὰ
970 2241 1044 2303 ἑπτὰ
1066 2237 1191 2320 κλίματα
1218 2239 1318 2323 ὥσπερ
1341 2238 1443 2324 Ὠρίων
1466 2239 1630 2305 ὁἈττολλι-

267 2343 362 2425 καίριος
389 2342 439 2429 los.
467 2342 567 2408 schol.
594 2343 683 2408 Arat.
712 2364 743 2426 p.
766 2343 826 2407 146
847 2352 881 2404 39
910 2350 943 2407 et
969 2343 1030 2407 149
1050 2351 1082 2403 27
1105 2338 1224 2427 namq
1256 2341 1436 2425 Πτολεμαῖος
1460 2340 1628 2429 Ἵππαρχος.

267 2443 425 2510 eiusmodi
454 2445 577 2511 iudices
605 2466 646 2511 ex
674 2466 733 2511 sua
756 2445 894 2511 lectione
915 2444 1059 2512 Achilles
1081 2443 1214 2510 addidit.
1258 2444 1363 2528 ipsam
1385 2444 1565 2511 doctrinam
1588 2466 1629 2513 ex

267 2548 504 2631 antiquioribus
519 2548 609 2614 libris
624 2548 747 2632 petivit.
781 2555 815 2613 at
831 2548 1010 2614 Ptolemaei
1031 2545 1236 2630 disciplinam
1250 2565 1444 2629 quemquam
1466 2547 1629 2631 sprevisse

268 2658 342 2732 post
356 2650 484 2717 tertium
499 2652 664 2716 saeculum
679 2653 776 2735 plane
792 2648 991 2732 incredibile,
1008 2649 1098 2716 cuius
1110 2650 1153 2715 ab
1165 2649 1260 2714 unius
1274 2649 1467 2715 auctoritate
1483 2649 1628 2733 pendent

266 2760 423 2836 quotquot
438 2752 556 2818 dehine
573 2753 615 2819 de
631 2753 728 2820 rebus
743 2751 938 2818 caelestibus
960 2751 1119 2835 scripsere
1133 2752 1177 2816 ad
1192 2750 1326 2834 Kepleri
1349 2771 1451 2834 usque
1473 2759 1626 2820 aetatem.

264 2856 467 2920 accuratiora
495 2863 604 2946 tamen
633 2856 769 2922 inveniri
795 2854 850 2922 vix
881 2861 1046 2938 poterunt,
1080 2853 1142 2918 nisi
1169 2853 1253 2919 forte
1285 2853 1501 2920 Isidoriauum
1534 2855 1625 2921 illum

264 2957 402 3022 eundem
417 2978 491 3024 esse
506 2960 613 3042 placet
623 2966 722 3040 atque
735 2957 921 3043 Hypsiclem
932 2975 954 3020 a
965 2963 1176 3039 praeceptore
1191 2955 1318 3022 Isidoro
1334 2954 1472 3043 [FabrIo.
1484 2958 1521 3024 Β.
1529 2958 1569 3023 G.
1581 2959 1625 3023 IV

264 3062 307 3125 20
328 3058 430 3146 Harl]
454 3060 724 3143 cognominatum,
747 3060 834 3142 quod
857 3057 993 3124 eouieoit
1015 3058 1168 3125 Rohdeus
1190 3060 1211 3122 l.
1227 3078 1254 3123 ο.
1276 3060 1385 3123 4712.

348 3162 537 3229 Athenaeus
552 3162 613 3230 XV
628 3163 719 3228 6731>
742 3162 844 3227 multa
866 3161 1071 3243 conqueritur
1093 3162 1135 3227 de
1151 3161 1405 3245 Hephaestionis
1418 3161 1543 3247 fraude,
1562 3181 1627 3245 qna

262 3285 334 3330 eum
356 3286 449 3331 suum
470 3273 538 3330 tum
559 3265 691 3330 Adrasti
713 3263 858 3330 libellum
879 3263 1084 3347 impudenter
1106 3263 1339 3348 compilaverit.
1383 3265 1520 3330 audem
1542 3284 1626 3330 oom-

262 3368 462 3452 pendiariam
485 3369 599 3435 eodem
614 3368 754 3433 Adrasto
770 3367 964 3451 transcripto
986 3367 1110 3434 invenit
1125 3368 1227 3451 Theo,
1250 3387 1345 3450 quem
1361 3374 1435 3451 post
1449 3367 1623 3433 Martinum

333 3540 339 3570 ¹
360 3541 432 3592 Suicl.
455 3559 475 3593 s.
500 3561 524 3592 r.
547 3537 670 3609 Ἀχιλλεὺς
692 3537 795 3598 Στάτιος
817 3536 919 3604 [Τάτιος
944 3542 1022 3592 Phot.
1049 3541 1110 3592 bibl.
1137 3542 1194 3593 cod.
1214 3540 1247 3593 87
1270 3542 1379 3606 aliique]
1404 3536 1586 3611 Ἀλιξανδρτίις,
1610 3541 1624 3594 b

259 3627 355 3696 γράψας
373 3628 405 3679 τὰ
423 3628 489 3680 κατὰ
506 3626 652 3698 Λευκίππην
670 3629 713 3680 καί
733 3622 914 3695 Κλιιτοφῶντα
936 3627 979 3678 καὶ
1002 3626 1065 3679 ἄλλα
1085 3628 1194 3696 ἐρωτικὰ
1213 3628 1238 3681 ἐν
1257 3625 1359 3697 βιβλίοις
1376 3630 1415 3698 η’.
1434 3628 1531 3698 γίγοντν
1550 3627 1623 3699 ίσγσ-

259 3732 301 3766 τον
322 3712 468 3784 Χριστιανὸς
487 3715 530 3766 καὶ
549 3714 689 3774 ἐπίσκοπος.

329 3801 443 3871 ἔγραψε
467 3801 497 3854 bl
520 3804 588 3871 περὶ
614 3803 742 3872 σφαίρας
766 3804 818 3855 καὶ
841 3801 1050 3871 ἐτυμολογίας
1073 3804 1124 3855 καλ
1148 3803 1286 3872 ίστορίαν
1309 3802 1485 3871 σίμμικτον
1503 3802 1623 3857 πολλῶν

259 3891 311 3941 καὶ
330 3889 471 3958 μεγάλων
490 3892 541 3941 καί
561 3889 742 3958 θαυμασίων
760 3889 879 3959 ἀνδρῶν
898 3889 1161 3960 μνημοντίιουσαν.

327 3977 385 4029 bil
407 3976 478 4045 λόγος
501 3976 578 4028 αὐτοῦ
602 3979 668 4029 κατὰ
691 3980 771 4030 πσίντα
794 3977 878 4045 ὅμοιος
900 3982 951 4035 τοῖς
975 3978 1113 4046 ἐρωτικοῖς.
1149 3981 1181 4030 de
1206 3983 1357 4032 confusione
1381 3983 1455 4033 varia
1478 3997 1509 4032 ac
1531 3982 1623 4034 rmus

258 4066 352 4116 Suidae
380 4069 481 4116 monuit
503 4067 594 4116 lacobs
619 4069 684 4132 prol.
707 4069 741 4117 ad
765 4068 859 4118 Achlll.
884 4069 942 4119 'sat
966 4077 992 4118 et
1016 4069 1107 4119 Rohde
1127 4083 1164 4132 gr.
1183 4068 1258 4119 Rom.
1278 4086 1302 4134 p.
1317 4068 1377 4120 471.
1405 4069 1621 4135 etymologiarum

257 4170 380 4219 aucupem
399 4171 426 4203 se
440 4154 554 4204 Achilles
573 4157 650 4204 etiam
666 4157 692 4205 in
711 4158 836 4220 excerptis
850 4158 954 4206 ArateIs
967 4157 1081 4206 ostendit
1092 4155 1195 4207 Stoicos
1213 4165 1323 4206 secutus.
1346 4158 1437 4206 titulus
1455 4158 1482 4206 in
1501 4173 1524 4205 c.
1537 4155 1622 4206 Vatis.

257 4257 294 4303 gr.
317 4239 362 4292 191
385 4241 500 4306 bombyc.
519 4258 539 4291 s.
554 4255 697 4291 xnr-xrv
716 4253 754 4293 est
772 4244 788 4292 f.
806 4242 872 4294 1941
888 4242 981 4305 hdr
1000 4241 1093 4311 ἀρότου
1111 4242 1267 4311 φαινσρίνων
1286 4240 1346 4312 πρὸς
1364 4241 1502 4311 αίσαγωγην
1521 4240 1550 4293 ἐκ
1569 4245 1623 4292 τῶν

256 4324 379 4396 ἀγιλλίως
397 4329 452 4395 περὶ
470 4330 515 4378 τοῦ
534 4326 634 4384 ταντὸςι
648 4339 679 4383 ρ)
696 4338 838 4394 sequuntur
856 4326 1024 4394 1203ὐηη.
1044 4346 1109 4394 quae
1125 4332 1246 4382 Patavina
1265 4350 1289 4398 p.
1303 4327 1452 4383 tes-276.
1473 4327 1622 4383 lot-169.

257 4414 396 4468 ‘roo-258
415 4417 508 4478 edidit,
533 4418 592 4466 dein
611 4417 628 4465 i.
642 4413 694 4467 210
718 4417 879 4482 Hipparchus
904 4418 935 4467 de
959 4420 1050 4468 Arato.
1079 4421 1105 4470 iu
1130 4421 1217 4470 codice
1241 4420 1319 4470 Laur.
1343 4418 1490 4468 inscribitur
1514 4415 1544 4468 ίκ
1568 4420 1621 4468 τῶν

253 4499 388 4572 Ἀχιλλέως
410 4502 471 4571 πρὸς
489 4502 628 4572 ιίσαγωγην
647 4501 680 4559 τίς
697 4503 729 4554 rol
748 4503 840 4572 ἀρότου
859 4502 995 4570 φαινόμενα
1014 4506 1132 4572 περὶτοῦ
1151 4505 1249 4564 παντός.
1281 4507 1372 4557 ultima
1389 4506 1469 4558 rerba
1486 4522 1541 4558 non
1559 4509 1620 4557 titu-

256 4592 308 4640 lum
326 4591 384 4641 libri
403 4591 484 4654 (quod
503 4592 583 4641 suasit
598 4591 699 4641 Roseus
718 4594 764 4642 Ar.
777 4592 872 4643 Pseud.
886 4587 937 4643 622
956 4593 1064 4643 lomasss
1084 4609 1182 4644 memor
1194 4594 1297 4645 Nicolai
1311 4595 1468 4644 Damasceni
1485 4594 1543 4644 libri
1563 4592 1618 4660 aspi

254 4680 299 4726 τοῦ
317 4675 415 4739 παντός,
434 4694 485 4741 quo
504 4678 558 4745 περὶ
571 4677 672 4728 πάντων
683 4683 735 4729 τῶν
747 4677 772 4729 ἐν
790 4683 826 4746 τῷ
839 4675 926 4745 κόσμῳ
943 4676 997 4728 κατ’
1018 4677 1071 4747 σίδη
1089 4685 1192 4731 ποιεῖται
1208 4676 1336 4747 τὸνλόγον
1354 4683 1385 4731 cl.
1403 4680 1518 4745 Slmpllo.
1538 4680 1618 4730 schol.

255 4767 332 4815 Arist.
352 4766 393 4815 ed.
412 4766 455 4816 Br.
473 4766 582 4827 469113)
601 4768 645 4816 red
665 4768 738 4830 primi
757 4768 847 4831 capitis
866 4767 988 4817 ludicaut.
1016 4783 1076 4817 nam
1094 4768 1199 4832 tingitur
1217 4768 1375 4832 sphaerae
1394 4766 1526 4828 machina,
1546 4769 1618 4817 cuius

254 4855 395 4902 institurum
414 4857 609 4904 commentarius
628 4853 801 4918 explicaturus
814 4860 859 4902 est.
879 4855 910 4903 cI.
923 4871 948 4918 p.
965 4854 1010 4906 llll
1023 4869 1039 4904 υ
1053 4855 1109 4905 Pet.
1123 4853 1173 4921 χρὴ
1186 4851 1228 4904 τὸν
1245 4849 1408 4922 ἐξηγοίμτνον
1421 4852 1462 4905 tsi
1476 4852 1507 4903 τὰ
1520 4851 1617 4904 ίναντίσ

254 4936 378 5007 αιριίινεῖν
397 4937 443 5007 τὴν
461 4945 574 5009 σφαῖραν,
593 4960 616 5006 p.
636 4939 709 4991 ltbo
729 4938 774 5007 rip
793 4939 839 5009 γὰρ
854 4937 926 4998 δεῖξιν
942 4938 1035 5008 ταὺτην
1053 4936 1089 4991 ίττ’
1110 4938 1235 5009 αυτηςτῆς
1254 4940 1359 5009 σφαίρας
1369 4939 1443 4992 ·1στιν
1462 4938 1527 4991 ibris.
