3442 5588
624 326 901 378 Paouuaouauh
1382 321 1441 385 251

122 494 374 575 Asclepiades
396 493 499 578 ὄγκους
515 497 598 577 quoa
611 515 669 558 nos
684 504 737 559 ta·
762 493 765 596 ρ
784 494 974 578 Ἡρακλείδης
997 495 1060 557 iii
1079 493 1216 561 Ποντικὸς
1239 494 1286 557 καὶ
1309 491 1445 575 Ἀσκλη-

77 615 182 659 narcs
202 597 254 660 ael
278 597 426 660 eluls'ancs
447 617 611 678 posssimus
633 599 738 662 (licere
761 597 764 699 ρ
831 598 959 680 πιάδος
982 598 999 660 ὁ
1023 595 1149 665 Βιθυνὸς
1175 596 1321 680 ἀνάρμους
1343 595 1445 679 ὄγκους

123 699 359 762 Democritus
381 701 471 763 ideas

124 801 260 865 Thales
281 820 394 883 aquam
790 798 909 883 Θαλῆς
932 801 964 864 δὲ
987 803 1003 864 b
1027 798 1173 884 Μιλήσιος
1196 805 1274 887 ὕδωρ

124 904 368 967 Parmenides
390 912 505 965 terram

123 1005 251 1069 Zenon
320 1006 569 1086 Empedoclea
626 1007 737 1069 Plato
762 1034 765 1089 Ι
790 1007 817 1067 ol
839 1005 873 1067 δὲ
893 1006 957 1088 περὶ
980 1004 1273 1088 τὸνἘρπεόοκλέα
1294 1007 1366 1089 πρὸς
1386 1010 1446 1073 τοῖς

77 1110 181 1188 ipncas
205 1128 320 1190 aquam
342 1127 444 1171 wem
465 1117 580 1171 terram
762 1092 765 1219 ρ
832 1106 1001 1177 Στωικοῖς
1023 1113 1079 1192 πῦρ
1102 1110 1174 1193 ἀέρα
1197 1111 1274 1192 ὕδωρ
1296 1114 1349 1191 γῆν

124 1211 356 1273 Aristoteles
378 1211 738 1291 ellamqas'nlamlatro-
791 1211 817 1272 οἱ
840 1210 873 1272 δὲ
900 1209 1212 1294 περὶἈριστοτέλη
1242 1212 1291 1274 τὸν
1324 1209 1445 1292 lleptna·

81 1313 173 1375 detail
196 1313 373 1375 elementum
398 1313 481 1393 qaod
502 1312 737 1393 ἀκατονόμαστον
832 1315 948 1395 tortula
970 1318 1027 1396 πόρ
1043 1314 1116 1397 ἀέρα
1132 1315 1209 1396 ὕδωρ
1225 1319 1278 1396 γῆν
1293 1314 1327 1375 τὸ
1343 1314 1444 1374 κυκλο-

81 1416 115 1478 id
137 1424 184 1479 cst
205 1415 451 1496 incompellabile
475 1417 644 1477 nominavit
671 1417 739 1477 aisse
763 1458 766 1513 Ι
833 1417 988 1499 papaticis
1011 1420 1098 1498 σῶμα

82 1519 177 1581 dubia
210 1519 297 1580 illam
329 1518 474 1580 indicans
504 1519 557 1598 qai
586 1519 619 1578 in
647 1537 739 1579 renam
753 1530 766 1601 'i

82 1629 218 1702 ρινοναον
232 1622 381 1683 elementa
391 1622 579 1701 conianpena
594 1621 739 1682 masadam
763 1616 766 1749 ρ

79 1724 193 1804 lssssm'l
763 1762 766 1805 ι

169 1823 346 1891 Clementis
357 1823 472 1890 seriem
487 1843 527 1888 ex
539 1824 654 1890 eadem
669 1825 778 1891 radice
790 1824 930 1890 oravisse
947 1845 1011 1908 qua
1028 1824 1186 1890 Sestiana
1203 1830 1236 1890 et
1253 1823 1445 1906 Catoniana,

82 1928 187 2012 quivis
202 1932 319 2011 suapte
334 1932 450 2009 sponte
465 1925 651 2008 perspiciet.
677 1934 712 1991 at
727 1926 812 1993 euim
828 1947 894 1991 non
909 1926 1004 1991 nimis
1019 1926 1079 1991 fuit
1094 1925 1149 1992 ille
1164 1925 1334 2008 religiosus
1350 1925 1446 1990 homo

82 2031 232 2116 quamvis
254 2026 459 2111 christianus,
482 2027 533 2092 cui
555 2028 597 2094 ab
621 2030 773 2096 extremis
796 2029 893 2095 ordiri
917 2029 1043 2095 luberet
1064 2028 1337 2113 Pythagoraeque
1359 2026 1446 2091 Stra·

82 2142 192 2200 touem
214 2130 404 2197 conhnuare
427 2128 545 2213 quique
568 2131 787 2197 Democritum
811 2131 853 2197 ab
875 2131 1006 2215 Epicuri
1021 2129 1207 2197 necessaria
1221 2128 1446 2195 communione

83 2235 246 2301 revulsum
268 2232 414 2298 idearum
437 2232 625 2298 inventione
648 2233 734 2301 beat.
779 2255 868 2301 error
895 2233 1048 2298 ridiculus
1071 2233 1232 2299 mehercle
1254 2251 1316 2297 nec
1337 2237 1445 2296 tamen

82 2335 250 2421 interpreti
272 2333 446 2399 hbrariove
468 2333 696 2417 iniungendus.
738 2336 792 2420 qui
819 2338 872 2402 vel
896 2357 936 2401 ex
958 2334 1154 2401 Democritei
1178 2336 1242 2419 περὶ
1266 2336 1350 2399 ἰδεῶν
1372 2333 1446 2398 libri

84 2438 133 2521 [cl.
149 2436 290 2502 Krische
312 2458 342 2521 p.
361 2437 433 2501 149.
453 2435 561 2501 Hirzel
586 2438 773 2504 untersuch.
797 2460 827 2523 p.
846 2440 908 2513 126
921 2439 943 2520 ²]
966 2437 1083 2502 notitia
1105 2438 1158 2503 vel
1181 2458 1221 2503 ex
1242 2437 1359 2503 inscita
1374 2437 1446 2502 Pla-

84 2538 264 2605 tonicarum
285 2538 432 2603 idearum
455 2537 644 2604 confusione
673 2558 770 2622 quam
792 2520 947 2606 Irebaeus
960 2541 992 2606 11
1009 2541 1050 2604 14
1072 2539 1223 2622 [Krische
1245 2562 1276 2624 ρ.
1294 2540 1373 2606 153¹
1405 2538 1445 2604 el.

83 2662 179 2727 supra
202 2664 233 2727 p.
251 2641 326 2723 171]
351 2647 518 2722 tamquam
535 2640 702 2707 incohavit
717 2643 770 2707 vel
787 2660 827 2706 ex
842 2641 1002 2707 idolorum
1018 2641 1156 2707 obseura
1171 2643 1335 2725 memoria,
1360 2641 1446 2724 quod

82 2743 307 2811 verisimilius
331 2750 386 2809 est
409 2740 460 2829 [cl.
478 2740 634 2808 Clement.
651 2744 671 2808 l.
688 2764 786 2828 supra
808 2766 839 2828 p.
859 2747 917 2811 131
942 2743 1098 2831 adlatusl,
1121 2744 1250 2810 facilem
1274 2752 1309 2810 ut
1330 2745 1364 2808 iu
1388 2743 1446 2808 tali

81 2848 240 2931 scriptore
262 2846 365 2912 habet
387 2844 571 2929 explicandi
595 2844 766 2912 rationem.
800 2847 898 2930 paulo
921 2847 1052 2913 diversa
1080 2854 1155 2913 sunt
1178 2846 1274 2913 etiam
1298 2846 1446 2931 proxima

80 2969 166 3033 quae
193 2950 236 3015 de
261 2946 456 3015 Parmenide
485 2953 518 3012 et
538 2947 678 3014 Platone
705 2949 922 3033 proferuntur.
956 2971 1031 3015 num
1060 2971 1151 3015 suam
1179 2950 1240 3015 sihi
1266 2949 1445 3014 doctrinam

82 3052 228 3137 proferat
256 3070 299 3115 au
328 3049 480 3114 omissam
507 3068 528 3113 a
556 3050 688 3135 ceteris,
715 3072 781 3116 non
808 3052 933 3116 dirimo.
968 3053 1026 3117 sed
1054 3052 1271 3118 memorabilis
1298 3059 1348 3118 est
1375 3051 1445 3117 vitii

79 3157 259 3220 consensus
281 3152 334 3234 qui
357 3150 530 3217 intercedit
551 3171 624 3216 cum
639 3159 777 3234 cognato
794 3153 891 3218 Probi
916 3154 987 3219 looo
1011 3154 1051 3219 es.
1074 3175 1173 3238 supra
1195 3177 1225 3238 p.
1244 3156 1285 3219 92
1300 3155 1318 3218 ¹.
1341 3153 1445 3235 magis

81 3263 192 3320 amen
214 3253 392 3321 abhorrent
414 3253 620 3338 Aristotelea,
643 3274 727 3337 quae
749 3254 781 3319 in
805 3257 997 3321 Tusculanis
1021 3257 1188 3323 Ciceronis
1209 3259 1284 3322 110
1298 3264 1332 3316 ‘aa
1355 3257 1393 3320 ll
1410 3266 1441 3316 41

81 3365 114 3424 et
140 3357 231 3442 apud
253 3358 395 3422 Psellum
423 3357 464 3423 de
492 3356 640 3422 omnisar.
669 3357 772 3423 doctr.
797 3359 877 3424 elil
902 3356 1057 3444 [Cramer.
1080 3360 1195 3426 anecd.
1217 3359 1311 3424 Paris
1333 3360 1348 3423 1
1370 3356 1444 3443 335]

81 3459 229 3525 similiter
251 3459 410 3541 leguntur.
445 3480 517 3524 oum
539 3458 713 3524 Aristotele
736 3460 975 3542 quodammodo
991 3462 1162 3527 coniuncta
1176 3467 1225 3526 est
1240 3460 1446 3527 Alcmaeonis

84 3561 202 3644 opinio.
235 3580 312 3625 nam
334 3561 390 3627 ille
412 3559 554 3644 metaph.
575 3561 605 3625 A
624 3561 645 3625 5
667 3582 697 3644 p.
714 3561 795 3625 986·
813 3564 854 3627 32
877 3564 1006 3630 dixerat
1024 3565 1187 3647 Ἀλκμαίων
1205 3610 1213 3626 .
1230 3610 1239 3627 .
1255 3610 1263 3626 .
1280 3565 1372 3646 λέγων
1394 3565 1445 3633 τὰς

83 3664 294 3746 ἐναντιότητας,
321 3662 409 3745 quad
435 3662 646 3729 Clementinis
673 3659 824 3729 accurate
851 3667 1035 3750 respondet.
1075 3667 1133 3732 sed
1161 3686 1203 3732 ne
1230 3665 1291 3730 hoo
1315 3665 1445 3749 quidem

84 3765 113 3830 iu
135 3765 297 3831 communi
320 3764 403 3831 libro
426 3765 504 3830 olim
525 3764 661 3831 infuisse
684 3785 705 3830 a
727 3766 844 3832 ceteris
867 3768 1020 3834 omissum
1042 3768 1225 3853 praefracte
1247 3767 1443 3850 negaverim.

85 3888 140 3934 nec
162 3867 362 3952 pertinacius
384 3875 494 3933 tamen
518 3867 684 3951 obsistam,
707 3868 734 3932 si
758 3869 830 3951 quis
853 3870 1043 3936 eruditionis
1063 3871 1204 3955 laudem,
1226 3889 1321 3953 quam
1338 3890 1445 3952 pereo·

85 3977 177 4035 natus
204 3970 261 4036 ille
289 3968 439 4036 Clemens
466 3969 668 4035 ambitiosius
696 3970 793 4054 petit,
822 3971 856 4035 in
886 3973 1119 4057 supplementis
1147 3972 1218 4037 istis
1245 3971 1445 4053 adgnoscere

84 4072 198 4137 velit.¹

157 4174 362 4239 Revertimur
385 4173 481 4256 igitur
504 4174 646 4257 undique
668 4176 710 4240 ad
730 4177 922 4260 ampliorem
938 4176 1099 4260 quendam
1116 4176 1231 4240 librum
1248 4177 1337 4241 euius
1354 4177 1444 4242 linha-

79 4282 191 4341 menta
217 4297 259 4342 ex
286 4276 386 4342 Sexto
410 4276 603 4360 Galeuoque
629 4276 831 4344 adumbravi.
865 4279 1009 4362 quisquis
1038 4286 1150 4345 auctor
1171 4279 1232 4344 luit
1253 4278 1339 4344 illius
1361 4299 1446 4344 com«

75 4377 205 4462 pendii,
234 4378 377 4444 Stoicam
403 4377 607 4462 disciplinam
634 4379 687 4443 vel
714 4387 802 4446 oerte
828 4388 930 4445 artem
953 4381 1122 4464 amplexus
1146 4388 1205 4447 est.
1240 4401 1304 4463 qua
1325 4382 1444 4446 virtute

75 4478 183 4545 Sexto
206 4481 407 4564 potissimum
430 4485 583 4563 acceptus
604 4479 704 4548 luisse
727 4482 856 4548 videtur
872 4483 1054 4550 Stoicorum
1077 4491 1234 4567 perpetuo
1252 4482 1443 4569 obstrigilla-

154 4652 161 4683 ¹
180 4655 248 4704 VIII
267 4654 283 4706 'l
307 4671 358 4704 non
377 4672 431 4705 sam
450 4656 559 4722 ipsias-ac
577 4671 645 4721 qaae
664 4657 717 4707 cira
734 4657 901 4724 definitiones
916 4657 1133 4724 philosophorum
1152 4676 1183 4709 ee
1203 4659 1244 4708 hic
1263 4676 1329 4723 qaae
1345 4677 1441 4726 propc-

80 4740 168 4792 scari.
195 4740 262 4807 qaid
285 4752 460 4807 consequatur
482 4759 594 4809 αρνιοννο
617 4744 730 4794 marinae
753 4743 817 4809 qaia
835 4760 902 4809 prae
926 4745 1019 4795 ceteris
1035 4745 1195 4810 pbilosophis
1215 4743 1327 4811 Epicuri
1343 4748 1443 4799 scholas

72 4828 253 4891 frequentavi.
282 4828 375 4894 frater
394 4839 479 4880 calens
497 4847 569 4880 naeres
584 4830 683 4896 Aquila
699 4831 783 4896 inopis
797 4830 960 4895 Pprrhonioe
978 4842 1080 4883 secretae
1100 4843 1146 4893 eet,
1165 4832 1235 4884 olias
1254 4843 1341 4885 catera
1353 4836 1444 4901 frater

86 4924 171 4963 croslet·
190 4913 342 4966 Platonicos
361 4927 385 4966 el
405 4917 594 4969 Aristotelicas.
624 4920 710 4984 itaque
730 4936 786 4968 carn
805 4919 948 4970 eraditis
968 4920 1016 4970 tibi
1034 4920 1248 4971 auditoribus
1268 4937 1353 4972 sernia
1372 4931 1415 4976 est.
