3442 5588
425 357 806 458 ως).
819 357 861 408 ΠΙ
882 357 912 409 17
925 367 985 405 r-t
1408 357 1471 421 383

255 462 463 513 PLUTARCHI
481 464 573 513 ΕΡΙΤ.
587 463 629 513 111
650 462 681 513 17
790 424 1191 514 milch.
1206 464 1218 511 1
1237 460 1272 512 38
1285 459 1344 523 [33]

812 598 846 661 ἂν
873 599 952 684 τύχη
979 601 1167 684 παραπαστὰς
1195 596 1426 664 ὑποσυνέλκοντι.

807 705 899 766 ταῦτα
921 703 953 765 δὲ
983 702 1147 788 συμβαίνειν
1179 704 1245 786 περί
1269 700 1321 770 τὰς
1348 698 1427 785 έώσς

806 803 854 866 καί
876 804 928 874 τὰς
951 805 1149 891 μεσημβρινὰς
1171 802 1325 872 ἐκκλίσεις.

188 904 328 974 Πυθέας
350 908 366 969 6
391 904 608 991 Μασσαλιώτης
628 906 667 988 τῇ
688 908 759 989 πλη-
777 910 794 963 3
856 904 996 977 Πυθέας
1018 909 1034 972 6
1057 905 1274 988 Μασσαλιώτης
1295 909 1333 987 τῇ
1356 908 1427 988 πλη-

145 1009 232 1091 ρώσει
265 1012 317 1092 τῆς
345 1010 467 1093 σελήνης
500 1010 551 1078 τὰς
584 1009 760 1093 πλημμύρας
811 1011 898 1092 ρώσει
928 1013 981 1093 τῆς
1008 1011 1131 1094 σελήνης
1160 1009 1208 1072 καί
1239 1012 1276 1090 τῇ
1307 1010 1424 1090 μειώσει
1450 1029 1462 1065 τ

146 1109 289 1192 γίνεσθαι,
317 1111 357 1194 τή
383 1111 416 1173 δὲ
444 1114 562 1193 μειώσει
584 1111 636 1181 τὰς
657 1112 760 1194 ἀμπώ-
810 1111 861 1180 τάς
894 1110 1031 1195 ἑκατέρου
1061 1110 1171 1175 τούτων
1206 1109 1299 1179 αἰτίας
1333 1110 1426 1173 ἀνατί-

146 1213 235 1280 τιδας.
812 1213 909 1297 θησιν.

777 1318 794 1369 4
856 1314 1093 1384 Ποσειδώνιος
1127 1315 1183 1378 ὑπδ
1212 1315 1264 1396 μὲν
1297 1319 1350 1398 τῆς
1383 1336 1426 1378 σε·

811 1420 901 1503 λήνης
930 1418 1071 1482 κινεῖσθαι
1100 1417 1167 1487 τοὺς
1197 1414 1335 1498 ἀνέμους,
1369 1418 1425 1481 ὑπὺ

812 1520 845 1583 δὲ
877 1520 986 1586 τούτων
1020 1520 1057 1584 τά
1089 1520 1216 1603 πελάγη,
1250 1518 1279 1582 έν
1314 1520 1356 1589 οἷς
1389 1522 1425 1584 τὰ
1438 1540 1461 1579 10

811 1623 1005 1708 προειρημένα
1026 1622 1172 1706 γίγνεσθαι
1195 1622 1289 1704 πάθη.

123 1745 136 1781 t
190 1723 333 1788 Πλάτων
360 1724 407 1788 έπί
434 1725 487 1808 τὴν
510 1724 620 1810 αἰώραν
642 1726 795 1811 φέρεταιύ
856 1722 1001 1789 Πλάτων
1028 1725 1076 1789 έπί
1102 1726 1154 1810 τήν
1177 1724 1287 1808 αἰώραν
1309 1725 1425 1810 φέρεται

150 1831 208 1890 τῶν
231 1827 357 1890 ὑδάτων·
391 1826 463 1891 εἰναι
490 1830 544 1912 γάρ
566 1852 629 1893 τινα
651 1829 761 1914 αἰώραν
811 1831 870 1890 τών
893 1827 1017 1892 ὑδάτων.
1049 1825 1122 1891 εἰναι
1144 1828 1198 1911 γάρ
1220 1850 1283 1891 τινα
1302 1829 1425 1913 φυσικὴν

147 1930 195 1991 διά
215 1952 290 1999 τινος
311 1925 453 2016 [στομίου]
475 1933 621 2016 τρήματος
647 1933 761 2019 περιφέ·
811 1928 921 2013 αἰώραν
951 1932 998 1994 διά
1030 1952 1104 2000 τινος
1137 1929 1248 2013 ἐγγείου
1281 1933 1427 2015 τρήματος

148 2051 252 2114 ρυυσαν
287 2032 470 2116 παλίρροιαν,
504 2031 553 2118 ὑφ’
588 2034 625 2119 ής
651 2035 760 2098 άντικυ
811 2032 1021 2116 περιφέρουσαν
1042 2033 1095 2117 τὴν
1117 2032 1296 2117 παλίρροιαν,
1319 2031 1368 2119 ὑφ’
1390 2033 1426 2118 ἧς
1438 2052 1461 2090 1⁶

150 2133 303 2216 μαίνεσθαι
325 2134 362 2198 τὰ
383 2135 506 2218 πελάγη.
812 2134 1065 2217 ἀντικυμαίνεσθαι
1087 2135 1123 2197 τὰ
1145 2135 1268 2218 πελάγη.

114 2252 138 2290 1⁰
191 2232 337 2317 Τίμαιος
364 2236 430 2306 τοὺς
458 2237 654 2321 ἐμβάλλοντας
675 2262 762 2303 ποτα·
781 2248 796 2300 6
854 2233 879 2298 T
886 2235 897 2297 ί
902 2259 1006 2318 ματος
1029 2234 1274 2321 ὑΤαυρομσνίτης
1295 2239 1362 2306 τοὺς
1377 2236 1425 2318 ἐμ·

149 2336 220 2418 μυὺς
256 2335 297 2407 εἰς
329 2338 381 2421 τὴν
411 2336 595 2424 Ἀτλαντικὴν
628 2341 676 2405 διὰ
707 2346 761 2425 τῆς
812 2337 969 2421 βάλλοντας
994 2339 1142 2421 ποταμούς
1171 2339 1212 2408 εἰς
1237 2340 1289 2422 τὴν
1313 2336 1425 2402 Ἀτλαν-

60 2472 66 2480 ·
148 2435 292 2523 Κελτικῆς
308 2439 421 2524 ὀρεινῆς
435 2440 571 2519 αἰτιᾶται,
593 2443 760 2526 πρυωθούν-
811 2441 894 2525 τικήν
917 2441 966 2505 διὰ
983 2446 1036 2527 τῆς
1051 2438 1195 2524 Κελτικῆς
1210 2440 1322 2526 ὀρεινῆς
1337 2440 1426 2503 αἰτιά-

148 2564 199 2611 τας
221 2542 273 2623 μὲν
293 2546 355 2612 ταῖς
370 2542 485 2627 ἐφόδοις
508 2541 569 2630 [καὶ
584 2546 760 2630 πλήμμυραν
810 2566 857 2607 ται
884 2543 1091 2628 προωθοῦντας
1119 2543 1171 2626 μὲν
1203 2547 1267 2613 ταῖς
1297 2541 1424 2626 ἐφόδοις,
1437 2559 1461 2597 20

147 2641 325 2731 τοιούντας],
353 2645 528 2729 ὑφέλκοντας
555 2647 588 2709 δὲ
609 2651 671 2717 ταῖς
694 2649 760 2712 ἀνα·
813 2644 989 2729 ὑφέλκοντας
1011 2647 1045 2709 δέ
1065 2648 1128 2716 ταῖς
1151 2645 1339 2713 ἀναπαύλαις.
1383 2681 1386 2684 «

114 2764 137 2802 1⁵
149 2746 271 2817 παύλαις
300 2743 360 2832 [καὶ
389 2748 559 2829 ἀμπώτιδας
586 2751 761 2813 κατασκευά-

148 2845 271 2935 ζονταςῙ.

777 2976 793 3028 7
855 2951 996 3040 Κράτης
1023 2957 1039 3020 6
1061 2955 1258 3040 γραμματικὸς
1280 2956 1329 3018 τδν
1351 2954 1424 3017 σἰντι-

810 3057 944 3140 σπασμδν
966 3061 1018 3142 τῆς
1040 3056 1192 3140 θαλάσσης
1213 3056 1350 3121 αἰτιᾶται.

776 3177 797 3255 ιγ
851 3156 1113 3243 Ἀπολλόδωρος
1136 3161 1152 3223 6
1172 3156 1352 3244 Κερκυραῖος
1372 3157 1424 3226 τὰς

809 3259 842 3324 ἐκ
864 3265 916 3324 τού
936 3262 1070 3326 ὠκεανοῦ
1092 3261 1270 3346 παλιρροίας.
1435 3278 1459 3316 u

188 3359 358 3432 Σέλευκος
380 3362 396 3425 6
421 3361 638 3446 μαθηματικός,
669 3367 757 3427 κινῶν
777 3385 792 3437 9
852 3361 1026 3433 Σέλευκος
1054 3364 1070 3426 6
1093 3350 1297 3446 μαθηματικδς
1319 3361 1424 3442 ἀντιγε-

147 3463 194 3526 καί
217 3461 300 3534 υὺτυς
319 3465 372 3549 τὴν
386 3467 451 3548 γῆν,
473 3465 651 3529 άντικόπτειν
666 3465 758 3549 αὐτῆς
808 3467 927 3549 γραφώς
970 3460 1144 3548 Κράτητι,
1188 3470 1275 3528 κινῶν
1319 3462 1425 3531 καύτθς

145 3566 184 3647 τῇ
212 3565 277 3650 δίνη
306 3567 377 3651 φησί
411 3567 458 3630 καί
490 3567 531 3650 τή
563 3569 672 3653 κινήσει
704 3569 757 3653 τὴν
808 3566 861 3649 τὴν
882 3570 952 3650 γῆν,
975 3565 1154 3630 ἀντικόπτειν
1176 3566 1267 3651 αὐτῆς
1289 3567 1333 3652 τῷ
1354 3565 1424 3649 δίνιμ

109 3667 339 3753 νσπεριστρυφὴν
371 3672 424 3752 τῆς
457 3671 596 3754 σελήνης·
640 3674 692 3734 τοῦ
725 3670 759 3733 δέ
808 3669 880 3752 φησί
910 3669 963 3752 τὴν
991 3669 1185 3754 περιστροφὴν
1212 3673 1264 3752 τῆς
1292 3669 1425 3752 σελήνης·

147 3770 251 3853 μεταξὺ
274 3769 447 3854 ἀμφοτέρων
469 3775 527 3835 τών
550 3773 695 3854 σωμάτων
712 3773 758 3835 ἀν·
808 3772 860 3832 τού
888 3770 921 3833 δέ
948 3769 1053 3852 μεταξύ
1083 3770 1256 3856 ἀμφοτέρων
1281 3774 1340 3833 τῶν
1368 3788 1460 3834 σωνο

143 3871 391 3957 τιπερισπωμένου
417 3872 579 3955 πνεύματος
604 3875 652 3938 καὶ
679 3874 760 3957 ἐμπί-
811 3872 910 3955 μάτων
948 3872 1231 3959 ἀντιπερισπωμένου
1264 3872 1425 3956 πνεύματος

144 3997 263 4044 πτοντος
296 3973 337 4044 εἰς
369 3976 403 4038 τὸ
428 3972 608 4040 Ἀτλαντικὸν
636 3975 760 4059 πέλαγος
810 3976 859 4038 καί
892 3974 1083 4057 ἐμπίπτοντος
1109 3975 1151 4045 εἰς
1181 3976 1216 4038 τδ
1244 3973 1425 4040 Ἀτλαντικὸν

145 4077 220 4140 κατὰ
247 4077 332 4159 λόγον
364 4076 448 4162 αὐτῷ
476 4077 674 4161 συγκυκᾶσθαι
707 4079 759 4162 τὴν
810 4076 935 4160 πέλαγος
960 4078 1036 4142 κατὰ
1064 4078 1148 4162 λόγον
1171 4077 1249 4140 οὑτω
1272 4074 1425 4160 σύγκυμαί-

108 4199 134 4236 κν
146 4179 308 4243 θαλασσαν.
810 4180 911 4244 νεσθαι
933 4181 986 4265 τὴν
1008 4180 1170 4243 θσλασσαν.

100 4341 237 4348 ——.
267 4343 301 4349 ---

138 4431 233 4488 tert
257 4433 353 4505 αἰώραν
369 4440 404 4491 B:
429 4435 511 4508 ἐώραν
528 4438 598 4500 (Αλῦ
622 4432 635 4505 ΙΙ
660 4436 761 4506 φέρεται
810 4441 943 4489 transitive
968 4453 1009 4504 tp.
1032 4437 1139 4502 Orphic.
1163 4437 1226 4500 Arg.
1244 4435 1306 4489 492.
1343 4439 1420 4490 Philo
1439 4440 1465 4489 d.

106 4522 193 4574 Aue:
212 4520 330 4591 φέρεσθαι
348 4528 427 4592 vulgo
812 4527 900 4577 mund.
919 4523 981 4592 opii.
998 4525 1026 4576 li
1052 4523 1107 4590 μθ
1123 4532 1150 4574 οι
1162 4521 1195 4575 θΊ
1215 4525 1252 4574 Μ.
1269 4527 1356 4590 itaque
1373 4528 1467 4577 frustra

136 4611 152 4662 7
172 4608 274 4677 στομίου
292 4616 422 4677 glossema
438 4629 490 4678 quo
509 4615 649 4677 genuinum
667 4609 761 4680 ἐγγείου
812 4614 934 4665 Meineke
952 4610 1110 4682 πλημμυρτῖν
1127 4613 1237 4661 παιούντι
1257 4608 1270 4679 {i
1289 4612 1299 4663 1
1314 4609 1393 4682 τύχης
1410 4615 1436 4664 Ι)
1452 4610 1465 4680 ΙΙ

103 4706 236 4749 extrusum
255 4710 293 4749 εστ
811 4699 913 4769 θπαρά
930 4702 970 4751 Ι)τ
989 4699 1045 4768 περί
1073 4715 1139 4750 corr.
1163 4700 1283 4749 Mainake
1303 4696 1316 4767 β
1336 4701 1353 4752 4
1372 4696 1467 4756 καθίας

140 4785 172 4838 13
190 4789 339 4852 impeditior
361 4797 489 4841 structura
507 4789 639 4841 Plutarchi
659 4787 758 4837 additu·
809 4785 823 4839 6
841 4784 997 4856 μασαλιήτης
1018 4789 1056 4838 D:
1076 4803 1141 4837 corr.
1166 4787 1287 4837 Gaisiord
1308 4783 1320 4853 Ιί
1340 4785 1375 4839 33
1399 4783 1467 4837 οὑτω

101 4882 189 4925 menta
206 4874 417 4934 καί-ποιοῦντας
435 4886 461 4927 et
473 4876 516 4928 καί
528 4871 760 4932 κατασκευάζοντας
809 4876 835 4926 D
855 4877 925 4939 quod
944 4876 1081 4926 ementiare
1098 4876 1170 4925 uolui

103 4962 191 5026 prodit
210 4964 242 5012 ei·
260 4966 331 5016 Proi.
350 4962 422 5030 μ,θὺ
