3442 5588
189 373 254 438 564
451 377 654 429 HIPPOLYTI
672 377 1036 431 PHILOSOPHUMBNON
1054 379 1139 431 ill—⁶
1154 379 1193 431 10.
1210 380 1249 432 11.
1262 379 1294 432 λθ

241 544 419 627 κοιλότητος,
442 544 485 607 ότι
509 546 524 608 ό
547 547 630 629 ἥλιος
653 547 711 631 οὐχ
733 547 794 629 ἅμα
817 547 965 611 ἀνατέλλει
987 571 1019 610 τε
1041 548 1090 611 καλ
1114 548 1212 611 δύεται
1234 550 1333 623 πᾶσιν,
1356 547 1429 631 ὅπερ
1450 543 1510 609 ἔδει

206 654 222 705 5
241 647 416 731 συμβαίνειν,
439 646 519 732 είπερ
541 647 577 731 ἦν
601 650 708 731 ὁμαλή.
862 650 926 734 περὶ
948 651 981 713 δὲ
996 649 1081 736 ζῴων
1096 650 1194 734 φησίν,
1217 649 1260 713 ὅτι
1276 648 1509 733 θερμαινομένης

238 753 291 832 τῆς
311 754 365 833 γῆς
387 751 420 814 τὸ
443 754 558 834 πρῶτον
585 749 680 834 ἐντῷ
705 751 785 813 κάτω
818 750 913 835 μέρει,
944 753 1018 817 ὅπου
1047 755 1081 816 τδ
1113 752 1222 837 θερμὸν
1251 752 1300 815 καλ
1329 753 1363 815 τδ
1392 752 1508 835 ψυχρόν

236 851 384 934 ἐμίσγετο,
407 852 575 937 ἀνεφαίνετο
597 855 633 939 τά
655 875 686 915 τε
708 851 783 915 άλλα
806 856 870 937 ζῷα
892 856 986 918 πολλὰ
1008 857 1056 919 καὶ
1079 856 1107 919 οἱ
1131 854 1292 939 άνθρωποι,
1315 854 1431 917 ἅπαντα
1453 851 1508 935 τὴν

236 953 327 1038 αὐτὴν
343 956 452 1019 δίαιταν
475 952 581 1039 ἔχοντα
603 954 636 1016 ἐκ
658 959 710 1038 τῆς
733 955 811 1024 ἰλύος
832 956 996 1040 τρεφόμενα
1017 956 1068 1043 (ἦν
1091 958 1124 1020 δὲ
1146 955 1357 1041 όλιγυχρόνια)·
1382 957 1504 1039 ὕστερον
1523 975 1535 1010 ⁵

206 1066 221 1117 6
240 1057 272 1119 δὲ
294 1057 394 1127 αὐτοῖς
414 1059 462 1121 καὶ
479 1056 508 1126 ἐξ
523 1059 659 1141 ἀλλήλων
673 1057 782 1138 γένεσις
798 1057 930 1142 συνέστη.
1085 1060 1134 1122 καὶ
1151 1059 1337 1141 διεκρίθησαν
1353 1057 1506 1143 ἄνθρωποι

240 1161 299 1222 ἀπὸ
325 1166 384 1223 τῶν
410 1159 507 1222 άλλων
539 1160 586 1222 καλ
615 1158 759 1243 ἡγεμόνας
786 1161 834 1223 καὶ
856 1161 962 1243 νόμους
994 1161 1043 1224 καὶ
1071 1160 1175 1247 τέχνας
1201 1162 1250 1225 καὶ
1276 1161 1375 1230 πόλεις
1397 1161 1445 1223 καλ
1470 1161 1508 1223 τὰ

242 1261 316 1325 άλλα
345 1262 531 1346 συνέστησαν.
582 1267 649 1325 νοῦν
677 1263 710 1324 δὲ
736 1260 812 1344 λέγει
839 1265 926 1326 πᾶσιν
954 1262 1119 1348 ἐμφύεσθαι
1148 1260 1235 1347 ζῴοις
1261 1264 1380 1344 ὁμοίως.
1431 1267 1505 1348 χρῆ-

241 1363 311 1427 σθαι
346 1365 400 1448 γὰρ
430 1366 551 1429 ἕκαστον
584 1366 632 1428 καί
676 1368 735 1427 τῶν
770 1363 855 1449 ζῴων
888 1369 931 1449 τῷ
959 1370 1001 1450 νῷ
1037 1367 1070 1429 τδ
1099 1366 1152 1447 μὲν
1180 1365 1377 1450 βραδυτέρως,
1408 1366 1442 1428 τό
1473 1366 1507 1428 δὲ

235 1467 412 1551 ταχυτέρως.
1525 1487 1547 1526 ιυ

321 1568 363 1634 10
403 1568 442 1634 ‘H
471 1570 523 1651 μὲν
552 1567 602 1632 ούν
629 1570 737 1653 φυσικὴ
761 1571 920 1655 φιλοσοφία
948 1570 1008 1633 ἀπὸ
1037 1567 1198 1651 Θάλητος
1228 1570 1285 1641 έως
1313 1569 1504 1656 Ἀρχελάου

237 1672 373 1754 διέμεινε·
397 1672 500 1735 τούτου
522 1672 627 1754 γίνεται
651 1670 844 1755 Σωκράτης
866 1673 1021 1756 ἀκροατής.
1067 1671 1122 1734 εἰσὶ
1146 1672 1179 1734 δὲ
1200 1673 1248 1735 καλ
1264 1672 1357 1756 ἕτεροι
1373 1676 1503 1738 πλεῖστοι

236 1775 390 1860 διαφόρους
425 1774 509 1844 δόξας
542 1775 783 1858 προενεγκάμενσι
812 1775 879 1859 περί
903 1798 935 1838 τε
966 1777 1017 1836 τού
1049 1773 1130 1836 θείου
1158 1775 1206 1836 καὶ
1234 1779 1287 1858 τῆς
1315 1780 1366 1838 τοῦ
1395 1778 1502 1847 παντὸς

236 1877 361 1960 φύσεως.
405 1878 447 1940 ὧν
469 1878 495 1940 εί
517 1879 612 1946 πάσας
633 1877 684 1946 τὰς
707 1875 791 1946 δόξας
813 1876 997 1960 ἐβουλόμεθα
1019 1876 1210 1960 παραθεῖναι,
1232 1879 1344 1961 πολλὴν
1367 1878 1402 1943 ἀν
1430 1879 1501 1962 ύλην

202 1986 218 2037 2
237 1979 355 2064 βιβλίων
377 1977 435 2042 ἔδει
457 1981 689 2052 κατασκευάζειν.
844 1980 885 2042 ὦν
908 1979 941 2042 δὲ
962 1977 1020 2043 ἔδει
1044 1980 1169 2061 μαλιστα
1182 1977 1230 2042 ἐπ’
1252 1980 1393 2063 ὀνόματος
1408 1979 1501 2045 ὄντων
1522 2002 1544 2039 ιι

237 2082 285 2144 καὶ
315 2085 356 2150 ὡς
386 2082 475 2144 εἰπεῖν
506 2083 671 2165 κορυφαίων
706 2086 775 2145 πᾶσι
807 2087 867 2151 τοῖς
902 2082 1056 2163 μετέπειτα
1088 2084 1304 2167 φιλοσοφησασι
1337 2082 1501 2166 γενομένων

234 2184 367 2268 ἀφορμὰς
396 2184 566 2247 δεδωκότων
595 2185 666 2266 πρὸς
698 2185 734 2247 τὰ
764 2183 987 2268 ἐπιχειρούμενα
1017 2184 1253 2268 ὑπομνησθέντες
1283 2185 1330 2248 ἐπὶ
1364 2186 1400 2248 τὰ
1435 2186 1504 2270 ἑξῆς

235 2289 410 2371 όρμήσομεν.

319 2388 354 2454 ll
398 2387 456 2452 Καὶ
478 2390 531 2473 γὰρ
554 2390 602 2452 καὶ
632 2388 855 2473 Παρμενίδης
883 2389 914 2452 ἓν
942 2390 995 2471 μὲν
1022 2390 1056 2452 τὸ
1078 2392 1136 2452 πᾶν
1158 2389 1327 2454 ὑποτίθεται
1350 2391 1444 2456 ἀίδιόν
1466 2415 1500 2455 τε

232 2493 281 2555 καὶ
304 2493 441 2575 ἀγένητον
464 2494 510 2555 καὶ
534 2492 724 2577 σφαιροειδές,
746 2493 814 2556 οὐδὲ
836 2491 924 2561 αὐτὸς
945 2492 1094 2576 έκφεύγων
1116 2493 1169 2576 τὴν
1190 2497 1248 2554 τῶν
1269 2497 1385 2557 πολλῶν
1400 2493 1499 2568 δόξαν,
1517 2515 1541 2552 -ιυ

233 2598 290 2678 πῦρ
312 2595 404 2676 λέγων
427 2595 474 2657 καλ
497 2599 550 2677 γῆν
573 2594 624 2664 τὰς
651 2600 702 2658 τοῦ
724 2597 830 2665 παντὸς
853 2595 961 2680 ἀρχάς,
991 2596 1043 2678 τὴν
1072 2596 1124 2677 μὲν
1150 2600 1204 2680 γῆν
1227 2599 1271 2666 ὡς
1294 2596 1378 2680 ύλην,
1409 2599 1442 2660 τδ
1466 2599 1502 2661 δὲ

232 2701 290 2780 πῦρ
313 2701 353 2766 ὡς
376 2696 534 2761 αἴτιονκαὶ
559 2702 677 2762 ποιοῦν·
699 2701 748 2762 τόν
772 2697 830 2781 (δὲ)
852 2698 962 2781 κόσμον
984 2695 1042 2783 ἔφη
1065 2699 1254 2784 φθείρεσθαι,
1281 2698 1306 2785 ᾧ
1332 2701 1365 2764 δὲ
1385 2701 1500 2786 τρόπῳ,

202 2798 290 2862 θοδκ
312 2798 401 2862 εἶπεν.
556 2801 682 2870 όαύτδς
704 2801 737 2863 δὲ
758 2799 837 2863 εἶπεν
860 2799 952 2863 ἀίδιον
975 2800 1047 2865 εἶναι
1070 2803 1103 2865 τὸ
1125 2806 1182 2865 πᾶν
1209 2805 1257 2866 καλ
1286 2803 1320 2867 ού
1345 2804 1500 2886 γενόμενον

234 2901 282 2963 κοιλ
305 2904 483 2986 σφαιροειδὲς
505 2905 553 2967 καὶ
576 2906 687 2985 όμοιον,
709 2902 763 2966 οὐκ
785 2901 854 2988 ἔχον
878 2903 911 2966 δὲ
932 2904 1020 2967 τόπον
1043 2905 1073 2967 ἐν
1096 2906 1205 2989 ἑαυτῷ,
1227 2905 1274 2967 καλ
1292 2904 1427 2988 ἀκίνητον
1451 2907 1501 2970 καὶ

233 3006 459 3088 πεπερασμένον.
1520 3027 1544 3065 ιο

316 3105 354 3171 12
399 3109 601 3178 Λεύκιππος
624 3111 657 3173 δὲ
677 3108 843 3193 Ζήνωνος
865 3111 977 3194 ἑταῖρος
993 3111 1028 3175 οὐ
1044 3113 1096 3194 τὴν
1111 3111 1202 3194 αὐτὴν
1218 3111 1302 3180 δόξαν
1318 3113 1499 3195 διετήρησεν,

233 3211 309 3272 ἀλλά
337 3232 424 3294 φησιν
454 3211 559 3296 άπειρα
589 3212 661 3276 εἶναι
691 3213 739 3275 καλ
769 3213 815 3275 ἀεὶ
847 3213 1001 3294 κινούμενα
1036 3215 1085 3277 καὶ
1118 3214 1226 3296 γένεσιν
1256 3214 1304 3276 καλ
1334 3215 1498 3298 μεταβολὴν

200 3319 216 3370 2
235 3317 366 3396 συνεχῶς
389 3313 487 3378 οὖσαν.
533 3321 663 3401 στοιχεῖα
684 3317 717 3378 δὲ
738 3316 815 3396 λέγει
838 3316 871 3378 τδ
887 3318 995 3399 πλῆρες
1010 3316 1059 3378 καὶ
1075 3316 1108 3378 τὸ
1124 3315 1217 3379 κενόν.
1369 3315 1498 3399 κόσμους

231 3415 264 3476 δὲ
286 3415 415 3495 γίνεσθαι
439 3418 528 3500 λέγει·
553 3419 621 3482 όταν
644 3419 684 3488 είς
707 3418 781 3501 μέγα
804 3419 886 3481 κενδν
908 3419 941 3482 ἐκ
962 3423 1013 3481 τοῦ
1037 3417 1221 3503 περιέχοντος
1237 3417 1388 3502 ἀθροισθῇ
1402 3420 1499 3482 πολλὰ

187 3542 369 3551 ...μᾷ-

184 3590 198 3642 1
219 3587 387 3641 ἀνωτέλλειΒ
407 3585 420 3657 ΙΙ
441 3588 576 3656 brebi-6
594 3592 637 3642 καὶ
649 3589 665 3660 ἡ
679 3590 698 3643 ί.
712 3591 736 3643 ἀ.
749 3592 840 3660 γίνισις
892 3591 1013 3661 μήσωμιν
1031 3593 1102 3643 libri:
1121 3607 1186 3642 corr.
1200 3592 1311 3643 Wolflus
1332 3589 1336 3657 l
1369 3591 1399 3644 19
1419 3592 1463 3643 καλ
1481 3587 1548 3661 Περ·

180 3674 383 3746 ἐπηκολούθησεν
393 3694 447 3729 exc.
457 3674 664 3744 ΘεόπΗθκάτω
675 3679 742 3748 μέρει
754 3681 838 3743 Οεδτ.,
892 3676 991 3748 μενίδης
1017 3680 1248 3746 ι1.Τ1ιευρθτ.1τ.
1269 3678 1284 3730 6
1303 3696 1327 3744 p.
1345 3678 1449 3743 482,81
1475 3682 1547 3731 Prol.

181 3775 208 3817 ut
217 3767 300 3818 Ritter
313 3765 550 3817 σοπίευειυιικατὰ
562 3766 636 3834 μέρος
649 3767 799 3834 Ιίθτὶίγότά
811 3784 839 3819 τε
892 3785 916 3833 p.
931 3767 980 3820 146
1006 3762 1019 3835 ΙΙ
1045 3764 1079 3818 θθ
1097 3763 1211 3835 ἐκφεύγει
1230 3768 1327 3816 mavult
1347 3767 1451 3833 Roeper
1474 3763 1488 3835 ΙΙ
1515 3764 1547 3817 22

179 3851 243 3905 ἀλλα
261 3852 314 3922 ζῷα
332 3853 376 3904 καὶ
394 3851 416 3902 oi
436 3848 572 3921 ἅνθρωποι,
591 3851 691 3923 ὕστερον
709 3853 735 3906 δὲ
754 3853 838 3912 αὺτοῖς
890 3852 916 3905 bl
934 3857 1021 3906 addidi
1042 3851 1055 3922 ΙΙ
1076 3851 1111 3906 24
1128 3851 1206 3905 τόπον
1224 3855 1296 3905 libri:
1316 3869 1381 3905 corr.
1399 3855 1513 3906 Brundir
1531 3852 1545 3922 ΙΙ

180 3939 235 3992 κτλ.
255 3943 344 3992 Cedr.=
368 3941 399 3991 τά
422 3957 448 3991 τι
467 3938 531 3991 ἀλλα
550 3941 603 4001 ζῶα
621 3939 702 3993 πολλὰ
720 3943 763 3993 καλ
781 3941 835 3994 ἀνό-
889 3939 923 3996 θθ
936 3939 983 4010 τὴν
995 3939 1073 3992 αὐτοῦ
1086 3938 1159 4000 δόξαν
1174 3943 1319 4005 Memini,
1333 3948 1361 3992 rt
1373 3942 1546 4007 cl.Theopbr.

177 4046 237 4095 μοια
249 4030 329 4079 πάντα
342 4027 397 4079 κτλ.
416 4033 502 4093 inepte
520 4029 578 4078 libri
599 4026 612 4095 ΙΙ
633 4028 648 4080 5
668 4027 740 4085 ίλίως
755 4031 776 4080 Β
791 4026 804 4098 ΙΙ
820 4031 835 4083 6
887 4031 918 4080 fr.
928 4029 945 4080 8
957 4026 1051 4094 p.483,
1061 4026 1091 4079 12
1104 4024 1118 4095 ll
1133 4026 1166 4079 27
1177 4027 1208 4078 τὰ
1217 4028 1297 4079 πάντα
1307 4037 1366 4094 post
1374 4024 1435 4080 εἶναι
1447 4029 1546 4079 addidit

179 4117 281 4184 συνέστη
292 4117 353 4168 TO:
367 4116 498 4184 ἀνέστηΟε
513 4113 717 4187 ἐπηκολούθησεν
730 4119 806 4170 Cedr.
819 4115 832 4187 ΙΙ
887 4118 979 4168 Omine
992 4133 1025 4167 ox
1039 4113 1216 4180 Diog.1x30
1230 4111 1244 4182 ΙΙ
1260 4113 1294 4166 28
1305 4118 1395 4185 συνεχῆ
1409 4118 1507 4178 malim,
1520 4128 1546 4166 ιιι

177 4203 194 4256 8
211 4201 322 4271 λέγεινΒ
335 4200 349 4269 Η
364 4199 500 4272 χρήσεσθαι
513 4204 547 4253 Βι
562 4201 703 4274 χρήσασθαι
715 4207 749 4257 C:
768 4222 834 4258 corr.
887 4201 1041 4257 ἀδιάλειπτον
1054 4203 1123 4267 apud
1135 4202 1268 4268 Theopbr.
1284 4205 1300 4253 l.
1309 4219 1330 4254 ε.
1345 4200 1473 4269 presbb
1484 4200 1500 4271 ΙΙ
1513 4200 1545 4255 θθ

177 4294 261 4344 Ζεθσι·
279 4289 293 4359 Η
313 4292 328 4343 θ
347 4296 398 4342 τῶν
418 4291 544 4358 σωμάτων
563 4287 614 4360 ὅσῳ
633 4289 691 4357 [ύσα
708 4295 743 4359 Β]
762 4296 834 4346 libri:
887 4287 999 4362 γενέσθαι
1014 4291 1084 4341 libri:
1107 4306 1173 4340 corr.
1192 4291 1296 4356 Roeper
1314 4294 1346 4341 cl.
1365 4287 1541 4355 nrog.1x31

176 4383 231 4430 τῶν
259 4378 333 4448 ζῴων
359 4385 396 4448 τῷ
424 4380 512 4447 νοῆσαι
541 4380 648 4430 Usener.
672 4386 709 4449 τῷ
736 4380 836 4451 σώματι
887 4372 1544 4446 [Ρτο1.ρ.14δ],ιιτιύυοῦτωεροεῐλίγιιεάθὶύθ·

177 4463 271 4535 ὁμοίως
283 4471 350 4517 coni.
360 4468 451 4529 Ritter,
461 4463 568 4518 ἕκαστον
581 4471 655 4533 σῶμα
667 4471 704 4536 τῷ
714 4467 763 4538 νόιμ
774 4471 834 4532 (del.
888 4465 913 4519 δέ
937 4465 1010 4529 (ὧδε)
1039 4469 1107 4518 conl.
1132 4467 1236 4517 Usener
1261 4462 1275 4534 ΙΙ
1300 4465 1447 4532 μετάκοινοι
1471 4463 1543 4516 libri:

175 4554 218 4606 καί
236 4555 298 4616 τῶν)
312 4555 405 4604 Οτιιὶυε
426 4549 439 4620 ll
461 4554 491 4605 ll
505 4552 530 4604 τί
544 4553 588 4620 μὲν
601 4554 623 4604 Β
637 4550 651 4622 ΙΙ
665 4550 771 4623 θαίητος
783 4558 805 4607 Β
821 4553 835 4624 ΙΙ
888 4571 953 4606 corr.
966 4555 1070 4619 Βοεροι·
1087 4555 1155 4604 conl.
1168 4553 1265 4603 Laertii
1279 4555 1296 4603 l.
1310 4569 1331 4602 υ.
1350 4547 1470 4621 φέρεσθαι
1488 4549 1541 4603 κατ’

179 4639 210 4693 13
236 4641 458 4710 προσενεγκάμενοι
480 4642 552 4691 libri:
580 4657 646 4692 corr.
673 4643 775 4708 Roeper
802 4645 834 4695 ci.
886 4641 1016 4710 ἀποτομὴν
1035 4640 1064 4692 ἐκ
1083 4644 1129 4708 τῆς
1147 4638 1248 4708 ἀπείρου
1266 4636 1467 4706 πυλλόισιύματα
1486 4657 1543 4691 παν-

172 4725 268 4794 prbi,
278 4727 388 4781 maort.
404 4724 418 4793 ΙΙ
436 4728 466 4779 14
482 4723 708 4796 ἑβυυλεύμκθαΒΗ
722 4729 833 4783 1511οε·
883 4732 1012 4786 τοῖα-τοῖς
1034 4727 1160 4798 σχήμασιν
1185 4727 1229 4783 είς
1251 4727 1331 4796 μίγα
1354 4726 1458 4788 κενόν,
1483 4725 1542 4795 άπερ

173 4832 220 4881 ρει·
238 4817 354 4867 mutabat
371 4819 424 4867 τῶν
437 4812 463 4865 δὲ
477 4813 618 4883 μάλιστα·
631 4817 775 4885 κορυφαίων
793 4834 832 4885 γε·
885 4813 1048 4887 ἀθροισθέντα
1067 4812 1136 4884 δίνην
1154 4812 1336 4884 ἀπεργάζεσθαι
1347 4815 1423 4883 μίαν,-
1434 4811 1493 4866 καθ’
1513 4813 1544 4882 ὴν

172 4903 284 4971 νομένων
312 4908 371 4955 πᾶσι
428 4901 542 4971 ἀφορμάς
564 4899 714 4955 δεδωκότων
738 4904 792 4957 κτλ.
819 4905 832 4971 jl
885 4901 1071 4976 προσκρούοντα
1104 4903 1148 4955 καλ
1185 4902 1352 4961 παντοδαπῶς
1385 4900 1543 4971 κυκλούμενα

174 4991 205 5045 16
225 4990 339 5061 γονίμους
359 4989 473 5061 ἀφορμὰς
492 4993 558 5041 coni.
582 4991 681 5043 Usener
700 4990 714 5058 ll
738 4992 771 5045 18
790 4991 832 5064 όρ·
885 4990 1051 5063 διακρίνεσθαι
1074 4992 1153 5063 χωρὶς
1177 4994 1209 5045 τά
1234 4990 1307 5062 όμοια
1330 4991 1393 5062 πρὸς
1410 4992 1443 5044 τὰ
1462 4989 1542 5062 ύμυια.
