3442 5588
644 315 921 365 raorlsoonnnn
1440 313 1460 376 9

101 491 167 547 tate
200 482 408 565 praestiterit.
453 482 543 546 iuvet
570 480 632 546 hoc
659 483 815 566 exemplis
842 484 1031 566 quibusdam
1058 485 1282 568 courprobare,
1311 484 1462 566 quoniam

100 583 231 649 Eusebii
253 585 356 650 virtus
375 585 419 650 ab
441 583 619 651 editoribus
644 591 801 666 quotquot
824 585 988 651 Plutarchi
1016 586 1144 652 libellus
1168 595 1283 651 noctus
1311 592 1360 651 est
1386 604 1464 649 non-

99 687 175 750 dum
198 686 328 769 cognita
350 687 487 752 videtur.
531 686 622 751 132
644 687 693 750 διὰ
715 691 800 750 τοῦτο
828 688 876 750 καὶ
893 685 1018 773 ’Όμηρος
1040 689 1146 772 ταύτην
1168 692 1220 774 τὴν
1242 690 1372 771 γένεσιν
1396 689 1463 750 ὑπν-

99 789 208 852 :ittera
232 792 295 873 περὶ
323 795 374 853 τοῦ
402 791 514 859 ὕδατος·
548 789 676 858 ὠκεανὸς
704 790 793 874 ὅσπερ
819 790 950 873 γένεσις
976 795 1111 856 πάντεσσι
1137 792 1277 854 τέτυκται.
1323 790 1464 855 tulerunt

100 891 160 955 hoc
183 891 324 956 editores
348 912 413 974 qua
435 893 543 957 solent
565 889 724 973 patientia
750 898 880 974 praeter
904 915 1002 958 unum
1029 894 1237 959 Duebnerum
1268 893 1322 976 qui
1349 893 1464 957 saltem

98 995 189 1056 εἰπεῖν
217 992 343 1057 addidit
369 1002 444 1077 post
470 994 582 1063 ὕδατος.
614 978 748 1075 'quanto
776 992 903 1059 facilius
928 1001 999 1060 erat
1026 995 1198 1060 Eusebium
1224 995 1383 1078 inspicere
1409 991 1463 1076 qui

100 1095 235 1179 praebet
261 1096 367 1178 ταύτην
394 1098 446 1178 τὴν
473 1097 608 1178 γνώρηνῖ
643 1095 793 1177 idemque
815 1096 1016 1179 hiosquensis
1039 1097 1290 1180 optimi'codicis
1312 1117 1370 1162 ora
1392 1115 1464 1161 oon-

99 1197 248 1281 firmavit,
272 1197 359 1263 unde
379 1197 444 1262 iam
461 1197 636 1263 Plutarcho
659 1217 680 1260 a
695 1198 788 1263 nobis
810 1199 992 1263 restitutum
1013 1208 1072 1265 θἐῖ.
1106 1200 1181 1281 qnid
1204 1198 1335 1264 librario
1358 1196 1463 1263 fiendi

99 1300 210 1382 suerit,
236 1300 290 1363 rix
319 1308 370 1366 est
396 1301 604 1366 monendum.
649 1299 808 1365 interdum
834 1301 964 1367 Eusebii
992 1303 1174 1385 exemplum
1200 1301 1463 1384 interpolatorem

99 1402 306 1467 vaferrimum
330 1401 448 1487 arguit,
470 1403 524 1485 qui
548 1400 759 1466 emboliorum
782 1403 864 1467 mira
884 1403 1084 1487 impudentia
1105 1425 1170 1469 non
1186 1404 1289 1468 solum
1305 1403 1464 1468 editorum

98 1505 247 1586 turbam,
281 1504 339 1569 sed
372 1504 487 1569 doctos
521 1523 648 1587 qnoque
681 1511 714 1568 et
747 1513 859 1570 cantos
893 1505 1039 1572 homines
1072 1505 1254 1587 ludificat-us
1287 1514 1344 1570 est.
1399 1504 1464 1568 duo

98 1609 252 1691 exempla
273 1607 353 1671 satis
376 1615 482 1672 sunto.

184 1712 270 1778 134
293 1711 411 1775 leonum
434 1717 499 1775 est:
534 1712 672 1774 dirivatur
691 1712 745 1794 γὰρ
762 1711 856 1794 ἀρχὴν
873 1712 940 1791 μίαν
955 1713 1007 1793 τὴν
1031 1712 1100 1792 ὕλην
1122 1714 1180 1772 τῶν
1205 1709 1304 1783 ὄντων.
1327 1709 1356 1777 ἐξ
1379 1709 1414 1791 ἧς
1429 1710 1465 1771 τὰ

99 1819 203 1882 πάντα.
227 1815 396 1896 ὑποστῆναι.
428 1812 589 1878 neminem
606 1811 675 1878 fore
695 1811 841 1896 spondeo
864 1813 917 1894 qui
940 1812 1031 1877 scioli
1053 1812 1245 1894 sapientiam
1268 1829 1327 1873 sua
1349 1815 1466 1892 sponte

98 1917 263 1981 odoretur.
306 1914 406 1997 quid?
439 1934 480 1979 ne
502 1923 569 1978 tum
593 1914 734 1998 quidem,
755 1935 827 1979 eum
850 1914 881 1978 in
906 1912 1047 1978 Stobaeo
1070 1913 1098 1982 et
1121 1915 1156 1998 ἧς
1178 1915 1214 1977 τὰ
1237 1916 1329 1977 πάντα
1351 1931 1466 1993 cogno·

91 2017 242 2083 serimus
257 2017 382 2099 deesse,
398 2016 440 2082 de
453 2016 569 2080 frende
581 2012 803 2099 cogitabimus.
839 2015 1000 2080 convincit
1010 2016 1275 2099 interpolatorem
1288 2013 1465 2079 omittendo

99 2117 270 2183 Eusebius.
320 2138 450 2204 possum
484 2119 550 2182 alia
577 2119 733 2185 eiusmodi
767 2117 963 2183 emblemata
994 2127 1118 2201 notare,
1152 2120 1274 2184 nullum
1311 2117 1466 2183 audacius

98 2240 196 2303 quam
222 2220 295 2285 hoo.

187 2323 255 2386 119
274 2338 301 2391 3.
320 2342 348 2392 4.
384 2324 575 2395 decemuiros,-
597 2325 651 2388 οὐκ
675 2325 792 2410 ἄπειρον
815 2322 873 2388 ἀλλ’
903 2324 970 2387 ὅσον
993 2323 1134 2408 αὔταρκες
1156 2325 1197 2393 εἰς
1218 2326 1347 2387 διάλυσιν
1369 2324 1399 2385 ἐν
1421 2326 1464 2406 τῷ

99 2428 210 2510 πρώτῳ
223 2427 288 2510 περὶ
311 2431 405 2490 κενοῦ.
437 2425 636 2510 ’,ἱρεστοτέλης
659 2425 755 2510 ἔλεγεν
778 2426 849 2490 εἶναι
872 2428 963 2490 κενόν.
996 2427 1117 2491 Πλάτων
1138 2424 1201 2510 μήτ’
1229 2427 1312 2496 ἐκτὸς
1334 2431 1385 2488 τοῦ
1401 2426 1465 2488 κόσ-

100 2553 157 2609 μευ
180 2526 245 2612 μήτ’
273 2529 354 2598 ἐντὸς
376 2531 466 2612 μηδὲν
489 2528 561 2592 εἶναι
583 2530 675 2593 κενόν.
711 2529 793 2594 haec
814 2528 883 2594 lere
907 2530 1079 2610 vulgantur
1102 2529 1171 2593 sine
1194 2529 1385 2611 suspicionis
1400 2528 1467 2591 nlla

100 2638 188 2695 nota.
206 2631 213 2662 ¹
250 2650 356 2713 neque
370 2630 483 2696 Bakeo
500 2632 673 2714 quidquam
696 2629 819 2694 fraudis
839 2630 989 2714 suboluit,
1012 2632 1065 2715 qui
1082 2631 1308 2697 Posidonianis
1322 2629 1465 2712 reliquiis

100 2733 218 2798 librum
249 2735 313 2817 περὶ
341 2740 424 2797 κενοῦ
452 2742 568 2799 octavo
598 2735 670 2798 loco
697 2732 841 2798 inseruit.
891 2735 948 2799 sed
975 2741 1103 2818 poterat
1127 2735 1316 2817 scrupulum
1344 2731 1465 2796 inicere

100 2836 186 2919 quod
218 2835 382 2902 Stobaeus
404 2835 475 2900 libri
499 2837 627 2902 titulum
650 2835 772 2918 omisit,
800 2855 920 2917 augere
941 2836 1082 2902 debebat
1112 2837 1198 2919 quod
1220 2837 1368 2901 Laertius
1390 2833 1464 2898 llio-

100 2959 201 3021 genes
217 2938 401 3004 Stoicorum
417 2938 459 3004 de
475 2959 578 3003 vacuo
590 2939 763 3022 scriptores
779 2938 854 3002 dum
870 2946 1020 3003 accurate
1035 2946 1182 3004 recenset
1197 2940 1342 3021 V11140,
1359 2938 1464 3020 ipsum

101 3041 312 3106 Posidonium
335 3061 400 3106 nou
424 3042 453 3105 ἐν
477 3046 585 3126 πρώτῳ
608 3042 671 3126 περὶ
695 3045 790 3117 κενοῦ,
812 3048 847 3105 at
862 3042 891 3104 ἐν
907 3042 1033 3126 δευτέρῳ)
1055 3047 1106 3105 τεῦ
1129 3048 1251 3128 φυσικοῦ
1267 3044 1354 3124 λόγου
1376 3039 1464 3104 citat.

100 3143 300 3227 interpolata
326 3163 399 3209 esse
422 3145 452 3207 ἐν
475 3150 516 3229 τῷ
541 3147 649 3229 πρώτῳ
678 3143 743 3228 περὶ
763 3147 848 3206 κενοῦ
874 3143 1074 3209 demonstrat
1096 3144 1254 3210 Eusebius
1281 3140 1465 3209 Gaisfordii.

99 3265 175 3310 nem
197 3245 232 3310 in
255 3245 380 3329 priores
402 3246 572 3328 editiones,
594 3252 629 3310 ut
651 3245 719 3310 fieri
741 3246 833 3328 solet,
856 3245 1051 3312 Plutarchea
1072 3248 1168 3313 lectio
1187 3248 1385 3330 interpolata
1405 3250 1464 3310 est.

98 3348 200 3414 verbo
228 3369 345 3414 moneo
368 3348 465 3413 etiarn
494 3348 592 3412 latius
614 3354 727 3431 pat-ere
749 3347 1042 3430 interpolationem.
1085 3370 1161 3415 nam
1188 3349 1353 3415 Aristoteli
1378 3347 1465 3412 idem

96 3450 319 3517 indoctissimo
352 3450 445 3515 simul
480 3457 514 3515 et
546 3449 761 3514 audacissime
787 3450 982 3515 contrariam
1011 3452 1073 3535 ipsi
1100 3452 1294 3518 sententiam
1319 3448 1466 3515 attribuit

97 3551 488 3639 [ctphys.ause.1v8
515 3574 545 3635 p.
564 3553 628 3616 214
640 3549 700 3638 sq]
725 3559 823 3634 atque
856 3553 970 3619 ultima
1003 3575 1129 3638 quoque
1162 3555 1279 3620 misere
1312 3552 1463 3619 turbavit.

96 3674 205 3737 apage
226 3654 326 3738 igitur
348 3654 428 3720 istos
451 3655 585 3720 offucias
607 3653 805 3720 fraudulenti
827 3654 966 3721 hominis
988 3657 1192 3740 Eusebioque
1214 3657 1297 3723 duce
1319 3655 1465 3722 restitue:

98 3757 293 3829 Ποσειδώνιος
314 3758 368 3821 οὐκ
390 3758 510 3842 ἄπειρον
533 3756 591 3821 ἀλλ’
622 3759 689 3821 ὅσον
712 3756 852 3841 αὔταρκες
878 3759 918 3829 εἰς
943 3762 995 3843 τὴν
1019 3762 1156 3825 διάλυσιν.
1196 3761 1318 3824 Πλάτων
1341 3758 1464 3842 'Aptero-

96 3860 182 3943 τέλης
205 3858 271 3944 μήτ’
299 3861 381 3930 ἐκτὸς
405 3865 456 3923 τοῦ
479 3861 593 3943 κόσμον
615 3861 698 3923 κενὸν
719 3858 790 3922 εἶναι
813 3859 877 3944 μήτ’
904 3862 993 3932 ἐντός.

184 3961 354 4046 Corruptis
376 3961 456 4026 loeis
478 3982 575 4045 quam
597 3981 698 4044 saepe
719 3963 863 4027 salutare
884 3963 1000 4028 afferat
1024 3965 1179 4028 auxilium
1206 3963 1375 4046 Eusebius,
1402 3963 1465 4027 dici

96 4065 217 4147 nequit.
269 4085 367 4129 uuum
403 4064 565 4147 proferam
599 4064 757 4130 editorum
791 4065 939 4130 socordia
967 4066 1103 4149 insigne.
1147 4068 1261 4135 llus
1288 4069 1315 4129 ot
1342 4067 1465 4130 Στωικοὶ

97 4169 298 4252 κοινότερον
322 4168 390 4230 θεὸν
414 4167 620 4251 ἀποφαίνονται
643 4172 710 4252 πῦρ.
755 4167 865 4249 eequis
887 4167 1058 4235 crediderit
1084 4171 1244 4253 κοινότερον
1267 4169 1347 4233 illud
1373 4170 1425 4234 vol
1446 4189 1467 4232 a

96 4269 349 4355 Wyttenbeohio
373 4269 590 4335 eruditissimo
613 4270 770 4353 antiquae
793 4269 1021 4353 philosophiae
1044 4271 1263 4337 existimatore
1284 4292 1349 4335 non
1370 4272 1466 4336 modo

96 4374 280 4454 toleratum,
303 4372 362 4438 sed
385 4370 483 4437 etiam
507 4371 608 4438 latine
631 4392 820 4457 expressum
843 4392 930 4437 esse:
957 4371 1077 4438 Stoici
1101 4372 1336 4438 communius
1358 4373 1466 4437 deum

96 4473 376 4558 pronuncient?
408 4494 450 4539 ne
473 4474 619 4540 haesisse
650 4475 779 4557 quidem
813 4474 957 4558 videtur,
991 4475 1112 4558 alioqui
1146 4475 1288 4541 Stobaeo
1320 4474 1466 4540 adhibito

96 4578 228 4660 legisset
250 4576 339 4660 quod
360 4595 473 4641 verum
496 4585 547 4642 est
569 4580 667 4662 nesphe
692 4579 770 4642 θεόν.
807 4578 957 4659 idemque
979 4578 1147 4654 confirmat
1169 4577 1338 4642 Eusebius.
1377 4578 1465 4644 addo

167 4817 174 4846 ¹
196 4820 244 4868 nisi
264 4817 337 4881 quod
357 4803 500 4868 Posidonii
512 4820 640 4870 sententia
659 4819 775 4869 iliraelio
794 4815 914 4881 [Unters.
935 4832 955 4866 z.
976 4816 1030 4867 Cio.
1049 4816 1179 4867 scuriel
1197 4815 1277 4880 228¹]
1295 4832 1311 4865 a
1323 4817 1465 4866 Plutarcho

100 4918 123 4955 et
141 4906 254 4957 Stobaoo
274 4906 342 4956 mule
362 4905 457 4956 tradita
475 4905 582 4957 videtur.
619 4907 665 4957 sed
684 4907 734 4957 hoc
752 4907 820 4958 ultra
839 4906 971 4959 Plutarchi
991 4905 1145 4955 memoriam
1164 4905 1269 4955 recedit.
