3464 5586
279 350 342 415 210
544 350 610 400 XVI
645 350 694 400 DE
714 349 816 399 anm
835 346 1072 398 PLACITORUM
1091 340 1365 397 COMPOSITIONE

280 540 339 602 per
362 518 526 584 sensualia
547 537 757 600 prorumpere
779 517 812 580 in
828 516 919 582 Sexti
941 517 1012 581 loeo
1030 514 1168 580 vl1129
1190 510 1457 596 comprehensam
1477 508 1636 575 ridemus.

278 627 378 684 τοῦτον
407 623 443 705 δὴ
474 623 522 684 τὸν
551 621 629 683 θεῖον
652 619 736 702 λόγον
763 618 832 683 καθ’
860 616 1046 703 Ἡράκλειτον
1068 615 1104 679 δι’
1132 617 1278 698 ἀναπνοῆς
1300 616 1460 685 σπάσαντες
1482 613 1576 697 νοιροί
1597 632 1636 694 γι·

278 724 390 806 νόμεθα
412 724 460 786 καί
483 724 513 787 ἐν
537 725 589 804 μὲν
613 724 709 791 όπνοις
731 721 850 805 ληθαῖυι
872 720 947 784 κατὰ
970 721 1002 782 δὲ
1024 718 1133 804 ἔγερσιν
1156 720 1241 782 παθιιν
1263 715 1413 802 ἔμφρονες.
1447 717 1478 780 ἐν
1499 715 1554 800 γὰρ
1574 718 1636 784 τοῖς

279 827 376 895 ὕπνοις
403 828 553 907 μυσαντων
584 830 642 888 τῶν
670 824 848 906 αἰσθητικῶν
877 823 975 906 πόρων
1004 822 1159 907 χωρίζεται
1185 825 1238 904 τῆς
1260 821 1331 904 πρὸς
1352 820 1385 882 τὸ
1407 818 1542 904 περιέχον
1566 837 1636 899 συμ-

277 929 363 1012 φυΐας
386 931 401 992 ό
424 929 454 992 ἐν
477 931 546 1013 ἡμῖν
573 932 639 998 νοῶς
667 927 757 1011 μόνης
779 930 831 1010 τῆς
860 926 935 989 κατὰ
962 926 1107 1008 ἀναπνοὴν
1138 922 1329 1007 προσφύσεως
1357 922 1525 1007 σῳζομένης
1547 923 1637 986 υίονεί

277 1054 350 1100 τινος
374 1032 467 1116 ῥίζης,
496 1031 653 1117 χωρισθείς
680 1053 712 1092 τε
738 1030 897 1114 ἀπυβοθιλει
925 1028 960 1111 ἢν
989 1027 1127 1111 πρότερον
1155 1025 1219 1112 εἶχε
1241 1025 1419 1108 μνημονικὴν
1441 1024 1571 1108 δύναμιν.
1604 1025 1635 1088 ἐν

278 1135 310 1196 δὲ
336 1134 502 1218 ἐγρηγορόσι
529 1136 631 1197 πάλιν
659 1133 715 1196 διὰ
743 1137 809 1194 τῶν
838 1131 1060 1214 αἰσθητικῶν
1088 1129 1206 1213 πόρων
1229 1129 1345 1213 ῶσπερ
1372 1129 1429 1191 διαί
1450 1149 1554 1190 τινων
1577 1127 1635 1191 θυ·

278 1236 379 1319 ρίόων
402 1237 607 1322 repossidere*
638 1237 687 1299 καί
715 1240 758 1319 τῷ
782 1234 944 1318 περιέχοντι
967 1233 1155 1317 συμβαλὼν
1178 1232 1322 1315 λογικὴν
1345 1229 1506 1294 ἐνδύεται
1528 1231 1635 1295 θένα·

278 1363 343 1420 μιν.
376 1338 462 1424 όνπερ
493 1338 543 1403 οὖν
573 1339 678 1423 τρόπον
701 1338 728 1400 οί
750 1336 894 1420 ἄνθρακες
916 1336 1127 1417 πλησιάσαντες
1149 1340 1191 1419 τῷ
1214 1334 1281 1418 πυρί
1305 1331 1369 1396 κατ’
1398 1331 1552 1396 ἀλλοίωσιν
1574 1333 1635 1396 διοί-

277 1464 361 1526 πυροι
383 1442 505 1524 γίνονται
522 1440 715 1526 χωρισθέντες
738 1440 771 1501 δὲ
790 1439 964 1524 σβέννυνται,
986 1437 1064 1501 οότω
1086 1437 1134 1500 καί
1157 1438 1176 1520 ἡ
1200 1435 1462 1506 ἐπιίενωθεῖσα
1483 1438 1543 1503 τοῖς
1565 1435 1636 1518 ἧμιν

276 1544 369 1628 τέρυις
391 1547 521 1626 σώμασιν
545 1545 603 1607 ἀπὸ
626 1547 677 1606 τοῦ
700 1540 883 1627 περιέχοντος
906 1546 993 1625 μοῖρα
1015 1541 1089 1604 κατὰ
1112 1541 1163 1621 μὲν
1181 1541 1229 1603 τὸν
1245 1541 1396 1624 χωρισμὸν
1410 1538 1514 1623 ἄλογος
1528 1539 1635 1623 γίνεται

277 1649 350 1710 κατὰ
376 1649 482 1733 δὲτὴν
512 1650 560 1713 διὰ
582 1651 640 1710 τῶν
662 1646 804 1710 πλείστων
830 1644 927 1729 πόρων
953 1644 1095 1728 σύμφυσιν
1119 1643 1325 1726 όμοιυειδὴς
1347 1646 1390 1727 τῷ
1414 1643 1476 1726 etp
1498 1641 1635 1707 καθίστα·

275 1750 357 1816 κατ’
400 1750 614 1817 Aenesidemo
638 1749 719 1814 haec
740 1749 851 1814 deberi
874 1769 913 1814 eo
935 1748 1076 1814 maxime
1097 1745 1311 1833 intellegitur,
1334 1745 1421 1832 quod
1442 1746 1476 1808 τὸ
1498 1745 1634 1831 περιέχον

276 1852 333 1939 (ab
354 1852 518 1919 Heraclito
541 1851 656 1918 eadem
679 1852 961 1937 obscuritateque
984 1852 1027 1918 ab
1049 1852 1248 1935 Anaxagora
1268 1850 1307 1916 fr.
1330 1852 1351 1916 2
1375 1849 1510 1937 dietum)
1542 1855 1634 1937 quasi

276 1958 324 2020 τὸν
347 1957 518 2043 περιέχοντα
541 1954 595 2043 [sc.
620 1954 703 2042 ἀέρα]
733 1956 858 2039 vulgari
890 1956 1122 2023 consuetudine
1153 1953 1305 2038 dixisset,
1329 1954 1513 2039 explicavit.
1558 1976 1634 2023 nam

275 2077 354 2125 aera
375 2058 408 2124 in
429 2059 522 2125 istius
545 2058 775 2125 commentario
798 2058 1051 2142 intellegendum
1073 2078 1145 2124 esse
1168 2064 1269 2143 patet.
1297 2055 1384 2123 idem
1406 2065 1516 2126 autem
1531 2056 1635 2128 Aene-

276 2163 417 2228 sidemus
443 2164 576 2228 affertur
602 2161 694 2228 testis
722 2162 854 2226 Tertull.
878 2161 941 2226 cti
969 2182 1032 2225 aon
1059 2173 1092 2225 ut
1119 2182 1175 2226 cer
1200 2165 1242 2225 stt
1269 2164 1341 2242 ipsa
1365 2163 1540 2227 substantie
1567 2166 1636 2229 eise

276 2265 430 2349 [animae]
454 2268 510 2328 etsi
530 2267 588 2328 boc
603 2266 803 2329 Aenesidemo
825 2268 924 2329 ciram
946 2276 989 2328 est
1012 2277 1040 2328 et
1055 2267 1241 2329 Anaximene·
1254 2276 1329 2345 prato
1347 2267 1515 2329 secandum
1537 2288 1635 2350 quos·

276 2370 348 2432 dam
371 2380 399 2432 et
420 2368 587 2431 Heraclito.
632 2368 707 2434 hinc
729 2389 801 2435 cum
824 2368 954 2434 Stoicae
976 2368 1142 2434 doetrinae
1174 2386 1258 2451 quae
1284 2367 1425 2434 animam
1453 2369 1635 2455 ἀπόσπασμα

275 2477 327 2556 τῆς
349 2476 400 2534 τοῦ
422 2453 529 2542 παντός
551 2477 648 2558 ψυχῆς
671 2472 802 2538 volebat
824 2469 1032 2553 meminisset,
1055 2469 1098 2536 ad
1113 2468 1310 2552 singularem
1333 2468 1417 2536 hane
1439 2472 1635 2540 sententiam

275 2573 424 2657 pervenit
449 2573 488 2639 ef.
513 2573 602 2640 Sext.
625 2575 719 2659 phys.
735 2573 768 2639 ΙΙ
787 2574 849 2639 233
872 2574 905 2637 τό
928 2597 959 2636 τε
982 2575 1013 2638 ὂν
1036 2575 1110 2637 κατὰ
1131 2575 1179 2636 τόν
1201 2570 1385 2656 Ἡράκλειτον
1408 2574 1466 2660 ἀήρ
1488 2575 1565 2640 ἐστιν
1592 2575 1634 2645 ῶς

275 2698 361 2761 φησιν
385 2679 401 2741 b
424 2675 632 2760 Αἰνησίδημος.
662 2676 756 2741 simul
778 2675 813 2741 id
836 2676 1030 2742 elementum
1054 2674 1237 2759 proposuit,
1261 2675 1348 2742 unde
1369 2675 1524 2743 facillime
1547 2682 1634 2743 exte

274 2778 406 2844 nuando
429 2784 462 2844 et
484 2777 650 2844 densendo
673 2785 862 2863 perpetuam
877 2777 1132 2844 vicissitudinem
1147 2776 1310 2843 Heraclito
1332 2776 1512 2864 affingeret,
1534 2798 1631 2862 qoam

273 2880 434 2964 seeptieus
456 2880 554 2946 homo
576 2880 610 2946 in
631 2880 689 2946 illo
712 2881 852 2947 maxime
873 2879 1080 2964 suspiciebat.
1122 2898 1197 2943 nam
1220 2879 1392 2946 coniuncta
1414 2887 1463 2947 est
1484 2879 1536 2946 his
1557 2901 1632 2947 con·

273 2981 445 3048 trariorum
460 2981 633 3048 concordia
647 2981 781 3067 discors,
805 3002 900 3066 quam
917 2981 1106 3067 Pyrrhoniis
1125 2980 1212 3046 riam
1227 2982 1381 3049 muniisse
1396 2982 1631 3051 Aenesidemus

274 3084 505 3166 perseverarit.
529 3083 618 3150 Sext.
641 3085 678 3149 P.
701 3084 740 3149 Η.
763 3086 871 3150 1210.

359 3186 393 3251 Si
416 3207 527 3252 verum
551 3192 601 3252 est
623 3185 709 3267 quod
732 3185 926 3253 coniecimus
941 3186 1148 3255 Aenesidemi
1171 3208 1243 3255 esse
1263 3185 1420 3255 Sestiana
1435 3188 1496 3253 VlI
1514 3190 1576 3255 129
1597 3196 1631 3256 et

215 3328 221 3337 -
273 3286 323 3352 his
346 3287 462 3371 vicina,
485 3287 721 3370 intellegemus,
744 3307 808 3370 qua
831 3288 955 3355 ratione
978 3287 1097 3354 Sextus
1120 3294 1152 3355 et
1168 3289 1312 3355 Soranus
1333 3289 1395 3373 ipsi
1411 3289 1629 3358 Aenesidemo

271 3409 328 3455 eas
351 3390 530 3456 sententias
552 3388 692 3455 tribuere
714 3388 854 3472 possint,
882 3409 903 3454 a
925 3388 1039 3472 quibus
1061 3390 1159 3457 fuerit
1180 3398 1215 3457 ut
1237 3391 1290 3475 qui
1314 3392 1453 3459 maxime
1475 3399 1628 3460 remotus.

270 3511 345 3556 nam
368 3492 450 3557 sieut
472 3489 614 3558 eclectiei
639 3489 708 3556 eius
730 3491 851 3557 saeculi
867 3491 1121 3575 dogmaticorum
1138 3493 1278 3559 omnium
1294 3494 1408 3562 miram
1423 3496 1629 3563 concordiam

271 3593 526 3676 contendebant,
556 3593 603 3657 itu
625 3591 859 3659 Aenesidemus
889 3593 1099 3660 dubitationis
1126 3595 1250 3662 semina
1276 3617 1334 3681 per
1361 3597 1628 3682 philosophorum

270 3695 544 3761 continuationem
565 3693 733 3777 indagavit
756 3701 788 3759 et
803 3696 941 3762 collecta
955 3697 1132 3780 proposuit.
1166 3717 1230 3781 qua
1248 3698 1282 3763 in
1298 3720 1334 3765 re
1349 3718 1421 3765 cum
1434 3699 1509 3766 illos
1525 3701 1629 3786 magis

272 3816 368 3878 quam
391 3818 427 3864 se
443 3798 611 3880 loquentes
632 3794 755 3862 faceret
776 3795 829 3879 [ci.
854 3816 952 3882 supra
967 3798 1035 3863 καθ’
1059 3799 1236 3887 Ηράκλειτον
1251 3848 1259 3865 .
1273 3848 1281 3864 .
1295 3848 1302 3864 .
1315 3801 1480 3886 prebeat
1503 3821 1630 3870 errores

269 3897 411 3964 infinitos
426 3898 514 3983 apud
528 3897 724 3983 posteriores
740 3900 933 3984 procrearit,
956 3902 1009 3985 qui
1027 3903 1270 3987 explanatorem
1286 3903 1473 3987 opinionum
1488 3904 1628 3971 eundem

268 4009 440 4083 patronum
463 3999 647 4066 eredebant.
681 4000 756 4067 hine
770 4001 890 4067 factum
913 4009 948 4068 ut
963 4023 1057 4087 quem
1073 4010 1201 4071 veteres
1220 4004 1433 4071 resuscitasse
1448 4005 1628 4091 Pyrrhonis

267 4107 389 4168 sectam
418 4103 583 4187 dicebant,
615 4103 754 4169 eundem
778 4103 998 4171 inconstantia
1028 4105 1171 4171 absurda
1198 4105 1294 4172 modo
1325 4106 1501 4191 scepticum
1529 4108 1627 4174 modo

267 4204 484 4287 dogmaticum
506 4205 697 4290 praesertim
719 4204 937 4272 Heracliteum
960 4206 1021 4271 viri
1042 4207 1129 4274 docti
1151 4207 1395 4274 arbitrarentur.
1431 4228 1495 4293 qno
1518 4208 1552 4274 in
1574 4228 1627 4293 ge

267 4325 345 4373 nere
367 4327 462 4373 nemo
478 4306 623 4389 argutius
638 4313 787 4374 versatus
802 4314 852 4373 est
867 4327 963 4392 quam
978 4308 1128 4376 Leander
1144 4309 1284 4376 Haasius
1303 4310 1345 4377 de
1360 4309 1627 4396 philosophorum

336 4580 344 4610 ¹
364 4584 394 4631 cf.
413 4585 517 4633 Philon.
536 4584 628 4647 fragm.
647 4600 672 4648 p.
686 4582 737 4637 615
757 4585 846 4649 Mang.
866 4583 895 4635 ἐκ
914 4585 958 4634 τοῦ
977 4585 1031 4653 περὶ
1045 4581 1216 4652 κοσμοποιίας.
1235 4583 1261 4636 el
1273 4581 1400 4655 αἰσθήσεις
1412 4580 1509 4654 θυρίσιν
1520 4583 1625 4638 doleam.

265 4664 304 4717 όιόι
323 4665 368 4735 γὰρ
391 4665 488 4720 τοότων
506 4667 596 4720 ὡσανεὶ
614 4665 723 4738 θυρίδων
741 4668 908 4739 ἐπεισέρχεται
936 4676 972 4741 τῷ
996 4674 1032 4740 νῷ
1056 4670 1073 4740 ἡ
1095 4668 1237 4739 κατάληψις
1259 4675 1311 4723 τῶν
1329 4667 1472 4740 αἰσθητῶν,
1490 4671 1534 4724 καί
1552 4670 1626 4724 πάλιν

264 4751 277 4803 ό
296 4756 352 4811 νοῦς
371 4752 489 4806 ἐκκόπτει
507 4753 547 4807 διὰ
565 4752 658 4806 αἰιτῶν.
677 4755 752 4825 μέρος
770 4754 796 4808 δέ
816 4754 867 4808 ἐστι
885 4763 938 4810 τῶν
955 4756 1072 4828 θυρίδων,
1090 4755 1156 4824 λέγω
1176 4755 1207 4825 δὴ
1226 4761 1277 4809 τῶν
1296 4754 1445 4827 αἰσθήσεων,
1463 4756 1480 4826 ἡ
1499 4754 1590 4828 όροισις.

335 4838 434 4894 ²P1a0.
445 4845 484 4894 IV
497 4842 513 4894 3
527 4853 549 4891 ιν
571 4841 618 4910 τὴν
640 4838 664 4892 δ’
690 4841 715 4893 ἐν
738 4848 789 4900 τοῖς
811 4841 883 4913 ζῴοις
905 4842 1015 4913 [ψυχὴν]
1037 4841 1085 4895 ἀπὸ
1103 4845 1149 4913 τῆς
1168 4841 1240 4902 ἐκτός
1259 4844 1367 4914 καὶτῆς
1385 4843 1411 4897 ἰν
1429 4840 1625 4903 αἰτοίςάναθιι·

263 4928 371 4994 μιόσιως
389 4926 533 4999 όμογενη.
