3442 5588
645 357 921 407 reounscunun
1401 356 1461 419 127

95 521 173 587 dnm
196 543 295 606 quarn
319 525 457 589 alterum
480 523 594 589 librum
618 522 672 605 qui
694 521 728 585 in
744 519 935 586 Philodemo
959 527 1046 587 certe
1061 519 1201 586 Phaedri
1218 518 1352 588 similior
1367 544 1463 605 quam

96 625 241 690 Zenonis
269 635 446 710 appareat,
481 646 554 691 esse
585 623 724 690 Phaedri
759 623 822 705 περὶ
856 624 946 698 θεῶν,
978 644 1074 706 quem
1106 622 1148 687 de
1180 621 1312 689 deorum
1346 633 1464 692 natura

97 727 278 811 scripturus
303 727 416 793 Cicero
439 729 481 793 ab
503 727 611 792 Attico
633 725 803 810 poposcit?
829 724 871 790 ab
894 727 997 791 altero
1020 746 1097 790 vero
1120 725 1351 808 Epicureorum
1374 749 1465 814 cory-

98 830 207 914 phaeo
230 851 297 896 non
319 831 422 896 solnm
444 838 554 896 cetera
575 829 736 913 Epicurea
757 827 904 910 fluxisse,
932 828 990 893 sed
1020 828 1118 893 etiam
1144 831 1327 911 exemplum
1357 833 1464 897 convi-

98 932 209 998 ciandi
238 939 270 999 et
301 931 484 997 cavillandi.
529 932 671 998 Zenonis
698 929 826 1013 quidem
853 930 1029 995 memoriae
1051 930 1128 1012 §93
1150 929 1236 993 illico
1259 933 1464 998 continuatur

100 1035 262 1101 Velleiani
284 1034 394 1099 iudicii
416 1035 613 1118 vituperatio
637 1036 657 1117 ξ
675 1035 727 1116 94,
750 1052 847 1116 quarn
869 1051 969 1114 supra
991 1032 1121 1097 exhibui
1145 1054 1175 1115 p.
1194 1035 1265 1099 125.

188 1136 233 1202 At
260 1136 335 1202 hnic
365 1136 509 1220 opinioni
537 1137 668 1202 obstare
695 1134 858 1216 videntur,
887 1154 972 1216 quae
999 1135 1158 1201 Hirnelius
1179 1131 1248 1219 pb
1269 1136 1403 1219 profert:
1431 1160 1463 1203 ee

100 1243 142 1302 181
164 1241 249 1303 nield
269 1240 405 1303 dcnbbcr
425 1241 500 1303 dass
522 1242 600 1303 noch
615 1244 648 1303 in
670 1245 739 1319 ‘par
753 1239 902 1300 munchen
917 1237 1045 1301 andern’
1061 1237 1334 1319 [Schcemannunr
1349 1238 1464 1327 tangit]

100 1343 333 1424 cpilsnres'eclrcn
354 1344 503 1424 schristen
527 1345 663 1425 anplcicb
687 1343 770 1404 citirt
791 1342 918 1403 worden
944 1343 1029 1403 scien
1050 1342 1112 1403 der
1138 1344 1258 1427 φυσικὸς
1289 1343 1342 1405 des
1372 1343 1466 1405 Anti-

100 1447 221 1509 sthenes
243 1493 251 1509 .
275 1493 283 1511 .
307 1494 314 1508 .
337 1448 444 1527 [aner
474 1448 533 1510 dos
561 1449 653 1510 drittc
674 1445 750 1508 barb
775 1445 828 1505 des
849 1443 1094 1506 aristoteliscben
1119 1446 1240 1524 diolcos
1262 1445 1325 1528 περὶ
1351 1449 1464 1529 φιλοσο-

99 1549 267 1633 φίας...
296 1550 380 1611 dann
408 1550 562 1612 disselben
593 1551 701 1612 stellen
732 1567 790 1610 aas
823 1548 890 1608 dem
918 1556 1017 1607 erclen
1042 1546 1108 1607 and
1133 1551 1259 1611 nweilen
1287 1546 1382 1611 bache
1409 1551 1465 1612 der

100 1654 212 1733 schrift
227 1652 282 1715 des
298 1652 485 1735 Cltrprs'ppos
500 1652 565 1736 περὶ
588 1652 677 1729 θεῶν,
694 1650 814 1713 endlicls
834 1651 884 1711 die
898 1649 1007 1728 schrift
1023 1648 1077 1710 des
1090 1651 1221 1712 stoilrcrs
1238 1652 1391 1730 Diogenes
1407 1699 1413 1713 .
1430 1700 1438 1716 .
1456 1695 1464 1710 .

101 1754 192 1819 itane
214 1753 315 1819 vero?
341 1773 382 1819 ex
410 1753 527 1819 eodem
548 1752 699 1818 Phaedro
726 1772 792 1817 non
819 1750 937 1815 similia
958 1769 1133 1833 excerpere
1154 1758 1327 1834 potuerunt
1351 1752 1464 1819 Cicero

100 1865 135 1921 et
164 1855 388 1938 Philodemus,
417 1854 469 1919 hic
496 1855 594 1920 etiam
618 1891 656 1902 -
680 1855 707 1919 si
736 1852 839 1919 mavis
865 1889 903 1898 -
933 1853 1137 1919 adverbum
1164 1852 1232 1919 fere
1259 1854 1464 1921 describere?

99 1958 179 2041 quia
194 1957 309 2024 Cicero
331 1957 373 2023 de
388 1956 440 2022 lin.
457 1958 488 2021 Π
505 1958 547 2021 35
565 1967 613 2018 119
637 1956 861 2022 Philodemum
884 1955 1030 2020 nominat
1051 1955 1315 2020 doctissimum
1338 1957 1464 2023 virum

99 2061 154 2126 vel
169 2061 205 2126 in
221 2061 331 2126 Pison.
354 2061 435 2125 c29
450 2058 596 2126 ceteris
618 2059 760 2124 studiis
783 2077 880 2141 quae
902 2056 993 2122 fere
1015 2057 1226 2140 Epicureos
1247 2060 1464 2142 neglegere

98 2162 236 2227 dicunt
270 2163 523 2247 perpolitum,
563 2161 640 2243 quia
672 2162 814 2244 amplum
851 2159 893 2224 de
926 2157 1127 2243 philosophis
1163 2181 1243 2243 opus
1277 2163 1466 2246 conscripsit

100 2264 214 2346 [Diog.
230 2265 326 2347 1131,
355 2264 472 2331 ideone
494 2263 667 2345 diligenter
688 2262 760 2346 ipse
782 2260 1048 2345 philosophorum
1068 2260 1165 2325 istum
1188 2264 1370 2346 catalogum
1392 2286 1465 2331 oon-

97 2365 221 2433 secisse
243 2365 406 2450 putandus
428 2365 500 2430 est?
533 2373 568 2431 at
590 2371 719 2432 constat
740 2365 835 2448 plura
856 2361 978 2444 scripta
1003 2362 1073 2427 eius
1094 2364 1147 2429 rel
1170 2384 1210 2429 ex
1234 2365 1327 2431 titulo
1350 2368 1402 2449 [cf.
1426 2369 1463 2434 V.

100 2468 143 2534 H.
167 2467 433 2554 V2(1843)t.1
457 2474 523 2531 τῶν
546 2466 614 2532 κατ’
643 2467 811 2550 ἐπιτομὴν
835 2463 1105 2547 ἐξειργασμένων
1129 2469 1192 2551 περὶ
1215 2469 1300 2553 ἠθῶν
1322 2471 1370 2532 καὶ
1394 2470 1465 2556 βίων

99 2572 229 2635 ἐκτῶν
256 2569 417 2656 Ζήνωνος
443 2571 594 2657 σχολῶν]
628 2569 770 2635 scholica
803 2587 875 2634 esse
908 2568 1147 2633 commentaria.
1192 2589 1298 2653 neque
1330 2573 1465 2637 multum

99 2673 174 2756 ipse
196 2673 230 2738 in
251 2673 420 2740 rhetoricis
440 2674 494 2739 vel
516 2674 581 2756 περὶ
604 2672 735 2755 σημείων
757 2668 927 2754 praestitit.
974 2669 1035 2735 hoc
1062 2668 1147 2736 enirn
1169 2672 1299 2739 minime
1321 2680 1392 2739 erat
1413 2675 1468 2740 ab

98 2794 217 2840 sonum
240 2794 262 2840 a
284 2774 550 2859 philosophorum
571 2774 648 2841 inde
669 2773 711 2839 ab
739 2771 912 2837 Aristotele
939 2792 1044 2856 more,
1074 2773 1189 2855 quibus
1216 2775 1296 2841 illud
1322 2779 1404 2841 κοινὰ
1430 2779 1466 2841 τὰ

98 2884 160 2942 τῶν
187 2879 281 2963 φίλων
303 2877 460 2943 latissime
482 2876 625 2961 patebat.
666 2893 772 2957 neque
794 2874 962 2956 quisquam
984 2874 1210 2957 magistrorum
1232 2878 1351 2944 scrinia
1370 2898 1467 2962 qnam

97 2980 302 3046 validissime
322 2985 451 3064 poterat
478 2979 655 3063 compilare
677 2975 857 3044 vetabatur.
892 2997 968 3059 ergo
1001 2978 1143 3044 Phaedri
1177 2978 1326 3062 Epicurei
1349 2980 1465 3046 librum

98 3083 262 3166 Epicureo
299 3082 444 3149 delibare
476 3081 527 3147 fas
555 3088 639 3164 erat,
669 3078 860 3164 praesertim
886 3079 913 3143 si
940 3100 1005 3145 non
1034 3080 1142 3146 omnia
1167 3081 1229 3146 sed
1253 3081 1467 3167 philosophos

97 3190 241 3270 tanturn,
263 3192 299 3251 nt
321 3184 451 3269 Cicero,
480 3190 690 3266 excerptnrns
712 3187 792 3248 erat.
830 3180 917 3247 unde
938 3181 1019 3245 illud
1042 3202 1169 3265 quoque
1193 3183 1389 3266 explicatum
1412 3185 1468 3250 ha-

97 3285 205 3369 beret,
238 3286 325 3370 qnod
351 3285 534 3353 Philodemi
563 3293 595 3352 et
621 3283 786 3351 Ciceronis
813 3284 905 3349 nulla
930 3291 980 3350 est
1013 3292 1184 3370 praeterea
1219 3285 1394 3352 similitudo
1426 3286 1465 3352 cf.

96 3387 261 3455 Hinelins
283 3389 407 3473 p.19.¹

189 3490 258 3558 Sed
287 3492 420 3557 tandem
445 3489 647 3556 coniecturas
677 3488 852 3556 mittamus.
896 3491 1098 3558 coniecturas
1125 3491 1211 3558 enim
1242 3490 1314 3557 dico
1341 3498 1374 3558 et
1400 3493 1468 3557 vul-

100 3602 215 3678 gatam
238 3594 281 3660 de
302 3592 493 3660 Philodamo
517 3599 550 3658 et
572 3591 657 3658 hanc
678 3611 798 3657 novam
820 3591 861 3658 de
878 3591 1028 3658 Phaedro
1045 3592 1240 3677 opinionem.
1273 3599 1346 3659 utra
1360 3593 1468 3660 verior

172 3819 180 3850 ¹
198 3820 246 3872 ssd
268 3821 333 3885 inglt
357 3835 416 3870 eum
436 3815 588 3869 Hermarchi
607 3816 700 3865 librum
718 3824 809 3866 contra
826 3817 1011 3880 Empedoclem
1030 3820 1062 3868 ab
1082 3827 1190 3882 utroque
1210 3820 1291 3868 citari.
1311 3833 1327 3868 8
1345 3817 1466 3869 Cicerone

91 3909 106 3959 1
125 3906 166 3960 33
182 3916 209 3956 aa
230 3905 329 3972 [qncde
347 3907 464 3970 Bernays
482 3903 615 3968 Theophr.
635 3903 713 3953 ueber
731 3905 773 3954 die
791 3905 952 3968 troemmiglr.
970 3922 996 3969 p.
1013 3904 1062 3956 140
1088 3915 1179 3956 contra
1196 3905 1403 3957 Schoemaunum
1423 3922 1466 3955 ve·

90 3998 197 4048 enimc
211 3991 361 4062 disputavit]
380 3991 549 4044 Philodemus
562 4006 587 4054 p.
603 3988 661 4052 101,
678 3988 780 4042 13-15
799 4008 824 4055 p.
842 3989 1017 4054 111,15-17
1036 3994 1145 4044 fortasse
1164 3995 1241 4043 etiam
1259 4009 1285 4056 p.
1299 3991 1371 4053 99‚9
1390 3990 1416 4042 lv
1434 3997 1466 4059 τῇ

88 4079 200 4152 npdtstp
222 4080 282 4150 πρὸς
298 4074 489 4146 Έμπεόο]κλία,
509 4080 531 4128 si
553 4076 631 4126 modo
652 4094 676 4142 p.
699 4074 787 4140 98,11
811 4065 1397 4137 C····XOCOOM··(1)Crccte
1420 4095 1466 4129 ex-

89 4174 164 4237 plico
179 4164 326 4239 Ἕρμαρχός
343 4163 369 4217 C'
391 4163 492 4232 ὁμοίως.
513 4181 579 4230 quae
599 4164 666 4228 apud
685 4165 839 4214 Ciceronem
858 4165 933 4214 simul
953 4165 1098 4215 Metrodori
1117 4173 1207 4216 contra
1224 4166 1360 4216 Platonem
1380 4167 1467 4231 dispu-

87 4261 158 4310 tatio
182 4258 346 4322 designator,
364 4255 471 4305 infuisse
495 4252 596 4303 ridetur
613 4254 640 4302 in
662 4251 728 4301 libro
748 4245 889 4318 nepthuim
916 4253 946 4302 cl.
967 4253 1113 4303 Philodem.
1132 4270 1157 4318 p.
1174 4250 1262 4312 107,9
1289 4253 1413 4316 Duening
1431 4254 1464 4304 de

91 4345 211 4397 Metrcd.
230 4362 255 4411 p.
268 4342 311 4395 17.
336 4343 471 4408 Epicureis
498 4341 558 4391 iude
587 4339 619 4389 ab
644 4340 751 4402 Epicuri
780 4338 812 4388 de
841 4341 977 4390 sanctitate
1006 4341 1094 4391 libello
1121 4341 1254 4391 sollemnis
1282 4349 1337 4390 erat
1364 4344 1466 4407 pietatis

89 4432 236 4492 consessio,
254 4429 405 4496 praesertim
422 4438 482 4495 post
499 4429 670 4479 Posidonium
691 4427 735 4487 qui
758 4423 787 4474 s'n
807 4421 873 4474 libro
893 4426 985 4490 quinto
1005 4426 1035 4477 de
1053 4436 1154 4478 notura
1172 4427 1281 4477 donam
1299 4427 1389 4479 nullos
1407 4444 1465 4481 esse
1494 4414 1499 4420 ’

89 4518 159 4570 deos
176 4514 291 4581 Epicuro
310 4515 398 4568 rideri
415 4530 531 4582 qrraeqns
549 4513 573 4564 is
592 4512 623 4564 de
641 4511 699 4563 deis
719 4510 909 4563 immortalibus
928 4513 1030 4566 dicerit
1047 4514 1167 4566 incidiae
1185 4514 1357 4565 detestandae
1373 4516 1466 4580 pratia

91 4604 198 4655 dixisse
216 4603 281 4667 [Cic.
300 4605 325 4654 d.
344 4614 398 4656 nat.
417 4604 488 4653 deor.
508 4604 521 4652 1
539 4600 574 4653 44
592 4601 641 4665 raa]
666 4600 822 4649 clamaverit.
853 4602 925 4653 locus
949 4605 999 4654 illis
1023 4604 1164 4654 communis
1188 4603 1236 4651 fuit
1260 4611 1288 4651 ut
1310 4604 1465 4654 Plutarchus

91 4687 145 4754 [dn
168 4686 226 4741 sect
249 4688 294 4758 ζῆν
317 4688 383 4741 ἔστιν
405 4706 427 4740 c.
441 4684 472 4739 11
494 4706 518 4753 p.
535 4686 614 4752 1101]
641 4687 777 4737 confirmat
797 4684 830 4736 τὰ
852 4687 907 4755 περὶ
932 4685 999 4742 besor
1025 4689 1069 4741 acl
1091 4685 1219 4756 θειότητος
1238 4687 1267 4750 [1.
1286 4684 1414 4757 ὁσιότητος
1433 4692 1464 4741 cf.

91 4778 187 4828 Cobet.
206 4777 334 4828 Mnemes.
353 4779 387 4828 N·
407 4777 435 4829 S.
453 4777 492 4826 VI
511 4775 567 4839 46].
597 4777 629 4826 (18
648 4776 702 4826 (1818
721 4776 859 4839 scripserat
875 4777 922 4826 illo
942 4787 1056 4843 ternpore
1076 4779 1154 4828 etism
1174 4769 1290 4832 Κλώδιός
1307 4792 1344 4833 τις
1363 4771 1462 4828 Νεαπο-

95 4863 168 4932 λίτης
188 4865 325 4930 {Porphyn
346 4866 378 4915 de
397 4866 461 4916 sbst.
480 4881 505 4930 p.
520 4862 562 4923 44,
576 4861 618 4914 31.
638 4861 680 4923 58,
694 4857 727 4912 11
739 4860 786 4924 N.]
804 4862 820 4911 i.
834 4877 856 4912 e.
869 4861 963 4916 Sextus
975 4860 1084 4916 Clodius
1096 4865 1134 4916 M.
1147 4867 1256 4916 Antonii
1270 4866 1395 4916 triummri
1408 4881 1462 4917 rna·

94 4955 173 5016 gister
192 4954 222 5003 cs.
241 4952 342 5003 Arnob.
362 4953 387 5001 V
408 4950 448 5004 18.
467 4952 584 5002 Laetant.
604 4952 626 5000 Ι.
645 4951 678 4999 D.
697 4949 710 4998 1
730 4944 764 4999 11
780 4948 895 5017 Bernaye
908 4954 1039 5018 Theophr.
1053 4954 1132 5004 neber
1144 4955 1185 5004 die
1198 4954 1359 5017 iroemmiglr.
1379 4971 1403 5018 p.
1419 4950 1460 5003 11·
