3464 5586
178 305 243 370 248
465 306 559 356 xvnr
594 306 644 355 cu
665 304 802 356 cauam
822 302 992 355 ersuoum
1011 302 1242 354 pernoscens
1323 328 1328 337 -

178 475 366 558 postuletur.
401 491 478 555 ergo
500 469 591 538 vides
605 467 812 537 Volkmanuo
828 490 879 537 me
894 471 1013 536 victum
1037 488 1151 534 manus
1172 469 1262 554 dare,
1284 477 1320 535 ut
1341 470 1466 537 mireris
1481 491 1537 536 cur

179 574 435 660 simplicissimae
456 573 590 640 rationis
613 594 673 658 ego
695 573 770 640 olim
786 580 941 656 patronus
958 592 1031 638 esce
1045 570 1213 637 noluerim.
1247 572 1306 637 sed
1328 571 1414 639 enim
1436 578 1538 640 restat

179 676 368 743 difficillima
390 675 552 761 quaestio,
581 695 645 759 qua
667 676 757 742 velut
784 695 861 741 arce
881 674 971 741 nisus
993 674 1156 740 contraria
1177 673 1396 740 defenderam.
1441 694 1536 757 quam

180 799 252 845 cum
275 777 500 844 Volkmannus
523 777 652 844 omnino
675 797 741 843 non
764 775 922 861 tetigerit,
944 795 1030 840 nunc
1051 775 1113 859 ipsi
1135 782 1249 842 contra
1270 775 1410 860 priorem
1433 794 1538 841 meam

181 880 366 965 opinionem
388 879 467 944 mibi
490 878 700 965 pugnandum
723 879 793 944 erit.

266 982 425 1049 Secuntur
447 980 533 1047 enim
555 1001 600 1048 cc.
612 966 755 1064 Δ16-19,
778 978 894 1063 quibus
917 999 959 1044 ex
974 979 1205 1045 elementorum
1229 977 1389 1046 vestibulo
1411 979 1445 1044 iu
1467 978 1540 1062 ipsa

180 1084 388 1169 physicorum
414 1083 596 1167 penetralia
624 1082 798 1149 introducit
826 1088 1044 1167 mystagogus.
1090 1079 1181 1145 cuius
1207 1080 1309 1146 verba
1334 1085 1429 1165 pleno
1454 1084 1541 1145 rorte

181 1196 210 1250 ct
232 1190 437 1268 inficetiarum
458 1184 486 1250 si
507 1184 645 1251 feliciter
666 1181 881 1267 superaveris,
903 1182 970 1248 iam
992 1181 1171 1266 pleniorem
1186 1182 1437 1266 disputationem
1459 1182 1541 1248 acci-

181 1287 252 1373 pies
276 1289 418 1373 optimae
440 1293 539 1353 notae
562 1294 594 1353 et
617 1285 784 1369 antiquum
807 1285 947 1351 colorem
970 1284 1059 1350 baud
1082 1283 1217 1350 obscure
1240 1286 1440 1370 prodentem.
1469 1283 1541 1368 ipse

181 1389 318 1473 scriptor
355 1388 398 1454 ab
436 1388 640 1471 antiquorum
678 1386 911 1454 consuetudine
951 1386 1138 1472 auspicatur
1180 1386 1264 1452 banc
1305 1387 1378 1453 libri
1415 1393 1540 1470 partem

181 1497 240 1554 τῶν
264 1490 313 1555 οὖν
333 1491 471 1575 πρότερον
493 1492 552 1554 ἀπδ
580 1494 638 1553 τῶν
669 1491 770 1575 ἀρχῶν
792 1494 851 1552 τῶν
873 1515 905 1554 τε
927 1494 1087 1576 δραστικῶν
1110 1489 1158 1552 καὶ
1181 1495 1239 1553 τῶν
1262 1493 1368 1554 ὑλικών
1390 1490 1541 1574 ἠργμόνων

182 1599 234 1678 τῆς
256 1598 380 1677 φυσικῆς
402 1593 612 1677 πραγματείας,
639 1591 731 1654 ταύτὰ
757 1593 827 1676 ἡμῖν
850 1592 970 1661 εἰκότως
992 1589 1192 1674 διανοηθέντες
1215 1594 1365 1677 ἁρμόττειν
1388 1591 1541 1674 νομίζομεν

182 1697 241 1759 ἀπὸ
264 1696 373 1758 τούτων
400 1696 453 1779 τὴν
481 1696 577 1780 ἀρχὴν
604 1693 750 1757 ποιεῖσθαι
776 1699 835 1757 τῶν
862 1695 967 1777 λόγων.
1000 1692 1158 1777 εἰρηκότων
1184 1696 1277 1759 τοίνυν
1307 1695 1423 1759 ἐκείνων
1447 1697 1488 1763 ώς
1508 1695 1543 1756 τδ

182 1799 298 1861 πάντων
322 1800 552 1881 δραστικώτατον
580 1795 670 1860 αἴτιον
692 1799 750 1858 τῶν
772 1793 862 1859 όντων
878 1797 927 1859 καὶ
943 1795 1099 1879 γινομένων
1115 1796 1175 1860 ἐστὶ
1191 1798 1270 1875 θεός,
1293 1800 1340 1861 καὶ
1363 1802 1411 1860 νῦν
1434 1796 1544 1880 δμοίως

183 1902 253 1983 ἡμῖν
275 1900 422 1982 ποιητέον.
455 1920 520 1983 qua
542 1898 716 1984 partitione
738 1898 907 1982 proposita
928 1897 970 1962 de
992 1916 1091 1962 causa
1112 1897 1271 1965 efficiente
1293 1899 1439 1965 Platonis
1461 1898 1544 1964 Stoi-

183 2021 291 2067 corum
321 2000 553 2084 Epicureorum
587 1999 808 2082 similibusque
840 1998 1084 2083 quaestionibus
1117 1999 1263 2085 disserit,
1295 2008 1362 2066 tum
1396 2021 1423 2067 c.
1440 2001 1480 2065 18
1502 1999 1544 2065 de

183 2102 321 2169 materia
343 2102 438 2169 docte
467 2109 500 2169 et
527 2102 678 2169 distincte
700 2100 853 2184 disputat.
890 2099 985 2166 finem
1008 2100 1086 2166 facit
1109 2121 1136 2166 o.
1159 2103 1210 2186 19,
1243 2122 1306 2185 quo
1336 2101 1483 2188 principii
1512 2108 1545 2167 et

184 2224 303 2270 causae
331 2203 517 2271 differentia
546 2204 660 2270 cadem
688 2202 868 2269 disserendi
895 2203 1074 2269 subtilitate
1102 2204 1283 2287 exponitur.
1317 2226 1358 2271 ex
1385 2205 1447 2270 bac
1477 2211 1543 2268 tam

185 2314 259 2371 arta
281 2326 320 2371 ac
342 2305 496 2372 continua
519 2326 625 2372 rerum
648 2302 732 2371 serie
754 2326 852 2370 unum
874 2325 901 2370 c.
919 2305 960 2368 18
983 2306 1072 2371 velut
1094 2312 1259 2372 exsectum
1281 2306 1314 2371 iu
1330 2307 1421 2373 Sexti
1444 2308 1544 2392 hypo·

184 2413 346 2492 typoseon
369 2408 390 2474 l.
406 2407 455 2472 111
471 2410 597 2475 30-32
630 2405 778 2491 recurrit,
815 2412 993 2473 ceterorum
1027 2414 1136 2473 autem
1168 2417 1430 2491 argumentorum
1463 2409 1544 2473 nibil

185 2508 246 2574 nisi
269 2509 383 2573 umbra
405 2510 569 2593 quaedam
591 2529 649 2594 per
672 2508 812 2593 Sceptici
836 2508 1006 2574 verbosam
1029 2508 1257 2577 refutationem
1279 2512 1420 2594 pellucet
1441 2511 1488 2576 ita
1510 2518 1546 2576 ut

185 2631 270 2694 quae
291 2611 380 2695 apud
395 2612 555 2680 Galenum
570 2612 655 2677 iusto
671 2610 857 2695 disputandi
879 2610 1010 2677 flumine
1033 2609 1239 2695 proferuntur
1260 2613 1302 2677 ab
1324 2613 1381 2679 illo
1403 2636 1460 2698 pro
1478 2613 1545 2679 libi·

185 2713 261 2779 diue
276 2714 369 2796 quasi
386 2714 587 2781 membratim
604 2714 740 2781 disiecta
755 2733 793 2779 ac
808 2714 929 2779 diffusa
943 2713 1067 2779 videas.
1090 2733 1129 2779 ac
1144 2715 1343 2798 prooemium
1359 2717 1486 2800 quidem
1502 2716 1544 2781 ab

186 2816 308 2883 eisdem
332 2815 401 2883 fere
422 2816 532 2884 verbis
554 2817 722 2900 utrimque.
754 2837 825 2883 cum
841 2816 958 2883 Galeni
973 2813 1080 2880 verbis
1096 2835 1123 2881 c.
1137 2817 1178 2880 16
1193 2836 1276 2899 quae
1297 2819 1443 2903 expressi
1466 2817 1545 2883 mire

186 2919 360 2985 concinunt
374 2918 532 2986 Sextiaua
546 2920 595 2985 III
612 2922 628 2985 1
647 2919 691 3004 (p.
710 2921 781 3004 119,
797 2922 921 2984 11-17
929 2919 980 3006 Β.)
1003 2919 1152 3005 ἀρξόμεθα
1168 2921 1201 2983 δὲ
1215 2922 1274 2984 ἀπὸ
1289 2927 1341 2985 τοῦ
1356 2924 1420 3007 περὶ
1443 2924 1545 3007 ἀρχῶν

186 3022 272 3104 λόγου
296 3022 343 3084 καὶ
367 3022 468 3106 ἐπειδὴ
491 3023 570 3107 παρὰ
591 3028 651 3093 τοῖς
673 3023 816 3093 πλείστοις
839 3026 1067 3107 συμπεφώνηται
1089 3027 1147 3085 τῶν
1170 3023 1271 3108 ἀρχών
1294 3026 1345 3094 τάς
1370 3026 1422 3108 μὲν
1445 3024 1545 3092 ὑλικὰς

186 3123 276 3203 εἶναι,
302 3125 353 3193 τάς
382 3125 415 3187 δὲ
436 3126 609 3209 δραστικάς,
636 3126 695 3189 ἀπὸ
717 3130 775 3188 τῶν
798 3128 959 3211 δραστικών
980 3129 1033 3211 τὴν
1056 3127 1151 3211 ἀρχὴν
1174 3129 1225 3187 τοῦ
1248 3126 1334 3208 λόγου
1357 3128 1543 3209 ποιησόμεθα

188 3267 296 3288 .....
320 3225 424 3288 οὐκοῦν
447 3226 509 3289 ἐπεὶ
534 3227 602 3290 θεὸν
624 3225 697 3290 εἶναι
720 3229 950 3312 δραστικώτατον
972 3227 1062 3292 αἴτιον
1085 3229 1112 3290 οἱ
1133 3228 1249 3296 πλείους
1272 3230 1456 3313 ἀπεφήναντο
1477 3229 1545 3313 πρό·

186 3351 267 3413 τερον
295 3329 360 3412 περὶ
386 3328 457 3391 θεοῦ
486 3333 692 3414 σκοπήσομεν.
723 3331 867 3397 Galenus
894 3330 977 3396 haee
999 3328 1167 3395 continuat
1190 3330 1312 3393 Πλάτων
1336 3332 1404 3394 θεὸν
1427 3333 1546 3414 ἀσώμα-

187 3454 245 3510 τον,
268 3429 371 3514 Ζήνων
395 3431 428 3493 δὲ
450 3435 537 3513 σῶμα
559 3433 623 3518 περὶ
646 3439 698 3517 τῆς
723 3439 837 3519 μορφῆς
860 3435 951 3517 μηδὲν
973 3433 1130 3519 εἰρηκότες,
1154 3452 1288 3514 querum
1305 3452 1324 3498 e
1339 3432 1439 3499 Sexte
1461 3433 1546 3499 inter

187 3532 295 3598 aliena
310 3531 392 3596 haec
410 3529 573 3598 infuscata
587 3533 732 3601 redditur
747 3535 855 3618 imago
879 3536 934 3620 §3
957 3538 984 3599 ot
1007 3538 1059 3618 μὲν
1082 3536 1171 3617 σῶμα
1192 3555 1278 3617 φασιν
1300 3534 1372 3600 εἶναι
1394 3538 1443 3599 τὸν
1466 3536 1545 3613 θεόν,

187 3636 214 3698 οἱ
241 3634 275 3696 δὲ
301 3634 456 3714 ἀσώματον
490 3635 538 3697 καὶ
571 3637 598 3699 οἱ
625 3637 677 3718 μὲν
706 3639 927 3723 ἀνθρωποειδῆ,
958 3640 985 3702 ot
1012 3639 1045 3701 δὲ
1072 3636 1117 3700 οὔ.
1151 3637 1249 3703 etiam
1278 3636 1407 3704 brevius
1429 3637 1545 3704 Galeni

187 3737 275 3799 τόπον
307 3735 340 3797 δὲ
373 3741 486 3819 κρατεῖν
522 3738 681 3822 ὡρισμένον
714 3742 762 3804 καὶ
789 3741 930 3805 κινεῖσθαι
959 3742 1157 3827 μεταβατικῶς
1191 3741 1243 3823 μὲν
1266 3739 1433 3826 Ἐπίκουρος
1458 3742 1546 3806 αὐτὸν

187 3838 277 3901 εἰπεῖν
300 3838 483 3923 ἐπιχείρησεν
499 3839 554 3906 ille
570 3841 676 3906 reddit
690 3843 738 3905 καὶ
754 3845 781 3906 ol
797 3844 849 3924 μὲν
872 3843 902 3906 ἐν
924 3843 1017 3928 τόπφ,
1040 3846 1067 3906 οἱ
1091 3845 1124 3907 δὲ
1146 3843 1191 3920 οὔ,
1214 3842 1329 3926 quibus
1351 3863 1434 3925 quae
1456 3843 1547 3908 addit

187 3943 214 4004 ol
242 3940 294 4023 μὲν
321 3941 400 4011 ἐντὸς
428 3943 540 4025 κόσμου
567 3945 594 4006 ot
622 3944 654 4007 δὲ
687 3945 770 4014 ἐκτός
799 3943 936 4011 invicem
965 3944 1189 4010 desiderantur
1211 3945 1244 4009 iu
1269 3945 1404 4010 Galeno.
1450 3966 1546 4028 porro

188 4042 282 4108 buius
305 4040 435 4107 uberior
451 4042 562 4111 Stoica
577 4045 630 4112 dei
646 4045 789 4112 definitio
811 4048 961 4130 neglecta
983 4053 1033 4112 est
1053 4046 1111 4130 illi,
1133 4047 1195 4112 uisi
1219 4047 1305 4130 quod
1328 4047 1445 4112 Galeni
1468 4071 1547 4131 προ-

187 4151 280 4211 νοεῖν
303 4169 339 4208 τε
363 4150 434 4209 τῶν
458 4149 667 4233 ἀρχομένων
690 4147 766 4212 κατ’
793 4150 924 4233 ἀρετήν
951 4149 1015 4213 iam
1045 4169 1111 4214 non
1139 4149 1284 4214 codicum
1310 4151 1412 4214 solum
1441 4157 1548 4214 arrote-

186 4250 282 4314 ritate
304 4246 363 4312 sed
385 4247 483 4313 etiam
506 4250 597 4316 Sexti
621 4250 829 4316 similitudine
851 4249 1045 4336 defenditur,
1070 4250 1159 4317 cuius
1182 4260 1231 4318 est
1254 4273 1283 4336 p.
1302 4254 1374 4335 120,
1389 4254 1426 4316 ll
1439 4251 1475 4315 Β.
1494 4252 1547 4315 (τό

187 4355 351 4437 ἐνεργοῦν
386 4352 475 4415 κατὰ
508 4353 634 4437 ἀρετὴν
670 4353 729 4416 καὶ
756 4354 1018 4437 προνοούμενον
1052 4359 1117 4417 τῶν
1152 4356 1207 4439 ὑφ’
1243 4356 1349 4418 ἑαοτδ
1383 4354 1547 4436 τεταγμέ-

187 4478 262 4519 νων.
293 4464 403 4516 corrtra
423 4457 537 4518 sentire
559 4458 611 4536 qai
637 4457 677 4517 τδ
705 4455 892 4539 ἀνέργητον
920 4457 981 4519 καὶ
1011 4459 1101 4540 μήτε
1130 4458 1217 4521 αὐτὸ
1247 4461 1433 4542 πράγματα
1460 4455 1546 4541 ἔχον

189 4560 277 4641 μήτε
306 4553 417 4639 ἑτέρῳ
444 4557 604 4643 παρέχον
628 4559 799 4642 μακάριον
823 4559 1006 4639 opinentur?
1044 4558 1117 4622 buic
1150 4560 1295 4642 opinioni
1323 4579 1414 4624 suum
1442 4557 1548 4623 reddit

188 4665 353 4725 auctorem
382 4655 539 4725 Galenus:
569 4658 737 4746 Ἐπίκουρος
841 4660 932 4741 λέγων
960 4663 994 4724 τό
1026 4663 1166 4744 μακάριον
1189 4662 1237 4724 καὶ
1261 4663 1458 4746 ἀδιάφθαρτον
1480 4659 1541 4723 οὔτ’

188 4763 259 4828 αὐτὸ
282 4764 437 4845 πράγματα
460 4762 539 4849 ἔχειν
562 4762 628 4827 οὔθ’
657 4765 748 4848 ἑτέριρ
771 4764 918 4849 παρέχειν.
955 4761 1063 4845 itaque
1094 4763 1223 4845 plenam
1256 4764 1373 4847 ubique
1399 4771 1431 4828 et
1452 4770 1549 4828 testa-

188 4874 253 4935 tam
277 4865 479 4935 decretorum
501 4866 693 4935 varietatem
709 4886 729 4933 a
745 4865 843 4932 Sexto
868 4866 1015 4935 consulto
1040 4865 1220 4950 praecisam
1244 4887 1316 4934 esse
1339 4865 1439 4931 vides.
1462 4866 1548 4947 quod
