3464 5586
253 363 296 427 50
718 365 757 414 lv
795 365 844 414 DE
866 365 968 414 suun
987 363 1153 416 PLACITIS

256 530 431 617 Chrysippi
453 533 494 599 de
517 532 689 617 phantasia
712 532 897 616 opinionem
919 552 959 599 ex
981 531 1074 597 Aetio
1098 531 1140 597 ad
1167 530 1302 598 verbum
1323 529 1392 598 1666
1414 530 1617 616 transcripsit

254 656 285 718 p.
302 636 342 698 lb
365 634 403 700 A.
430 657 459 720 p.
478 638 539 701 112
561 634 675 699 Mattb.
704 635 841 701 eandem
870 636 957 700 solus
984 633 1176 700 Plutarchus
1208 633 1351 700 66666611
1377 634 1423 699 IV
1444 634 1499 718 12,
1526 634 1617 701 66166

254 738 456 821 comparatio
479 759 545 804 non
567 759 631 803 uno
654 739 785 803 nomine
807 744 857 803 661
878 737 1053 802 166616666.
1095 736 1228 802 meliore
1250 755 1346 819 quam
1368 736 1415 801 illi
1438 736 1616 822 exemplari

255 859 333 904 usus
354 840 482 907 videtur
504 841 583 905 [va
605 851 627 901 1.
647 849 672 902 3.
695 839 734 905 61.
757 839 842 904 16166
864 860 895 923 p.
911 839 963 904 55.

339 942 390 1008 En
411 942 563 1010 Nemesio
586 941 737 1009 liberiore
758 942 883 1007 ratione
911 940 1087 1023 compilata
1108 950 1197 1026 6661,
1228 960 1312 1025 6666
1334 941 1530 1007 Placitomm
1553 961 1616 1008 me-

253 1043 376 1110 moriae
398 1045 516 1110 similia
538 1043 745 1111 inreniuntur
758 1044 792 1109 in
808 1041 961 1108 Meletii
985 1041 1026 1109 de
1048 1051 1165 1109 natura
1188 1042 1327 1109 hominis
1350 1043 1496 1128 synopsi,
1517 1063 1615 1127 quam

254 1145 355 1212 edidit
371 1145 542 1212 Oramerus
564 1146 598 1210 in
613 1145 853 1213 Anecdotomm
869 1143 1099 1212 Oxoniensium
1123 1145 1287 1211 volumine
1309 1144 1405 1210 tertio
1428 1165 1459 1228 p.
1478 1146 1615 1210 l—lbl.

253 1256 352 1331 atque
375 1248 605 1332 Epicureorum
633 1247 816 1314 Aristotelis
842 1247 988 1314 Platonis
1016 1247 1133 1313 Galeni
1159 1247 1201 1313 de
1227 1248 1299 1315 6166
1326 1247 1495 1331 opiniones
1517 1268 1547 1331 p.
1564 1248 1616 1331 11,

255 1353 360 1416 7-14
383 1370 423 1416 ex
438 1349 580 1415 Nemesii
604 1351 665 1416 cl
688 1372 719 1434 p.
737 1352 848 1433 1966,
871 1349 1026 1416 Dinarchi
1049 1350 1268 1433 [Dicaearchi]
1291 1349 1410 1415 Galeni
1431 1348 1617 1415 Aristotelis

254 1453 463 1538 Pythagorae
477 1451 671 1517 Xenocratis
686 1452 949 1518 Manichaeorum
965 1452 1110 1517 Platonis
1126 1452 1236 1518 Oronii
1252 1449 1426 1537 Porphyrii
1449 1449 1491 1516 de
1506 1449 1616 1516 anima

253 1554 375 1639 placita
396 1575 428 1638 p.
445 1555 508 1618 145
520 1575 566 1637 sq.
590 1573 609 1620 6
631 1554 780 1620 diiunctis
802 1555 944 1620 Nemesii
967 1554 1047 1621 locis
1070 1576 1101 1639 p.
1122 1557 1163 1620 35
1180 1576 1249 1639 sqq.
1273 1554 1324 1621 28.
1348 1555 1401 1620 44.
1424 1553 1476 1619 29.
1498 1553 1550 1618 49.
1573 1554 1613 1617 51

257 1660 468 1742 neglegenter
490 1662 626 1722 consuta
648 1665 732 1723 sunt.

338 1762 428 1827 Haec
449 1758 518 1824 1666
541 1758 626 1823 Aelii
649 1768 741 1826 extra
764 1760 972 1825 Plutarchum
996 1760 1236 1844 Stobaeumquc
1258 1766 1422 1843 excerpta.
1459 1757 1503 1824 ad
1529 1777 1614 1841 quae

254 1862 473 1929 examinanda
495 1861 681 1945 priusquam
695 1881 747 1927 me
768 1870 964 1947 convertam,
988 1863 1102 1947 paucis
1117 1863 1330 1948 praefandum
1354 1868 1404 1929 661
1424 1861 1466 1927 de
1489 1860 1614 1943 antiqui

253 1964 459 2049 exemplaris,
481 1986 545 2047 quo
566 1971 700 2047 uterque
715 1963 852 2030 diversis
874 1964 1074 2048 temporibus
1097 1973 1255 2050 6666661,
1278 1964 1476 2032 condicione.
1510 1983 1615 2046 66666

252 2068 337 2133 enirn
359 2067 471 2151 paucis
501 2067 581 2132 illud
603 2085 709 2148 66666
735 2066 861 2132 levibus
892 2068 1005 2134 666616
1033 2067 1220 2151 1666166166
1246 2074 1317 2134 6661
1338 2067 1407 2134 6166
1429 2066 1531 2152 ipsius
1552 2066 1615 2132 col·

250 2170 382 2236 lectoris
409 2169 616 2253 neglegentia
643 2168 712 2234 6166
739 2168 942 2236 librariorum
970 2171 1088 2255 supina
1119 2169 1277 2236 socordia.
1326 2168 1447 2235 etenim
1474 2168 1529 2234 diu
1555 2175 1615 2253 est,

251 2293 324 2338 curn
344 2272 521 2337 scribamm
543 2278 657 2354 stupor
678 2271 818 2336 incusari
842 2282 976 2358 coeptus
999 2280 1049 2340 est
1070 2292 1177 2356 neque
1200 2271 1375 2357 Hyperidis
1397 2271 1616 2339 Herculanen-

251 2395 368 2458 sesque
402 2374 518 2460 papyri
552 2394 591 2439 ac
625 2392 667 2438 66
699 2373 862 2439 Atticiana
898 2375 1027 2458 quidem
1061 2376 1213 2459 exempla
1245 2374 1422 2460 puerilibus
1453 2371 1615 2440 erroribus

250 2478 353 2544 libera
380 2476 464 2543 6661.
502 2475 578 2559 quid
604 2474 702 2557 igitur
728 2476 770 2542 de
798 2477 948 2544 scholicis
975 2478 1132 2546 eiusmodi
1162 2484 1260 2561 61666
1286 2476 1460 2543 humilibus
1488 2475 1616 2559 scriptis

251 2581 426 2665 cogitabis,
460 2580 513 2663 qui
537 2579 636 2644 multo
666 2577 789 2644 minore
822 2580 979 2664 religione
1013 2602 1110 2664 quarn
1142 2579 1387 2664 praecipuorum
1422 2578 1614 2664 scriptorum

252 2690 462 2749 monumenta
489 2680 756 2747 describebantur
784 2689 896 2749 contra
929 2683 1120 2765 legebantur
1151 2680 1430 2748 emendabantur?
1466 2700 1542 2764 ergo
1571 2700 1615 2745 ne

251 2784 514 2871 compilatoribus
543 2782 600 2849 1161
626 2790 759 2867 propter
785 2784 980 2869 exemplaris
1008 2786 1202 2870 pravitatem
1228 2783 1359 2868 iniuria,
1386 2782 1472 2850 bano
1500 2782 1614 2866 accipe

250 2889 455 2971 antiquorum
477 2886 666 2952 mendorum
688 2885 842 2952 tabulam.

335 2991 408 3055 115
424 2999 439 3052 3
458 2994 610 3071 quattuor
632 2989 758 3055 colores
780 2997 1011 3055 enumerantur
1025 2992 1127 3054 λευκὸν
1144 2991 1233 3073 μέλαν
1249 2990 1372 3074 ἐρυθρὸν
1396 2988 1520 3074 ὠχρόν.
1550 3007 1613 3054 666

249 3113 342 3160 66666
364 3093 439 3173 611
464 3091 548 3158 618.
589 3093 687 3176 ὠχρόν
710 3099 894 3175 corruptum
918 3113 990 3159 6666
1013 3092 1104 3157 multi
1128 3091 1288 3175 viderunt,
1312 3090 1433 3175 primus
1456 3089 1612 3155 Burcbar·

250 3195 310 3260 dus
333 3193 507 3260 Democrit.
530 3192 572 3257 de
595 3213 680 3258 sens.
703 3214 734 3276 p.
751 3194 802 3259 22.
836 3195 923 3259 unde
949 3194 1121 3262 Meinekeo
1147 3195 1180 3259 in
1202 3193 1344 3260 Stobaeo
1373 3201 1422 3260 166
1449 3195 1612 3279 corrigere

249 3297 380 3381 placuit.
425 3295 484 3361 sed
512 3294 679 3377 antiquum
708 3295 911 3380 estodium,
943 3295 1019 3379 quia
1045 3297 1078 3362 in
1101 3296 1215 3364 eodem
1243 3296 1341 3382 ὠχρόν
1364 3297 1539 3363 mendosus
1562 3305 1612 3364 est

249 3399 442 3465 Plutarchus
464 3399 528 3478 57.
560 3396 714 3462 Aetiusnc
736 3417 779 3462 an
802 3398 951 3464 librarius
973 3406 1041 3464 tarn
1063 3399 1270 3483 pertinaciter
1291 3398 1475 3482 peccaverit
1490 3400 1609 3466 nescio.

248 3501 388 3567 16616666
410 3501 444 3565 16
465 3506 574 3566 mente
589 3505 682 3564 erant
704 3499 826 3584 ἐρυθρόν
849 3508 882 3566 61
906 3503 1004 3586 ὠχρόν
1028 3501 1191 3567 humanae
1205 3500 1301 3567 faciei
1317 3502 1443 3568 colores
1459 3501 1609 3586 oppositi.

332 3606 384 3670 13
403 3614 419 3668 3
448 3603 667 3686 Ἀναξίμανδρος
686 3643 693 3659 ·
711 3644 718 3660 ·
735 3604 790 3666 .τὸ
813 3602 941 3688 ἄπειρον.
971 3605 1005 3668 ἐκ
1027 3605 1081 3687 γὰρ
1104 3605 1206 3667 τούτου
1228 3605 1322 3668 πάντα
1345 3604 1474 3686 ducebar
1498 3606 1546 3669 καὶ
1569 3606 1611 3675 εἰς

247 3713 332 3771 τοῦτο
360 3710 453 3771 πάντα
479 3706 661 3790 φθείρεσθαι.
707 3705 751 3767 διὸ
779 3708 826 3769 καὶ
856 3707 1010 3790 γεννᾶσθαι
1039 3707 1175 3789 ἀπείρους
1202 3707 1328 3790 κόσμους
1350 3708 1397 3770 661
1421 3710 1505 3771 πάλιν
1529 3708 1609 3793 φθεί-

248 3811 350 3894 ρεσθαι
365 3810 406 3878 εἰς
421 3812 454 3872 τὸ
476 3808 506 3877 ἐξ
529 3807 562 3870 οὔ
585 3808 731 3890 γίνεται.
761 3807 842 3874 haec
862 3807 957 3873 ambo
973 3807 1059 3874 fideli
1075 3807 1256 3874 concordia.
1291 3815 1476 3894 corruptum
1498 3816 1609 3874 autem

248 3932 320 3978 6666
342 3911 487 3977 ultimum
510 3908 591 3974 illud
613 3910 718 3992 γίνεται
741 3930 807 3975 666
828 3911 932 3976 solum
954 3909 1134 3976 Heereuius
1159 3909 1318 3975 intellexit
1341 3912 1399 3978 sed
1423 3911 1520 3980 etiam
1536 3911 1610 3977 Plu-

247 4014 351 4080 tarchi
374 4012 493 4078 codicis
513 4013 539 4077 Β
562 4012 708 4096 scriptor.
742 4018 876 4096 uterquc
895 4014 1018 4096 γίνονται
1041 4009 1164 4076 66111661
1186 4011 1426 4095 promptissima
1448 4012 1610 4080 medicina

247 4114 419 4200 rescripsit.
459 4113 518 4180 sed
540 4114 611 4198 quis
634 4114 747 4181 credat
768 4121 835 4179 tam
857 4116 956 4197 plana
980 4112 1178 4196 abantiquo
1201 4112 1307 4178 scriba
1335 4122 1488 4201 corrupta
1515 4113 1610 4182 esse?

246 4240 346 4304 quare
374 4217 565 4283 Meinekeus
593 4219 678 4282 6616
705 4217 842 4282 mutavit
869 4216 903 4280 in
931 4221 987 4281 πᾶν
1010 4224 1120 4283 661666
1142 4235 1223 4281 sana
1246 4235 1318 4283 6666
1339 4224 1439 4284 66166.
1486 4216 1608 4283 666166

247 4323 440 4404 6661661666,
464 4326 499 4384 61
513 4319 656 4401 aliquam
670 4320 772 4384 multa
787 4318 820 4383 in
836 4318 989 4404 Stobaeo,
1008 4318 1128 4385 infelici
1149 4338 1246 4383 manu
1267 4318 1353 4385 iacta
1375 4325 1434 4386 est.
1464 4339 1540 4385 nam
1556 4318 1607 4384 cui

247 4424 331 4490 bono
354 4425 411 4488 illa
432 4425 526 4486 πάντα
547 4423 720 4508 φθείρεσθαι
742 4421 776 4486 16
798 4442 883 4487 6666
906 4421 1073 4488 enuntiato
1088 4420 1206 4485 iterata
1221 4423 1337 4505 putas?
1364 4422 1461 4488 credo
1476 4419 1606 4487 Aetium

245 4524 411 4609 scripsisse
433 4526 577 4609 γίνεσθαι,
606 4533 641 4591 61
667 4525 783 4591 eadem
805 4543 885 4589 saue
906 4523 1068 4589 sententia
1093 4542 1189 4606 quam
1212 4523 1265 4606 qui
1288 4526 1412 4609 γίνονται
1434 4524 1608 4589 volucmnt

244 4628 441 4695 restituatur.
474 4626 669 4692 infinitivum
691 4626 726 4690 in
748 4626 893 4691 relativis
908 4625 1075 4691 structuris
1095 4644 1176 4690 6666
1200 4624 1292 4708 peius
1314 4633 1347 4691 61
1369 4645 1477 4709 angue
1498 4625 1606 4692 odisse

245 4737 372 4796 6666161
393 4729 552 4795 librarios
583 4727 729 4794 similiter
752 4727 881 4810 quidem
902 4727 936 4792 in
959 4728 1047 4792 Plae.
1062 4726 1090 4790 V
1108 4729 1180 4792 161
1215 4728 1284 4791 ὅθεν
1302 4728 1532 4814 ...τρέφεσθαι
1555 4726 1606 4793 bis

243 4832 276 4897 in
299 4833 448 4917 τρέφεται,
471 4839 538 4896 tum
560 4830 676 4896 iterum
697 4830 731 4896 16
753 4829 905 4916 τρέφονται
928 4836 1098 4913 utsupra,
1121 4836 1299 4896 correctum
1323 4836 1383 4896 est.
1427 4849 1539 4895 verum
1560 4827 1606 4895 ibi

244 4954 284 4999 ex
308 4934 433 5000 Galeno
457 4933 590 4998 66611161.
