3442 5588
726 338 1000 390 rnonneeunns
1498 338 1539 401 79

176 502 365 587 Scepticnm
398 524 525 587 qnoque
551 504 605 570 vel
632 504 860 571 Academicum
887 505 1053 587 inducere,
1087 504 1141 587 qui
1173 507 1379 586 Empedoclen
1413 510 1539 569 Amana

174 626 278 688 porca
308 608 518 671 bonomiam
543 608 749 671 Parmeniden
780 609 997 689 Xenophanem
1023 608 1183 671 Platonem
1211 613 1303 672 etiam
1331 621 1358 672 et
1381 609 1540 672 Socratem

175 706 381 774 haesitantes
396 708 437 774 de
451 727 530 775 rero
546 708 691 792 proferre
706 709 857 775 solebant
872 708 951 791 [Cic.
969 709 1093 774 Lucull.
1110 712 1130 775 5
1155 721 1188 773 14
1203 711 1311 776 Laert.
1327 712 1375 775 IX
1387 712 1538 793 ile-73}

175 809 253 874 talis
274 809 375 892 igitur
397 809 572 893 explicatio
595 810 623 876 si
646 812 696 877 cui
718 810 907 895 probabitur
928 832 995 877 non
1017 812 1215 895 repugnabo.
1248 813 1374 878 interea
1394 813 1451 876 illo
1475 814 1539 897 περὶ

176 912 319 996 αἱρέσεων
342 911 435 978 titulo
459 912 606 995 quamvis
621 913 789 997 aptissime
805 913 814 946 ¹
835 912 956 978 Ariana
972 914 1054 980 libro
1071 920 1299 999 praeponatur,
1323 934 1381 997 pro
1398 914 1539 996 genuino

177 1012 222 1078 uti
248 1015 337 1079 nolo.

262 1115 459 1184 Brevissima
479 1116 643 1184 bieinekei
666 1117 856 1202 perdubiam
879 1119 1065 1203 opinionem
1087 1127 1196 1202 tango,
1219 1137 1317 1200 quam
1339 1118 1541 1202 displicuisse

180 1217 389 1284 Volkmanno
411 1219 507 1286 video
531 1217 582 1306 [N.
605 1219 720 1286 Jahrb.
743 1220 764 1286 l.
781 1221 863 1286 Phil.
889 1221 970 1287 1871
994 1242 1026 1305 p.
1042 1222 1211 1303 684sqq.].
1234 1221 1325 1305 apud
1341 1220 1540 1289 Clementem

178 1321 266 1385 enim
289 1321 562 1388 estStrom.114
580 1333 612 1387 el
637 1345 668 1407 p.
685 1324 844 1390 361Pott.
868 1326 952 1388 πολιν
973 1322 1011 1387 αὖ
1032 1323 1143 1388 Χὶλωνι
1166 1328 1208 1408 τῷ
1233 1325 1452 1409 Λακεδαιμονίῳ
1475 1326 1540 1389 ἀνα-

176 1424 297 1508 φέρουσι
320 1425 354 1487 τὸ
379 1426 485 1508 μηδὲν
508 1425 603 1509 ἄγαν.
646 1426 782 1510 Στράτων
804 1428 889 1490 δὲέν
912 1433 954 1511 τῷ
978 1427 1048 1511 Περὶ
1071 1428 1243 1511 εὑρημάτων
1264 1426 1464 1511 Στρατοδήμιρ
1487 1426 1540 1509 [cf.

178 1525 637 1593 dismembrabant(
660 1528 736 1611 228]
759 1536 801 1614 τῷ
826 1528 956 1613 Τεγεάτῃ
984 1531 1142 1613 προσάπτει
1168 1532 1201 1592 τὸ
1224 1529 1416 1613 ἀπόφθεγμα,
1438 1529 1541 1594 Διδο-

177 1653 240 1710 μοτ
262 1630 297 1692 δὲ
319 1628 431 1693 Σόλωνι
453 1629 525 1693 αὐτὸ
547 1632 717 1714 ἀνατίθησιν
741 1633 839 1717 ὥσπερ
862 1632 962 1714 ἀμέλει
986 1629 1162 1716 Κλεοβούλῳ
1184 1634 1217 1694 τὸ
1240 1632 1367 1716 μέτρον
1390 1632 1539 1716 ἄριστον.

176 1729 260 1796 baec
274 1730 369 1796 Ario
385 1731 526 1816 Didymo
542 1734 730 1800 vindicabat
744 1735 946 1818 hleinekeus,
962 1733 1183 1818 Symposiacis
1199 1733 1456 1800 Chalcenteri
1471 1735 1541 1800 sive

179 1832 266 1915 quod
280 1832 325 1898 ll.
341 1833 520 1901 Schmidtio
544 1833 688 1923 [Didymi
709 1836 747 1901 ir.
770 1858 802 1921 p.
819 1837 895 1918 372]
918 1837 1021 1918 magis
1044 1836 1152 1919 placet
1173 1835 1305 1921 Didymi
1320 1836 1502 1903 Heraclidis
1517 1836 1539 1903 f.

178 1935 319 2003 Neronis
334 1936 482 2019 aequalis
493 1937 730 2005 Volkmannns.
753 1937 856 2004 utrius
872 1938 914 2004 sit
928 1939 1035 2004 verim
1051 1938 1244 2023 coniectura,
1260 1957 1300 2003 ex
1316 1938 1377 2004 boc
1393 1959 1456 2002 uno
1468 1939 1540 2002 loco

178 2037 284 2103 dirimi
307 2038 429 2121 nequit
464 2059 539 2105 nam
561 2041 622 2106 etsi
637 2041 829 2108 Meinekens
851 2040 938 2106 baud
961 2040 1059 2107 dubie
1080 2041 1201 2107 erravit
1223 2040 1407 2107 nniversam
1422 2060 1443 2104 a
1458 2038 1542 2104 Tha-

177 2141 242 2206 lete
258 2139 499 2225 philosophiam
521 2141 727 2210 decucurisse
748 2143 860 2209 Arium
883 2143 1043 2227 opinatus,
1066 2143 1143 2227 quid
1158 2143 1293 2227 impedit
1315 2143 1485 2225 quominus
1507 2141 1540 2206 in

179 2243 345 2325 prooemio
368 2243 523 2310 leviorem
550 2244 647 2310 istam
672 2245 982 2329 apophthegmutum
1004 2244 1191 2310 memoriam
1216 2251 1380 2329 tamquam
1402 2244 1541 2310 rudioris

180 2344 408 2429 philosophiae
431 2347 647 2412 testimonium
670 2353 791 2412 tactam
811 2347 1002 2413 credamus?
1028 2347 1261 2432 Apollodorum
1283 2347 1412 2430 quidem
1426 2347 1542 2430 Epicu·

179 2465 267 2513 raum
291 2449 322 2512 ἐν
344 2454 387 2534 τῷ
410 2448 493 2534 Περὶ
516 2457 587 2513 τῶν
609 2451 812 2535 φιλοσόφων
835 2450 1003 2534 αἱρέσεων
1025 2449 1188 2515 simillima
1210 2448 1356 2532 proferre
1378 2469 1444 2515 non
1466 2469 1542 2533 pae-

179 2549 272 2615 nituit
294 2549 540 2634 el.Diog.160
561 2559 621 2623 τοῖς
641 2577 674 2617 τε
696 2554 862 2638 ἀνθρώποις
883 2556 1104 2640 συνεβούλευσεν
1128 2550 1234 2638 (Solo)
1256 2552 1297 2622 ὥς
1318 2575 1406 2637 φησιν
1424 2552 1541 2617 Ἀπολ·
1619 2633 1620 2636 ¹

179 2653 333 2738 λόδωρος
355 2655 385 2718 ἐν
407 2661 450 2741 τῷ
476 2654 513 2720 ll·
536 2681 561 2719 τ.
583 2681 614 2741 φ.
641 2658 700 2741 αἱρ.
727 2659 814 2720 τάδε·
841 2657 1058 2740 καλοκάγαθίαν
1084 2658 1172 2740 ὅρκου
1199 2655 1368 2739 πιστοτέραν
1395 2653 1465 2741 ἔχε·
1499 2656 1540 2740 μὴ

179 2757 286 2840 ψεύδου
313 2760 376 2821 κτλ.
412 2764 447 2821 at
471 2756 542 2841 ipse
569 2757 721 2825 Clemens
749 2780 821 2824 cum
848 2759 890 2824 de
918 2758 1121 2843 philosophis
1150 2757 1338 2823 mulieribus
1364 2758 1540 2843 Didymum

179 2860 209 2921 ln
237 2858 455 2941 Συμποσιακοῖς
481 2858 558 2926 citet
588 2860 705 2926 Strom
727 2861 772 2926 IV
794 2863 907 2926 19123
936 2882 967 2945 p.
988 2861 1054 2926 620
1078 2861 1162 2925 Pott.
1190 2867 1223 2925 et
1249 2880 1271 2925 a
1297 2859 1398 2926 libelli
1430 2859 1541 2925 indole

178 2960 239 3025 Vss
261 2961 447 3046 sapientum
469 2961 625 3027 memoria
649 2961 901 3047 haudquaquam
923 2963 1109 3046 abhorreat,
1131 2962 1211 3028 illud
1233 2982 1361 3045 quoque
1382 2961 1542 3044 fragmen-

177 3070 244 3128 tum
272 3063 495 3149 Symposiacis
516 3064 639 3132 addere
661 3067 764 3149 magis
787 3072 1040 3133 consentaneum
1064 3071 1123 3132 est.
1153 3085 1213 3131 nec
1236 3065 1354 3130 dubiae
1376 3064 1424 3129 rei
1445 3062 1541 3129 fidem

178 3167 268 3231 auxit
284 3165 488 3250 Meineheus,
511 3185 584 3231 cum
600 3166 777 3235 Clementis
798 3170 905 3234 locum
920 3168 1051 3235 tertium
1066 3168 1120 3250 qui
1135 3161 1177 3233 de
1192 3168 1326 3233 Theano
1341 3185 1382 3231 ex
1398 3166 1541 3250 Didymo

178 3361 204 3408 in
221 3359 301 3410 simili
319 3366 485 3424 argumento,
503 3359 637 3410 dividendi
655 3361 740 3410 studio
758 3368 844 3411 autem
862 3363 940 3411 etism
957 3362 1055 3410 maiore
1072 3367 1189 3410 versatur
1205 3360 1290 3409 Varro
1307 3359 1334 3406 in
1350 3355 1417 3404 libro
1434 3354 1467 3403 de
1484 3354 1541 3418 phi-

179 3445 298 3512 loaopbia
316 3447 384 3511 Aug.
397 3447 422 3496 d.
441 3463 462 3495 c.
481 3446 506 3496 d.
520 3447 587 3496 XIX
603 3444 680 3498 1-3
698 3450 741 3510 qni
758 3464 791 3498 ex
808 3448 933 3511 tripertita
955 3447 1044 3497 linium
1067 3449 1193 3497 bonorum
1214 3456 1239 3494 et
1260 3446 1386 3494 malornm
1409 3444 1541 3508 partitioni

180 3533 397 3585 cccxxxvm
415 3541 498 3583 seems
520 3535 606 3597 inepte
625 3534 718 3584 effecit.

250 3619 259 3650 ¹
278 3621 349 3671 unda
369 3620 549 3670 Volkmaunus
568 3619 614 3682 (N.
629 3621 715 3685 jahrb.
733 3623 751 3672 t.
770 3624 800 3673 cl.
820 3623 882 3687 phil.
905 3621 970 3674 1871
991 3640 1016 3687 p.
1032 3620 1096 3684 685,
1122 3623 1165 3686 qni
1188 3622 1259 3671 illum
1278 3618 1378 3668 titulum
1396 3619 1429 3668 ad
1449 3619 1541 3667 Arium

180 3711 306 3773 portinere
327 3708 414 3771 negat)
439 3707 558 3757 didicerit
581 3709 646 3758 tales
669 3709 747 3758 libros
772 3710 894 3760 historica
916 3724 970 3758 uon
994 3710 1143 3772 domatum
1162 3711 1262 3759 ratiorm
1281 3709 1437 3769 conscriptos
1455 3708 1542 3764 luisse,

179 3798 257 3847 tracta
275 3810 384 3860 quaem.
403 3795 537 3845 Theodori
555 3795 659 3857 quidem
672 3795 826 3846 Clitomachi
843 3797 965 3847 Panaetii
978 3796 1157 3845 Eratosthenis
1176 3793 1231 3863 περὶ
1249 3791 1366 3862 αἱρέσεων
1385 3807 1469 3843 utrum
1487 3809 1542 3842 om·

180 3887 238 3935 nino
258 3881 443 3949 philosophiae
462 3882 597 3931 historiam
616 3898 648 3932 an
668 3885 750 3947 ipsam
768 3883 963 3948 philosophiam
982 3884 1120 3944 tetigerint,
1139 3883 1274 3932 dubitatur.
1295 3882 1327 3932 cl.
1340 3882 1461 3932 Nictscbe
1474 3881 1543 3930 blus.

180 3972 224 4023 lib.
237 3971 333 4022 mv
349 3969 406 4022 194.
431 3979 515 4020 exstat
533 3969 627 4021 Gelani
650 3969 706 4037 περὶ
724 3969 845 4038 αἱρέσεων
864 3969 1047 4035 compendium
1065 3984 1118 4018 non
1138 3976 1281 4033 temporum
1299 3970 1398 4018 radone
1418 3969 1544 4032 composi·

179 4069 236 4110 tum.
275 4059 334 4110 Nec
352 4057 566 4109 Pseudo-Gelani
589 4056 648 4106 bist.
673 4058 737 4121 phil.
755 4075 776 4108 c.
791 4058 807 4111 ’l
825 4058 881 4126 περὶ
905 4056 1023 4125 αἱρέσεων
1047 4058 1173 4107 inutiliter
1195 4056 1391 4121 comparabitur.
1420 4056 1543 4118 imprimis

180 4147 304 4196 Varronis
318 4154 406 4194 satura
418 4143 473 4211 περὶ
486 4141 604 4211 αἱρέσιων
623 4146 780 4195 conterenda
798 4149 869 4196 cuins
887 4142 1088 4210 fragmentum3
1107 4144 1202 4193 Bnecb.
1222 4141 1248 4203 [l
1269 4141 1351 4205 Rieu]
1374 4143 1465 4192 Ariani
1483 4157 1542 4206 pro-

179 4236 252 4283 oemii
270 4233 405 4283 simillima
423 4239 524 4282 tractat.
548 4234 579 4282 cl.
603 4230 750 4282 Sasculixas
768 4235 799 4284 fr.
813 4229 847 4285 23
860 4230 919 4296 [24]
937 4244 962 4283 et
981 4229 1015 4284 25
1028 4229 1096 4295 [26].
1128 4233 1160 4281 cl.
1178 4246 1256 4295 snpra
1279 4246 1303 4294 p.
1318 4226 1376 4279 78⁴.
1409 4231 1543 4293 praecipue

178 4320 225 4370 hnc
242 4321 308 4370 lacit
327 4319 483 4384 Apollodori
502 4319 624 4382 Epicurei
642 4317 711 4385 napi
728 4323 791 4370 τῶν
809 4317 989 4389 φιλοσόφων
1012 4317 1163 4388 αἱρέσεων
1189 4316 1232 4381 [ct'.
1252 4314 1349 4382 snpra],
1368 4329 1434 4377 quae
1453 4317 1544 4366 eadem

179 4407 278 4458 ridetur
290 4415 370 4471 atqua
386 4407 502 4456 eiusdem
520 4404 652 4474 συναγωγὴ
670 4411 723 4456 τῶν
740 4405 881 4476 δογμάτων,
899 4411 986 4460 Lacrt.
1000 4409 1053 4459 vu
1070 4406 1127 4459 181.
1155 4409 1200 4469 qui
1218 4422 1275 4456 cnm
1292 4405 1397 4467 Epicuri
1416 4411 1443 4450 et
1460 4402 1542 4467 Chry·

179 4497 240 4560 appi
256 4497 400 4545 memorias
417 4495 470 4545 illic
488 4502 603 4554 testetur,
621 4495 744 4559 Leucippi
762 4495 933 4560 patrocinium
950 4495 1048 4558 [Laert.
1067 4496 1094 4544 X
1115 4489 1163 4560 1313
1181 4494 1294 4544 indidem
1307 4492 1413 4556 petitum
1437 4491 1545 4539 coniecit

181 4582 305 4634 lllmalius
323 4581 478 4632 Uutersuch.
496 4579 599 4642 11841,
619 4584 662 4645 qui
678 4577 826 4648 ‘sophistae'
848 4586 918 4634 illins
936 4584 1022 4634 studia
1040 4583 1104 4632 bene
1124 4580 1272 4644 explicavit.
1296 4593 1356 4627 num
1369 4576 1543 4641 Theophrasti

182 4671 295 4735 exemplo
320 4671 443 4733 dogmata
467 4671 581 4718 omnium
605 4669 817 4734 pbilosophorum
840 4670 1063 4735 comprehenderit
1086 4684 1119 4718 an
1143 4669 1208 4716 Ario
1232 4666 1370 4730 proluserit
1388 4663 1543 4728 principales

185 4765 257 4805 sectas
274 4759 438 4821 potissimum
450 4757 601 4821 exponenti,
619 4758 645 4805 iu
664 4756 750 4806 medio
768 4759 921 4820 relinquam,
937 4758 1087 4823 praesertim
1100 4771 1158 4804 cum
1171 4754 1318 4805 Philodami
1331 4758 1384 4804 τῶν
1398 4751 1544 4822 φιλοσόφων

185 4837 287 4901 abactis
299 4841 401 4905 [baert.
414 4843 440 4892 X
453 4840 482 4907 3]
494 4857 585 4907 parum
603 4845 636 4893 sit
654 4851 723 4893 nota.
737 4845 894 4908 Apollodori
907 4847 987 4895 libros
1005 4841 1061 4910 πιρὶ
1078 4844 1124 4892 τοῦ
1136 4835 1283 4908 Ἐπιποόρου
1303 4838 1357 4907 βὶου
1376 4840 1475 4903 [lauert
1489 4843 1513 4892 X
1527 4839 1543 4891 2

188 4931 248 4979 ctll
263 4929 294 4980 10
313 4929 437 4980 Nictscbe
457 4931 525 4980 llus
544 4930 594 4981 Rh.
613 4932 704 4982 xxw
726 4930 788 4995 lae]
805 4942 874 4984 recta
894 4934 1022 4984 iliraelius
1040 4930 1142 4979 videtur
1159 4930 1302 4980 occlusisse.
