3442 5588
358 315 435 366 κπιι
452 314 589 364 omnin
608 313 793 364 smonns
813 315 865 364 νο.
884 310 1145 364 PHYS.‘21.22.23
1369 309 1432 373 459

70 486 229 568 τεττάρων,
258 487 300 555 ώς
321 485 358 548 τά
384 488 448 569 ζῷα
470 482 518 546 καλ
543 482 581 545 τὰ
608 480 655 544 ἐπὶ
677 487 731 566 γῆς
753 484 846 545 πάντα
869 484 1062 566 συγκρίματα,
1094 482 1143 546 διά
1170 485 1249 546 δυοῖν
1275 482 1323 559 δέ,
1350 481 1432 563 ώςή

73 587 181 670 σελήνη
204 586 251 650 διά
273 588 363 671 πυρὸς
385 587 433 649 καὶ
455 585 541 670 ἀέρος
563 584 735 668 συνέστηκε,
764 581 800 648 δι’
828 585 892 654 ἑνὸς
914 584 957 662 δέ,
980 589 1021 655 ώς
1044 587 1059 649 ό
1080 587 1174 670 ήλιος·
1199 585 1247 649 διὰ
1268 586 1358 668 πυρὸς
1378 583 1433 668 γάρ

70 688 176 771 μόνου,
209 690 301 775 ὁγὰρ
332 691 414 774 ήλιος
449 692 506 771 πῦρ
535 687 611 752 έστιν
645 684 821 771 είλικρινές)·
860 687 935 751 κατὰ
967 688 1076 771 τρίτον,
1093 688 1177 770 λόγον
1215 687 1327 769 λέγεται
1360 707 1433 750 στοι-

70 795 151 877 χεῖον
173 789 246 854 εἶναι
272 794 288 858 δ
317 796 433 876 πρῶτον
460 789 631 873 συνέστηκεν
660 791 762 868 οὕτως,
791 790 867 853 ὥστε
898 789 1007 871 γένεσιν
1034 790 1153 869 διδόναι
1166 788 1223 874 ’ἀφ’
1252 791 1341 852 αὑτοῦ
1371 791 1432 873 ὁδῷ

71 895 158 980 μέχρι
185 895 285 965 τέλους
318 895 366 957 καὶ
393 891 423 962 ἐξ
449 891 560 955 ἐκείνου
585 892 639 975 τήν
665 893 800 955 ἀναλυσιν
828 890 968 977 δέχεσθαι
994 892 1148 969 εἰςὲαυτδ
1167 897 1214 974 τῇ
1242 891 1330 975 ὁμοίῳ
1359 893 1462 975 &Sti-⁶

70 996 215 1079 γεγονέναι
242 994 268 1060 δ’
303 993 395 1080 ἔφησε
422 995 471 1058 καὶ
502 993 636 1063 τοιαύτας
659 994 813 1063 ἀποδόσεις
840 994 905 1078 περὶ
933 995 1094 1080 στοιχείου,
1123 997 1163 1064 ὡς
1189 991 1250 1057 ἔστι
1277 993 1310 1057 τό
1337 1017 1369 1056 τε
1391 990 1427 1056 δι’

73 1101 163 1163 αὑτοῦ
178 1098 396 1182 εύκινητότατυν
418 1097 466 1160 καὶ
489 1098 509 1179 ή
532 1097 611 1180 ἀρχὴ
634 1095 696 1180 (καὶ
712 1096 741 1181 ό)
763 1097 848 1180 λόγος
863 1096 911 1158 καὶ
927 1097 946 1180 ή-
963 1096 1054 1166 ἀίδιος
1069 1097 1188 1180 δύναμις
1210 1097 1294 1182 φύσιν
1322 1094 1433 1180 ἔχουσα

72 1202 218 1286 τοιαύτην,
241 1202 318 1264 ὥστε
335 1198 422 1283 ήγήν
444 1222 475 1261 τε
497 1202 584 1260 κινεῖν
606 1199 686 1261 κάτω
709 1199 780 1283 πρδς
802 1204 855 1283 γῆν
877 1199 929 1282 τήν
952 1200 1077 1283 τροφήν,
1099 1201 1147 1264 καὶ
1170 1201 1229 1263 ἀπὸ
1251 1203 1304 1283 τῆς
1325 1202 1434 1282 τροφῆς

73 1304 135 1368 ἀνω
157 1305 251 1387 πάντη
274 1303 384 1387 κύκλῳ,
406 1301 447 1370 εἰς
467 1301 558 1385 αὑτήν
580 1323 612 1363 τε
632 1302 726 1365 πάντα
747 1301 997 1365 καταναλίσκουσα
1019 1285 1067 1364 καλ
1089 1289 1236 1386 τδαύτῆς
1258 1289 1341 1364 πολιν
1364 1301 1441 1364 dno·v

73 1406 238 1470 καθιστᾶσα
260 1404 440 1486 τεταγμένως
462 1403 509 1466 καὶ
532 1404 603 1488 όδῷ.
1056 1389 1057 1394 ¹
1211 1391 1213 1395 ⁵
1241 1393 1266 1397 Α»
1451 1424 1475 1463 10

134 1798 219 1849 Stob.
243 1800 290 1848 ecl.
305 1799 317 1848 1
333 1798 386 1850 19³
403 1816 427 1864 p.
441 1796 502 1850 404.
515 1798 605 1851 406Η.

157 1897 380 1984 Χρυσίππου.
424 1896 544 1983 Κίνησιν
571 1899 604 1963 δέ
625 1920 712 1984 φησιν
734 1899 806 1963 εἶναι
829 1901 845 1962 ό
868 1897 1041 1983 Χρύσιππος
1064 1901 1227 1986 μεταβολὴν
1250 1901 1324 1964 κατὰ
1346 1900 1434 1963 τόπον

70 2003 91 2086 ή
115 2003 175 2086 όλῳ
198 2001 218 2084 ή
242 2000 337 2084 μέρει,
365 2001 384 2085 ή
408 2003 589 2086 μεταλλαγήν
610 2002 644 2065 ἐκ
665 2001 756 2065 τόπου
782 2002 802 2086 ή
825 2000 894 2065 καθ’
923 2002 990 2066 ὅλον
1013 2002 1123 2085 ἢκατιλ
1139 2002 1235 2087 μέρος.
1261 2004 1310 2066 καὶ
1325 2002 1434 2072 άλλως·

72 2106 182 2189 κίνησιν
198 2101 277 2188 (μὲν)
294 2105 475 2189 μεταλλαγὴν
491 2105 564 2168 κατὰ
585 2104 674 2168 τόπον
697 2104 717 2188 ἢ
740 2107 854 2189 σχῆμα,
875 2104 968 2189 φορὰν
990 2105 1024 2167 δὲ
1047 2105 1190 2189 μετέωρον
1206 2106 1316 2189 κίνησιν
1332 2104 1436 2182 ὀξεῖαν,

71 2208 162 2290 μονὴν
186 2207 219 2269 δὲ
240 2206 274 2268 τδ
298 2207 350 2289 μὲν
373 2208 433 2270 οἷον
457 2208 607 2291 ἀκινησίαν
630 2210 775 2290 σώματος,
797 2206 830 2268 τδ
853 2203 878 2269 δ’
907 2207 967 2269 οἷον
989 2209 1126 2289 σώματος
1140 2207 1240 2292 σχέσιν
1256 2209 1331 2272 κατὰ
1344 2208 1442 2290 ταύτὰΙ

69 2312 118 2373 καλ
141 2310 282 2378 ὡσαύτως
303 2313 353 2389 νύν
374 2332 407 2372 τε
435 2311 483 2373 καὶ
511 2311 660 2394 πρότερον.
696 2311 855 2394 πολλαχῶς
881 2309 914 2371 δὲ
942 2309 1078 2392 λέγεσθαι
1104 2310 1156 2393 τήν
1178 2310 1288 2393 κίνησιν
1310 2312 1359 2374 καὶ
1381 2312 1434 2396 τὴν
1452 2339 1476 2377 ιι

70 2414 178 2497 μονήν,
204 2413 249 2475 διδ
276 2412 324 2474 καὶ
351 2412 475 2481 πολλοὺς
502 2411 574 2475 καθ’
602 2412 725 2475 ἕκαστον
748 2412 960 2495 σημαινόμενον
983 2412 1175 2475 ἀποδίδοσθαι
1198 2413 1292 2496 όρους.
1330 2412 1381 2482 τάς
1403 2414 1436 2476 δὲ

69 2518 188 2598 πρώτας
204 2516 329 2599 κινήσεις
350 2513 422 2578 εἶναι
444 2514 507 2592 δύο,
529 2517 582 2599 τήν
604 2538 636 2577 τε
657 2515 775 2578 εὐθεῖαν
794 2514 843 2576 καὶ
865 2514 918 2597 τήν
939 2513 1109 2596 καμπύλην·
1133 2514 1181 2578 διά
1194 2514 1353 2591 τούτωνδὲ
1367 2518 1435 2578 πολ·

69 2621 172 2704 λαχῶς
196 2616 374 2700 μιγνυμένων
396 2617 526 2699 γίνεσθαι
548 2617 657 2686 πολλός
679 2618 804 2702 κινήσεις
827 2617 875 2679 καὶ
899 2616 1101 2701 διαφερούσας.

133 3036 606 3103 stob.e01.1losp.406.40811.
1191 3103 1192 3106 ¹
1269 3100 1270 3103 Ἴ

156 3136 328 3222 Ζήνωνος.
372 3136 439 3202 Τῶν
463 3136 489 3202 δ’
518 3139 613 3225 ἐντῷ
637 3140 878 3226 κόσμῳΑιάντων
900 3143 959 3201 τῶν
982 3137 1045 3210 κατ’
1074 3137 1147 3211 ἰδίαν
1170 3137 1226 3228 έὶιν
1249 3140 1435 3202 συνεστώτων

68 3242 108 3306 τά
132 3242 206 3325 μέρη
229 3241 281 3325 τὴν
303 3239 395 3324 φορὰν
418 3237 496 3325 ἔχειν
519 3241 560 3311 εἰς
582 3242 615 3304 τδ
636 3246 689 3306 τού
711 3243 779 3306 όλου
803 3241 901 3325 μέσον,
925 3242 1040 3324 ὁμοίως
1056 3241 1090 3304 δὲ
1112 3241 1160 3303 καὶ
1182 3239 1272 3330 αὐτοῦ
1294 3245 1345 3304 τοῦ
1369 3239 1434 3303 κόσ·
1452 3262 1476 3300 ιο

69 3368 139 3428 μου,
162 3343 262 3426 διόπερ
285 3341 383 3425 ὀρθῶς
406 3341 542 3425 λέγεσθαι
566 3345 716 3408 πάντατὰ
739 3344 813 3428 μέρη
834 3349 886 3408 τοῦ
909 3344 1020 3426 κόσμου
1044 3342 1091 3405 ἐπὶ
1106 3343 1139 3405 τδ
1155 3343 1243 3425 μέσον
1258 3346 1310 3406 τού
1325 3342 1437 3425 κόσμου

70 3447 126 3530 τήν
149 3446 241 3531 ροράν
264 3442 357 3530 ἔχειν,
381 3445 505 3527 μαλιστα
528 3447 560 3509 δὲ
581 3446 618 3509 τά
647 3447 734 3531 βάρος
760 3443 880 3532 έχοντα·
908 3445 1013 3509 ταύτδν
1041 3443 1075 3536 δ’1
1094 3443 1184 3509 αίτιον
1211 3445 1283 3509 εἶναι
1310 3445 1358 3507 καὶ
1385 3449 1437 3527 τῆς

69 3554 124 3613 τοῦ
148 3549 258 3631 κόσμου
283 3551 374 3630 μονής
396 3547 425 3609 ἐν
449 3547 561 3633 ἀπείρῳ
584 3554 659 3632 κενῷ
682 3549 729 3611 καλ
752 3552 805 3632 τῆς
827 3552 879 3631 γῆς
901 3549 1110 3632 παραπλησίως
1130 3547 1160 3611 έν
1182 3553 1225 3634 τῷ
1246 3548 1349 3632 κόσμῳ
1372 3545 1437 3629 περλ

69 3653 105 3715 τδ
135 3653 238 3715 τούτου
267 3650 383 3734 κέντρον
413 3649 626 3734 καθιδρυμένης
654 3649 822 3733 ἰσοκρατῶς.
860 3648 894 3712 ού
920 3650 1035 3718 πάντως
1061 3651 1094 3714 δὲ
1119 3653 1207 3733 σῶμα
1234 3651 1321 3735 βάρος
1348 3646 1438 3735 ἔχειν,

69 3753 136 3818 ἀλλ’
164 3756 258 3839 ἀβαρῆ
288 3752 360 3816 εἶναι
383 3753 455 3836 ἀέρα
482 3754 530 3817 καὶ
552 3757 624 3837 πῦρ·
646 3751 790 3814 τείνεσθαι
812 3751 845 3814 δὲ
870 3751 918 3813 καὶ
945 3752 1036 3814 ταῦτά
1064 3777 1127 3823 πως
1145 3739 1202 3817 4’έπλ
1232 3754 1265 3816 τδ
1287 3756 1339 3835 τῆς
1362 3752 1432 3835 ὅλης
1450 3776 1474 3815 τι

69 3859 196 3943 σφαίρας
218 3861 269 3920 τού
295 3857 406 3939 κόσμου
430 3856 528 3939 μέσον,
551 3857 603 3939 τήν
626 3855 659 3917 δὲ
674 3853 808 3917 σύστασιν
823 3853 895 3936 πρδς
909 3853 962 3937 τὴν
977 3855 1159 3940 περιφέρειαν
1174 3855 1264 3920 αὐτοῦ
1280 3854 1437 3917 ποιεῖσθαι.

71 3960 158 4045 φύσει
182 3959 236 4042 γάρ
259 3959 407 4044 ἀνώροιτα
429 3957 509 4022 ταῦτ’
537 3957 609 4021 εἶναι
637 3956 685 4020 διά
706 3957 740 4020 τδ
767 3957 889 4039 μηδενὸς
917 3954 1049 4041 μετέχειν
1077 3958 1196 4042 βάρους
1228 3955 1437 4041 παραπλησίως

70 4145 125 4200 3δλ
135 4159 193 4213 post
202 4146 285 4216 τρίτον
294 4149 406 4198 addebat
416 4148 539 4198 Moinoko
553 4142 566 4212 ΙΙ
576 4142 644 4196 tta·
653 4140 731 4194 α’ντοῦ
782 4150 938 4213 interpositis
950 4148 1068 4199 Platonis
1081 4146 1181 4197 duobus
1197 4147 1260 4196 locis
1274 4147 1388 4209 sequitur
1405 4146 1437 4196 ct.

69 4229 728 4302 Διοοττ.Μείοεὶεήῗεύκινητότατονοἱ.ρ.465,’911
781 4238 853 4288 Prol.
876 4253 900 4301 p.
915 4228 948 4286 73
958 4250 996 4298 sq.
1015 4247 1036 4282 11
1057 4248 1084 4282 ιν
1106 4248 1121 4282 ν
1142 4249 1170 4283 vi
1191 4249 1209 4284 κ
1235 4231 1247 4302 Ιή
1275 4231 1306 4284 13
1328 4233 1373 4300 μὲν
1391 4234 1437 4283 υό-

70 4319 115 4373 καλ
133 4317 147 4372 δ
166 4324 238 4373 deest
262 4325 289 4374 in
311 4324 383 4374 libris
403 4317 417 4389 ΙΙ
438 4322 455 4375 8
473 4332 588 4372 extrema
609 4326 730 4384 corrupto
782 4323 836 4374 didi
854 4317 868 4389 ΙΙ
890 4319 1016 4389 μετεώρου
1029 4324 1067 4371 A:
1086 4324 1188 4373 correxi
1201 4324 1232 4373 cf.
1245 4323 1275 4371 fr.
1290 4318 1332 4371 23.
1351 4318 1381 4370 ἐκ
1394 4334 1437 4385 ρε-

69 4418 138 4461 snnt.
175 4412 286 4462 suadeo:
316 4406 382 4460 ὥστε
416 4408 516 4461 πάντων
545 4412 622 4458 ποιεῖν
657 4407 729 4458 κάτω
780 4407 876 4478 τεώρου
891 4407 1017 4460 ’Μοίουλιε

70 4493 132 4562 πρός
144 4499 190 4566 γῆν
204 4496 251 4566 τὴν
262 4494 367 4566 τροπήν,
380 4494 487 4565 [τροπὴν
500 4499 599 4546 invonit
609 4495 729 4559 Usener1,
818 4496 849 4547 19
872 4499 925 4547 τῶν
952 4504 1010 4561 post
1034 4494 1135 4546 πάντων
1158 4496 1228 4544 delet
1249 4496 1349 4546 Usener
1369 4491 1383 4563 Η
1403 4491 1437 4546 23

69 4583 116 4634 καλ
132 4582 181 4635 ἀπό
199 4587 245 4652 γῆς
261 4584 357 4653 τροπήν
377 4584 425 4649 [sio
442 4583 554 4647 Usener]
577 4580 629 4633 ἀνω
648 4578 729 4650 πάντη
780 4586 812 4651 τῇ
835 4587 867 4650 γή
891 4585 927 4633 Αι
952 4599 1019 4635 corr.
1042 4585 1146 4633 Hoeren
1173 4579 1184 4647 ΙΙ
1211 4578 1245 4634 25
1268 4577 1376 4649 γίνεσθαι
1399 4585 1436 4633 A:

70 4667 160 4738 κύκλῳ
185 4670 227 4734 [of.
246 4673 276 4722 ir.
290 4669 323 4723 31
343 4690 368 4738 p.
383 4671 522 4734 466,16],
545 4668 579 4726 εἰς
603 4667 681 4738 αύτήν
702 4686 729 4720 τε
782 4672 892 4727 correxi.
914 4686 975 4721 nam
992 4672 1039 4722 etsi
1052 4672 1154 4734 fugiunt
1166 4684 1211 4720 sor
1223 4671 1339 4733 ignisque
1352 4677 1436 4719 torrss

69 4757 152 4808 πάντα
175 4756 392 4810 καταναλίσκουσα
418 4757 462 4808 καὶ
485 4756 531 4825 ἀρ’
556 4756 646 4824 ἑαυτῆς
671 4753 729 4822 [suit
780 4758 905 4820 medinm
927 4752 1037 4809 'sorvsnt
1065 4768 1152 4809 tamon
1175 4757 1246 4807 illam
1270 4759 1437 4808 directionem

69 4843 139 4896 κάπὸ
157 4841 245 4913 αὐτῆς,
262 4849 299 4896 sio
317 4846 429 4909 Usener]
447 4842 520 4896 πάλιν
539 4842 595 4894 κτλ.
780 4839 1361 4911 οοοαιιτλκροιειιιεο.κινεῖσθαιΜείουλεΙίθἹ
1372 4841 1437 4894 ἀνώ-

110 4933 139 4984 ll
154 4935 184 4986 ir.
196 4930 238 4984 22.
248 4930 282 4984 23
295 4934 442 4997 cobserent,
455 4936 484 4984 ir.
495 4931 529 4984 24
541 4933 607 4983 falso
620 4933 647 4982 in
657 4933 729 4982 libris
780 4947 846 5000 φυτά
858 4934 897 4984 -Ῑλι
906 4985 908 4990 ,
917 4931 970 4983 ἀνω
988 4931 1020 4983 τά
1038 4930 1103 5001 φυτὰ
1121 4932 1156 4982 C:
1175 4947 1241 4982 corr.
1261 4933 1386 4984 canterus
