3442 5588
173 337 236 402 606
524 340 661 392 GALENI
679 340 820 392 ffls‘ron.
839 338 978 391 PHILOS.
993 335 1185 389 10.11.12.13

222 507 367 592 συμφέρον
390 507 517 590 (συνάγει
541 510 557 571 ὑ
585 507 795 594 Σωκράτης,
821 509 864 572 ότι
897 509 945 573 καὶ
973 505 1084 570 δίκαιόν
1114 505 1173 568 ἐστι
1201 508 1234 569 τὸ
1264 507 1305 589 μὴ
1329 502 1498 589 συμφέρον)

223 608 322 678 αὐτοῖς
344 611 553 693 προστάττουσι
574 616 677 676 ποιεῖν.

678 939 713 1006 11
748 939 829 1023 περὶ
856 939 947 1024 ὅρου.

306 1124 390 1213 Ὄρος
412 1125 446 1190 δέ
468 1125 528 1192 ἐστι
550 1130 636 1213 λόγος
658 1129 798 1214 οόντομος
819 1127 860 1198 εἰς
874 1131 980 1212 γνῶσιν
996 1130 1076 1214 ἡμᾶς
1089 1127 1167 1211 ἄγων
1184 1128 1308 1193 ἑκάστου
1322 1127 1493 1213 πράγματος

175 1231 249 1315 soii
272 1230 358 1314 λόγος
380 1230 427 1295 διὰ
454 1231 593 1318 βραχείας
620 1233 813 1318 ὑπομνήσεως
841 1230 978 1318 ἐμΙφανές
1004 1233 1075 1316 ήμῖν
1103 1230 1336 1316 ἀπεργαζόμενος
1359 1232 1395 1295 τδ
1423 1229 1521 1294 ὑπον

225 1334 355 1417 κείμενον
377 1337 509 1419 πρᾶγμα·
533 1340 591 1398 τῶν
614 1336 647 1398 δέ
669 1337 745 1421 όρων
767 1335 795 1398 οί
819 1333 871 1418 μέν
893 1333 965 1398 εἰσιν
987 1333 1148 1412 οἰσιόνδεις,
1170 1334 1198 1398 οί
1220 1334 1262 1398 δέ
1275 1331 1488 1418 ἐννοηματικοί.

680 1663 718 1730 12
754 1665 831 1750 περὶ
855 1663 1050 1750 κριτηρίου.
1087 1672 1131 1736 [ei.
1149 1673 1221 1726 Sext
1234 1672 1406 1725 1².11.1114.
1419 1669 1468 1740 15]

311 1851 467 1939 Κριτήριόν
490 1855 550 1919 ἐστι
572 1855 740 1938 πράγματος
761 1855 956 1939 διαγνωστικὴ
978 1853 1160 1938 κατανόησις.
1205 1855 1349 1940 κριτήριον
1373 1853 1407 1918 δέ
1430 1853 1492 1917 ἐστι

225 1958 332 2023 διττόν·
359 1957 393 2022 τό
422 1980 453 2020 τε
482 1955 508 2042 ιὺ
532 1958 679 2043 χρώμενοι
708 1956 826 2041 βιοῦμεν
848 1957 896 2021 καί
917 1958 952 2021 τὸ
974 1958 1038 2041 περί
1061 1955 1210 2042 ὑπάρξεως
1231 1958 1280 2022 καί
1303 1955 1491 2042 άνυπαρξίας.

224 2059 336 2144 λέγεται
359 2061 447 2124 δὲτὸ
469 2061 613 2144 κριτήριον
636 2062 755 2144 τριχῶς,
778 2063 882 2131 κοινῶς
904 2058 985 2130 ἰδίως
1007 2058 1160 2125 ἰδιαίτατα.
1506 2077 1530 2116 1⁰

686 2387 725 2455 13
761 2389 840 2474 περὶ
862 2388 1031 2473 ἀληθοῦς.
1069 2398 1113 2464 [es.
1132 2398 1443 2466 Sext.1>.11.11812q.]

310 2577 434 2661 Ἀληθές
464 2578 524 2643 ἐστι
554 2579 587 2642 τδ
618 2578 812 2661 ἀντικείμενόν
837 2601 900 2642 τινι.
945 2580 1152 2664 διηλλαγμένον
1178 2582 1211 2644 δέ
1236 2581 1270 2645 τό
1298 2581 1410 2665 ἀληθές
1436 2583 1491 2665 τῆς

226 2681 368 2766 ἀληθείας
398 2686 506 2766 τριχῶς
538 2680 623 2764 οὐσίᾳ
653 2682 787 2745 συστάσει
814 2682 941 2764 δυνάμει.
986 2681 1072 2765 οὐσίᾳ
1094 2683 1157 2765 μέν,
1186 2683 1288 2768 ἐπειδὴ
1316 2683 1350 2747 τὸ
1377 2683 1492 2767 ἀληθὲς

223 2785 380 2868 ἀσώματόν
403 2785 478 2848 ἐστιν
501 2781 629 2869 (ἀξίωμα
650 2785 705 2868 γάρ
728 2783 789 2848 ἐστι
812 2786 859 2848 καί
882 2782 1013 2869 λεκτόν),
1042 2785 1062 2868 ή
1085 2786 1119 2849 δέ
1140 2786 1266 2872 ἀλήθεια
1287 2787 1376 2869 σῶμά
1398 2785 1491 2850 ἐστιν·

226 2887 373 2972 ἐπιστήμη
395 2887 449 2970 γὰρ
471 2887 587 2950 πάντων
610 2886 687 2951 ἐστὶν
709 2887 848 2970 ἀληθῶν,
871 2888 891 2970 ἡ
914 2887 947 2950 δὲ
968 2887 1114 2972 ἐπιστήμη
1137 2912 1200 2959 πως
1222 2890 1393 2974 ἡγεμονικόν
1416 2889 1489 2956 ἐστι.
1508 2909 1529 2946 ιι

227 2991 261 3054 rb
283 2991 316 3053 δέ
330 2990 501 3074 ἡγεμονικόν
523 2993 637 3073 πνεῶμα
658 2987 730 3053 εἶναι
753 2990 842 3067 δοκεῖ,
865 2988 936 3073 ὅπερ
958 2992 1150 3075 σωματοφυές
1172 2994 1297 3075 μαλιστα
1318 2991 1354 3056 ἀν
1368 2991 1491 3063 εἰκότως

226 3091 337 3176 δοκοίη.
383 3093 517 3157 συστάσει
540 3093 573 3155 δέ
595 3094 764 3177 διήλλακται
784 3094 876 3155 ταῦτα
897 3095 940 3175 τῷ
955 3092 989 3154 τδ
1005 3092 1057 3174 μέν
1072 3094 1184 3178 ἀληθὲς
1197 3095 1308 3158 ἁπλοῦν
1323 3093 1407 3174 εἰναι,
1429 3094 1492 3160 οίον

221 3195 295 3279 ιἐγὼ
318 3191 518 3278 διαλέγομαι’,
548 3196 601 3280 τὴν
630 3194 689 3281 (δ’>
717 3194 859 3279 ἀλήθειαν
888 3194 958 3277 ἡμῖν
987 3194 1130 3280 εὑρῆσθαι
1162 3198 1370 3282 περιληπτικήν
1401 3197 1491 3264 οὖσαν

156 3296 158 3301 ’
226 3300 340 3361 πάντων
370 3297 501 3381 ἀληθῶν.
547 3300 665 3381 δυνάμει
696 3299 729 3361 δὲ
758 3296 930 3382 ἐξήλλακται
958 3301 1000 3382 τῷ
1027 3298 1061 3361 τὸ
1089 3300 1142 3382 μὲν
1170 3300 1281 3385 ἀληθὲς
1308 3302 1357 3365 καί
1384 3300 1490 3387 φαὺλιμ

228 3403 281 3466 τινί
311 3399 489 3484 ἐπιγίνεσθαι
512 3398 601 3485 (λέγει
625 3402 678 3485 γάρ
707 3423 778 3464 ποτε
802 3399 924 3482 ἀληθῶς
951 3400 999 3463 καί
1028 3402 1108 3486 ὑμὴ
1131 3405 1205 3468 πάνυ
1227 3403 1489 3490 ἐσπουδασμένος),
1506 3425 1530 3464 ιο

227 3504 280 3588 τὴν
303 3505 336 3568 δὲ
358 3504 501 3589 ἀλήθειαν
523 3504 621 3586 μόνοις
643 3502 779 3589 ἔντροφον
801 3500 873 3567 εἰναι
895 3506 955 3572 τοῖς
977 3504 1142 3575 σπουδαίοις
1164 3505 1316 3592 [τρόποις].

181 3817 192 3868 1
213 3816 338 3886 συμφέρον
360 3820 398 3867 Δι
418 3813 536 3884 συμφέρει
552 3816 575 3866 Β
596 3813 609 3882 ΙΙ
630 3815 833 3884 συνάγει-σιμ·
884 3813 988 3885 ιειὶοεΙΙ
1002 3816 1032 3869 17
1045 3813 1132 3887 δοκοίη
1151 3819 1188 3870 Βι
1208 3815 1272 3887 δοκῆ
1290 3822 1315 3869 A
1332 3814 1345 3888 ΙΙ
1360 3815 1377 3888 ἡ
1390 3814 1540 3876 οὑστιισιςδδ

177 3904 253 3974 φέρον
274 3907 387 3970 explevit
407 3904 433 3953 D
455 3906 504 3954 nisi
525 3905 595 3967 quod
613 3901 679 3955 έστίν
702 3899 833 3971 ἀσὺμφορα
884 3905 933 3956 AB
956 3901 970 3974 ΙΙ
994 3902 1127 3973 διήλακται
1150 3909 1187 3957 A:
1214 3902 1399 3974 διήλλεκταιΒ
1425 3902 1439 3974 il
1463 3909 1541 3959 ταῖιτιι

179 3995 280 4057 scripsit
300 3988 313 4058 Η
333 3989 350 4042 2
369 3988 430 4041 obt*
450 3992 487 4041 A:
507 3987 568 4042 αὑτό
586 3992 621 4042 B:
641 4009 706 4043 corr.
725 3992 750 4042 D
885 3994 924 4043 A:
951 3989 1049 4044 τοὺτων
1076 3993 1099 4043 Β
1130 3989 1144 4060 ΙΙ
1172 3998 1209 4062 τῷ
1237 3995 1272 4045 Βι
1299 3993 1329 4046 τό
1355 3998 1381 4046 A
1407 3992 1423 4063 ΙΙ
1450 3993 1542 4046 ἀπλυῶν

213 4076 280 4129 3ι1ο
299 4076 366 4129 υ.11
388 4080 420 4129 εί.
443 4080 515 4130 Prot.
533 4097 558 4145 p.
574 4077 625 4132 241
644 4075 744 4148 Ηέδὲ
768 4079 833 4130 AN:
884 4080 925 4131 D:
961 4077 1037 4148 δῆλον
1072 4081 1120 4132 AB
1154 4077 1169 4151 ΙΙ
1204 4081 1235 4135 18
1264 4079 1290 4133 δ’
1325 4086 1433 4134 inseruit
1466 4085 1491 4136 D
1526 4079 1541 4152 ΙΙ

179 4166 271 4217 om.B
885 4167 957 4237 ἡμεῖς
984 4163 1107 4237 εὑριῖσθαι
1133 4172 1175 4222 As
1206 4167 1276 4237 ὑμεῖς
1298 4167 1387 4239 τὺρῆττ
1410 4172 1448 4223 Βι
1477 4189 1542 4223 corr.

213 4253 229 4306 ’ἰ
248 4255 280 4304 do
299 4271 320 4303 c.
336 4251 368 4305 12
387 4254 510 4305 ο1.ΡτοΙ.
529 4271 554 4319 p.
565 4251 617 4307 247
631 4250 647 4324 ΙΙ
660 4255 677 4308 8
689 4254 834 4325 πράγματος
885 4257 911 4306 D
931 4253 945 4325 ΙΙ
967 4255 999 4308 19
1018 4255 1119 4307 πάντων
1136 4253 1240 4325 ἀγαθῶν
1258 4261 1295 4309 A:
1319 4255 1426 4328 ἀληθῶν
1444 4260 1542 4312 πάντων

178 4342 241 4392 AN:
269 4341 423 4410 πραγμάτων
448 4341 471 4392 Β
496 4337 510 4410 ΙΙ
538 4339 665 4411 κριτήριον
687 4344 753 4393 AN:
781 4357 834 4411 κρι-
885 4344 920 4395 Βι
940 4345 1044 4395 oomD
1065 4340 1078 4410 ΙΙ
1098 4342 1130 4396 21
1151 4344 1230 4415 μόνην
1249 4347 1309 4398 AB:
1329 4348 1435 4399 somn
1458 4344 1472 4416 ΙΙ
1491 4348 1541 4403 τοῖς

177 4427 246 4479 τικόν
268 4429 290 4480 Β
317 4424 333 4496 ΙΙ
363 4426 457 4497 βιιῖνμεν
480 4430 529 4480 AB
556 4425 569 4498 ΙΙ
594 4438 653 4495 post
680 4426 747 4486 ἰδίως
774 4430 834 4480 odd.
887 4429 1028 4489 σπουδαίοις
1044 4429 1144 4501 τρόποις
1167 4434 1202 4485 B:
1228 4438 1279 4493 τοῖς
1301 4431 1393 4503 τρόπον
1417 4431 1542 4497 nam)

177 4515 221 4566 καὶ
238 4516 261 4565 Β
887 4517 1028 4577 σπουδαίοις
1046 4522 1071 4569 A
1091 4522 1159 4572 undo
1172 4523 1197 4573 D
1216 4522 1338 4573 effecerat
1354 4524 1408 4578 τοῖς
1426 4519 1541 4592 παράπαν

217 4602 246 4653 11
268 4604 300 4654 de
320 4620 343 4653 ο.
365 4600 395 4653 13
423 4605 454 4655 ef.
474 4606 545 4655 Prot.
568 4623 593 4671 p.
607 4602 658 4659 247
676 4603 691 4674 ΙΙ
714 4604 746 4657 12
770 4604 835 4657 ἐστὶν
887 4605 942 4658 οὑσι
970 4605 1117 4665 σπουδαίοις.
1149 4611 1240 4660 inclusi
1263 4606 1363 4677 τρόποις
1387 4612 1431 4661 vel
1452 4607 1542 4678 τρόπον

177 4688 255 4741 τδΒι
274 4690 325 4742 ἐστι
344 4689 387 4742 καλ
402 4693 425 4741 A
441 4686 454 4761 ΙΙ
471 4690 502 4744 15
515 4688 632 4761 ἀληθῶνι
651 4693 745 4746 Sextus
764 4693 836 4744 addit
887 4691 959 4758 ε’ίνοιι,
987 4697 1058 4760 quod
1082 4693 1201 4766 ἰντροφον
1231 4701 1300 4748 vocis
1331 4701 1460 4762 glossema
1487 4714 1541 4750 esse

177 4775 336 4846 ἀποφαντική
352 4775 366 4847 ΙΙ
380 4777 396 4848 ἡ
409 4781 445 4831 B:
466 4796 516 4831 om.
535 4783 560 4830 A
581 4779 594 4847 ΙΙ
615 4784 670 4837 πῶς
687 4776 835 4850 ἡγεμονικόν
887 4785 944 4847 ipss
962 4785 1086 4836 varietate
1104 4789 1236 4851 positurae
1254 4788 1378 4850 arguitur.
1407 4783 1541 4853 υειυμτίν

178 4864 230 4916 ἐστι
241 4869 307 4917 tituli
321 4869 401 4919 instar
412 4871 496 4934 pinxit
507 4870 544 4919 A:
563 4871 618 4925 πῶς
636 4864 695 4935 ἔχον
713 4867 807 4919 Sextus
819 4862 834 4936 ΙΙ
886 4866 986 4938 τρόποις
1010 4868 1070 4921 εἰναι
1093 4874 1144 4930 τοῖς
1168 4870 1307 4930 σπουδαίοις
1331 4884 1476 4926 correctum
1499 4889 1542 4925 vo·

178 4953 212 5008 16
222 4957 377 5026 σωματοφυή
389 4958 425 5007 A:
440 4958 610 5024 σωματοποιεῐ
624 4957 660 5007 B:
678 4972 743 5007 οοιτ.
755 4957 835 5007 Chor—
887 4959 957 5009 lebat
975 4963 1144 5027 interpolator
