<?xml version="1.0" encoding="UTF-8"?>
<!DOCTYPE html PUBLIC "-//W3C//DTD XHTML 1.0 Transitional//EN"
    "http://www.w3.org/TR/xhtml1/DTD/xhtml1-transitional.dtd">
<html xmlns="http://www.w3.org/1999/xhtml" xml:lang="en" lang="en">
 <head>
  <title>
</title>
<meta http-equiv="Content-Type" content="text/html;charset=utf-8" />
  <meta name='ocr-system' content='tesseract 3.04.00' />
  <meta name='ocr-capabilities' content='ocr_page ocr_carea ocr_par ocr_line ocrx_word'/>
</head>
<body>
  <div class='ocr_page' id='page_1' title='image "./doxographigraec00dielgoog/doxographigraec00dielgoog_0646.png"; bbox 0 0 3442 5588; ppageno 0'>
   <div class='ocr_carea' id='block_1_1' title="bbox 579 342 1546 407">
    <p class='ocr_par' dir='ltr' id='par_1_1' title="bbox 579 342 1546 407">
     <span class='ocr_line' id='line_1_1' title="bbox 579 342 1546 407; baseline 0.008 -7"><span class='ocrx_word' id='word_1_1' title='bbox 579 347 718 401; x_wconf 73' lang='grc' dir='ltr'>ακοιιιιι</span> <span class='ocrx_word' id='word_1_2' title='bbox 736 345 876 398; x_wconf 73' lang='grc' dir='ltr'>ιιιετοικ</span> <span class='ocrx_word' id='word_1_3' title='bbox 895 345 1034 399; x_wconf 69' lang='lat' dir='ltr'><strong>mimos.</strong></span> <span class='ocrx_word' id='word_1_4' title='bbox 1047 344 1152 399; x_wconf 72' lang='lat'><strong>35-39</strong></span> <span class='ocrx_word' id='word_1_5' title='bbox 1483 342 1546 407; x_wconf 83' lang='lat'>619</span> 
     </span>
    </p>
   </div>
   <div class='ocr_carea' id='block_1_2' title="bbox 203 512 1498 1013">
    <p class='ocr_par' dir='ltr' id='par_1_2' title="bbox 238 512 1496 602">
     <span class='ocr_line' id='line_1_2' title="bbox 238 512 1496 602; baseline -0.005 -19"><span class='ocrx_word' id='word_1_6' title='bbox 238 519 310 583; x_wconf 78' lang='grc' dir='ltr'>εἶναι</span> <span class='ocrx_word' id='word_1_7' title='bbox 331 517 512 602; x_wconf 73' lang='grc' dir='ltr'><strong>νομίζουσιν,</strong></span> <span class='ocrx_word' id='word_1_8' title='bbox 533 518 568 581; x_wconf 90' lang='grc' dir='ltr'>τδ</span> <span class='ocrx_word' id='word_1_9' title='bbox 590 517 624 581; x_wconf 77' lang='grc' dir='ltr'>δὲ</span> <span class='ocrx_word' id='word_1_10' title='bbox 645 517 793 581; x_wconf 79' lang='grc' dir='ltr'>ἀνώτατον</span> <span class='ocrx_word' id='word_1_11' title='bbox 815 516 930 579; x_wconf 88' lang='grc' dir='ltr'>πάντων</span> <span class='ocrx_word' id='word_1_12' title='bbox 951 516 1001 579; x_wconf 89' lang='grc' dir='ltr'>τδν</span> <span class='ocrx_word' id='word_1_13' title='bbox 1022 520 1089 578; x_wconf 83' lang='grc' dir='ltr'>νοῦν</span> <span class='ocrx_word' id='word_1_14' title='bbox 1111 514 1194 594; x_wconf 79' lang='grc' dir='ltr'>εἶναι,</span> <span class='ocrx_word' id='word_1_15' title='bbox 1216 516 1264 578; x_wconf 85' lang='grc' dir='ltr'>τύν</span> <span class='ocrx_word' id='word_1_16' title='bbox 1287 515 1366 579; x_wconf 89' lang='grc' dir='ltr'>θεόν.</span> <span class='ocrx_word' id='word_1_17' title='bbox 1408 512 1482 578; x_wconf 81' lang='grc' dir='ltr'>Ἐπί</span> <span class='ocrx_word' id='word_1_18' title='bbox 1487 551 1496 562; x_wconf 90' lang='grc'>·</span> 
     </span>
    </p>

    <p class='ocr_par' dir='ltr' id='par_1_3' title="bbox 233 615 1498 705">
     <span class='ocr_line' id='line_1_3' title="bbox 233 615 1498 705; baseline -0.005 -19"><span class='ocrx_word' id='word_1_19' title='bbox 233 644 359 704; x_wconf 89' lang='grc' dir='ltr'>κουρος</span> <span class='ocrx_word' id='word_1_20' title='bbox 388 621 422 684; x_wconf 77' lang='grc' dir='ltr'>δὲ</span> <span class='ocrx_word' id='word_1_21' title='bbox 452 620 678 705; x_wconf 77' lang='grc' dir='ltr'>ἀνθρωποειδεῖς</span> <span class='ocrx_word' id='word_1_22' title='bbox 704 619 776 684; x_wconf 82' lang='grc' dir='ltr'>εἶναι</span> <span class='ocrx_word' id='word_1_23' title='bbox 806 618 873 689; x_wconf 87' lang='grc' dir='ltr'>τούς</span> <span class='ocrx_word' id='word_1_24' title='bbox 903 618 999 695; x_wconf 85' lang='grc' dir='ltr'>θεοός,</span> <span class='ocrx_word' id='word_1_25' title='bbox 1030 618 1109 703; x_wconf 88' lang='grc' dir='ltr'>λόγιρ</span> <span class='ocrx_word' id='word_1_26' title='bbox 1139 619 1172 683; x_wconf 83' lang='grc' dir='ltr'>δὲ</span> <span class='ocrx_word' id='word_1_27' title='bbox 1197 620 1305 688; x_wconf 78' lang='grc' dir='ltr'>πάντας</span> <span class='ocrx_word' id='word_1_28' title='bbox 1331 615 1498 702; x_wconf 84' lang='grc' dir='ltr'>θεωρητούς</span> 
     </span>
    </p>

    <p class='ocr_par' dir='ltr' id='par_1_4' title="bbox 239 720 1497 808">
     <span class='ocr_line' id='line_1_4' title="bbox 239 720 1497 808; baseline -0.004 -21"><span class='ocrx_word' id='word_1_29' title='bbox 239 724 287 787; x_wconf 79' lang='grc' dir='ltr'>διδ</span> <span class='ocrx_word' id='word_1_30' title='bbox 309 723 362 807; x_wconf 82' lang='grc' dir='ltr'>τὴν</span> <span class='ocrx_word' id='word_1_31' title='bbox 383 723 590 808; x_wconf 79' lang='grc' dir='ltr'>λεπτομέρειαν</span> <span class='ocrx_word' id='word_1_32' title='bbox 612 729 665 807; x_wconf 83' lang='grc' dir='ltr'>τῆς</span> <span class='ocrx_word' id='word_1_33' title='bbox 686 728 744 786; x_wconf 86' lang='grc' dir='ltr'>τῶν</span> <span class='ocrx_word' id='word_1_34' title='bbox 766 722 897 785; x_wconf 82' lang='grc' dir='ltr'>εἰδώλων</span> <span class='ocrx_word' id='word_1_35' title='bbox 911 720 1042 805; x_wconf 82' lang='grc' dir='ltr'>φύσεως·</span> <span class='ocrx_word' id='word_1_36' title='bbox 1066 722 1130 785; x_wconf 82' lang='grc' dir='ltr'>όδὲ</span> <span class='ocrx_word' id='word_1_37' title='bbox 1145 721 1232 791; x_wconf 77' lang='grc' dir='ltr'>αὐτὸς</span> <span class='ocrx_word' id='word_1_38' title='bbox 1246 721 1383 805; x_wconf 84' lang='grc' dir='ltr'>τέτταρας</span> <span class='ocrx_word' id='word_1_39' title='bbox 1398 721 1497 806; x_wconf 89' lang='grc' dir='ltr'>φόσεις</span> 
     </span>
    </p>

    <p class='ocr_par' dir='ltr' id='par_1_5' title="bbox 203 822 1497 1013">
     <span class='ocr_line' id='line_1_5' title="bbox 232 822 1497 911; baseline -0.004 -21"><span class='ocrx_word' id='word_1_40' title='bbox 232 826 307 890; x_wconf 82' lang='grc' dir='ltr'>κατὰ</span> <span class='ocrx_word' id='word_1_41' title='bbox 328 826 409 909; x_wconf 79' lang='grc' dir='ltr'>γένος</span> <span class='ocrx_word' id='word_1_42' title='bbox 431 826 599 911; x_wconf 78' lang='grc' dir='ltr'>ἀφθάρτους</span> <span class='ocrx_word' id='word_1_43' title='bbox 621 849 642 889; x_wconf 75' lang='grc' dir='ltr'>κ</span> <span class='ocrx_word' id='word_1_44' title='bbox 664 849 685 890; x_wconf 80' lang='grc' dir='ltr'>κ</span> <span class='ocrx_word' id='word_1_45' title='bbox 706 849 727 890; x_wconf 80' lang='grc' dir='ltr'>κ</span> <span class='ocrx_word' id='word_1_46' title='bbox 753 825 936 908; x_wconf 75' lang='grc' dir='ltr'>ὁμοιότητας.</span> <span class='ocrx_word' id='word_1_47' title='bbox 981 824 1066 889; x_wconf 87' lang='grc' dir='ltr'>αῦται</span> <span class='ocrx_word' id='word_1_48' title='bbox 1087 825 1217 908; x_wconf 85' lang='grc' dir='ltr'>λέγονται</span> <span class='ocrx_word' id='word_1_49' title='bbox 1237 825 1284 888; x_wconf 88' lang='grc' dir='ltr'>καὶ</span> <span class='ocrx_word' id='word_1_50' title='bbox 1301 822 1497 907; x_wconf 79' lang='grc' dir='ltr'>ὁμοιομέρειαι</span> 
     </span>
     <span class='ocr_line' id='line_1_6' title="bbox 203 928 616 1013; baseline -0.002 -21"><span class='ocrx_word' id='word_1_51' title='bbox 203 949 215 986; x_wconf 76' lang='grc' dir='ltr'>υ</span> <span class='ocrx_word' id='word_1_52' title='bbox 234 928 283 992; x_wconf 85' lang='grc' dir='ltr'>καί</span> <span class='ocrx_word' id='word_1_53' title='bbox 305 932 438 1013; x_wconf 85' lang='grc' dir='ltr'>στοιχεῖα</span> <span class='ocrx_word' id='word_1_54' title='bbox 457 933 501 1012; x_wconf 81' lang='grc' dir='ltr'>τῷ</span> <span class='ocrx_word' id='word_1_55' title='bbox 524 928 616 1012; x_wconf 81' lang='grc' dir='ltr'>αὐτῷ.</span> 
     </span>
    </p>
   </div>
   <div class='ocr_carea' id='block_1_3' title="bbox 439 1183 1546 1268">
    <p class='ocr_par' dir='ltr' id='par_1_6' title="bbox 439 1183 1546 1268">
     <span class='ocr_line' id='line_1_7' title="bbox 439 1183 1546 1268; baseline -0.006 -18"><span class='ocrx_word' id='word_1_56' title='bbox 439 1187 481 1250; x_wconf 83' lang='grc'>36</span> <span class='ocrx_word' id='word_1_57' title='bbox 513 1183 600 1268; x_wconf 85' lang='grc' dir='ltr'>Περὶ</span> <span class='ocrx_word' id='word_1_58' title='bbox 623 1186 751 1268; x_wconf 83' lang='grc' dir='ltr'>ἡρώων</span> <span class='ocrx_word' id='word_1_59' title='bbox 774 1184 833 1249; x_wconf 85' lang='grc' dir='ltr'>καί</span> <span class='ocrx_word' id='word_1_60' title='bbox 855 1184 1049 1266; x_wconf 82' lang='grc' dir='ltr'>δαιμόνων.</span> <span class='ocrx_word' id='word_1_61' title='bbox 1088 1192 1292 1258; x_wconf 77' lang='grc' dir='ltr'>[Ριιιι.18ο.ο]</span> <span class='ocrx_word' id='word_1_62' title='bbox 1511 1204 1546 1243; x_wconf 72' lang='grc' dir='ltr'>τω</span> 
     </span>
    </p>
   </div>
   <div class='ocr_carea' id='block_1_4' title="bbox 189 1338 1498 1838">
    <p class='ocr_par' dir='ltr' id='par_1_7' title="bbox 231 1338 1496 1633">
     <span class='ocr_line' id='line_1_8' title="bbox 318 1338 1496 1427; baseline -0.001 -21"><span class='ocrx_word' id='word_1_63' title='bbox 318 1341 434 1427; x_wconf 79' lang='grc' dir='ltr'>Θαλῆς</span> <span class='ocrx_word' id='word_1_64' title='bbox 464 1341 516 1425; x_wconf 80' lang='grc' dir='ltr'>μὲν</span> <span class='ocrx_word' id='word_1_65' title='bbox 547 1339 595 1403; x_wconf 85' lang='grc' dir='ltr'>καί</span> <span class='ocrx_word' id='word_1_66' title='bbox 626 1338 773 1404; x_wconf 79' lang='grc' dir='ltr'>Πλάτων</span> <span class='ocrx_word' id='word_1_67' title='bbox 807 1341 856 1404; x_wconf 84' lang='grc' dir='ltr'>καί</span> <span class='ocrx_word' id='word_1_68' title='bbox 889 1339 1105 1424; x_wconf 70' lang='grc' dir='ltr'>Πυθαγόρας</span> <span class='ocrx_word' id='word_1_69' title='bbox 1139 1339 1187 1403; x_wconf 87' lang='grc' dir='ltr'>καὶ</span> <span class='ocrx_word' id='word_1_70' title='bbox 1222 1340 1292 1423; x_wconf 87' lang='grc' dir='ltr'>πρὸς</span> <span class='ocrx_word' id='word_1_71' title='bbox 1325 1341 1436 1410; x_wconf 78' lang='grc' dir='ltr'>τούτοις</span> <span class='ocrx_word' id='word_1_72' title='bbox 1469 1344 1496 1405; x_wconf 88' lang='grc' dir='ltr'>οἱ</span> 
     </span>
     <span class='ocr_line' id='line_1_9' title="bbox 232 1441 1490 1529; baseline 0.001 -22"><span class='ocrx_word' id='word_1_73' title='bbox 232 1443 383 1508; x_wconf 88' lang='grc' dir='ltr'>Στωικοὶ</span> <span class='ocrx_word' id='word_1_74' title='bbox 413 1446 617 1529; x_wconf 84' lang='grc' dir='ltr'>γιγνώσκουσιν</span> <span class='ocrx_word' id='word_1_75' title='bbox 640 1443 759 1525; x_wconf 91' lang='grc' dir='ltr'>όμοίους</span> <span class='ocrx_word' id='word_1_76' title='bbox 781 1442 852 1507; x_wconf 77' lang='grc' dir='ltr'>εἶναι</span> <span class='ocrx_word' id='word_1_77' title='bbox 876 1442 924 1505; x_wconf 82' lang='grc' dir='ltr'>καὶ</span> <span class='ocrx_word' id='word_1_78' title='bbox 947 1442 1064 1512; x_wconf 79' lang='grc' dir='ltr'>τούτους</span> <span class='ocrx_word' id='word_1_79' title='bbox 1086 1441 1185 1510; x_wconf 80' lang='grc' dir='ltr'>οὐσίας</span> <span class='ocrx_word' id='word_1_80' title='bbox 1207 1445 1342 1527; x_wconf 74' lang='grc' dir='ltr'>ψυχικάς.</span> <span class='ocrx_word' id='word_1_81' title='bbox 1380 1445 1447 1513; x_wconf 91' lang='grc' dir='ltr'>τούς</span> <span class='ocrx_word' id='word_1_82' title='bbox 1462 1443 1490 1508; x_wconf 85' lang='grc' dir='ltr'>δ’</span> 
     </span>
     <span class='ocr_line' id='line_1_10' title="bbox 231 1544 1494 1633; baseline -0.002 -22"><span class='ocrx_word' id='word_1_83' title='bbox 231 1549 331 1632; x_wconf 81' lang='grc' dir='ltr'>ἥρωας</span> <span class='ocrx_word' id='word_1_84' title='bbox 353 1549 449 1633; x_wconf 69' lang='grc' dir='ltr'>Ιρυχὰς</span> <span class='ocrx_word' id='word_1_85' title='bbox 471 1546 690 1632; x_wconf 77' lang='grc' dir='ltr'>κεχωρισμένας</span> <span class='ocrx_word' id='word_1_86' title='bbox 711 1549 770 1609; x_wconf 86' lang='grc' dir='ltr'>τών</span> <span class='ocrx_word' id='word_1_87' title='bbox 793 1545 953 1628; x_wconf 82' lang='grc' dir='ltr'>σωμάτων,</span> <span class='ocrx_word' id='word_1_88' title='bbox 980 1544 1030 1614; x_wconf 84' lang='grc' dir='ltr'>τὰς</span> <span class='ocrx_word' id='word_1_89' title='bbox 1058 1545 1110 1627; x_wconf 82' lang='grc' dir='ltr'>μὲν</span> <span class='ocrx_word' id='word_1_90' title='bbox 1140 1544 1253 1627; x_wconf 82' lang='grc' dir='ltr'>ἀγαθὰς</span> <span class='ocrx_word' id='word_1_91' title='bbox 1282 1550 1339 1607; x_wconf 85' lang='grc' dir='ltr'>τῶν</span> <span class='ocrx_word' id='word_1_92' title='bbox 1362 1547 1410 1608; x_wconf 83' lang='grc' dir='ltr'>τόν</span> <span class='ocrx_word' id='word_1_93' title='bbox 1434 1546 1494 1630; x_wconf 84' lang='grc' dir='ltr'>βίον</span> 
     </span>
    </p>

    <p class='ocr_par' dir='ltr' id='par_1_8' title="bbox 189 1645 1498 1838">
     <span class='ocr_line' id='line_1_11' title="bbox 189 1645 1498 1735; baseline -0.001 -22"><span class='ocrx_word' id='word_1_94' title='bbox 189 1670 215 1708; x_wconf 87' lang='lat'>1⁰</span> <span class='ocrx_word' id='word_1_95' title='bbox 233 1651 426 1733; x_wconf 74' lang='grc' dir='ltr'>διαγαγόντων</span> <span class='ocrx_word' id='word_1_96' title='bbox 447 1649 550 1735; x_wconf 85' lang='grc' dir='ltr'>ἄριστα</span> <span class='ocrx_word' id='word_1_97' title='bbox 572 1649 754 1733; x_wconf 86' lang='grc' dir='ltr'>ἀνθρώπων,</span> <span class='ocrx_word' id='word_1_98' title='bbox 786 1647 877 1717; x_wconf 80' lang='grc' dir='ltr'>κακὰς</span> <span class='ocrx_word' id='word_1_99' title='bbox 904 1647 937 1710; x_wconf 79' lang='grc' dir='ltr'>δὲ</span> <span class='ocrx_word' id='word_1_100' title='bbox 963 1653 1021 1710; x_wconf 83' lang='grc' dir='ltr'>τών</span> <span class='ocrx_word' id='word_1_101' title='bbox 1049 1650 1194 1730; x_wconf 80' lang='grc' dir='ltr'>πονηρῶν.</span> <span class='ocrx_word' id='word_1_102' title='bbox 1234 1645 1438 1731; x_wconf 84' lang='grc' dir='ltr'>Ἐπίκουρος</span> <span class='ocrx_word' id='word_1_103' title='bbox 1466 1650 1498 1712; x_wconf 84' lang='grc' dir='ltr'>δὲ</span> 
     </span>
     <span class='ocr_line' id='line_1_12' title="bbox 232 1753 770 1838; baseline -0.006 -22"><span class='ocrx_word' id='word_1_104' title='bbox 232 1753 382 1837; x_wconf 80' lang='grc' dir='ltr'>οὐδέτερον</span> <span class='ocrx_word' id='word_1_105' title='bbox 404 1753 513 1818; x_wconf 82' lang='grc' dir='ltr'>τούτων</span> <span class='ocrx_word' id='word_1_106' title='bbox 536 1755 770 1838; x_wconf 78' lang='grc' dir='ltr'>συγκεχώρηκεν.</span> 
     </span>
    </p>
   </div>
   <div class='ocr_carea' id='block_1_5' title="bbox 555 2007 1546 2093">
    <p class='ocr_par' dir='ltr' id='par_1_9' title="bbox 555 2007 1546 2093">
     <span class='ocr_line' id='line_1_13' title="bbox 555 2007 1546 2093; baseline -0.016 -18"><span class='ocrx_word' id='word_1_107' title='bbox 555 2012 594 2076; x_wconf 82' lang='grc'>37</span> <span class='ocrx_word' id='word_1_108' title='bbox 630 2008 719 2093; x_wconf 84' lang='grc' dir='ltr'>Περὶ</span> <span class='ocrx_word' id='word_1_109' title='bbox 742 2007 891 2093; x_wconf 85' lang='grc' dir='ltr'>χρόνου.</span> <span class='ocrx_word' id='word_1_110' title='bbox 928 2014 1180 2080; x_wconf 74' lang='lat' dir='ltr'>[Plut.12l1.2.a]</span> <span class='ocrx_word' id='word_1_111' title='bbox 1510 2029 1546 2068; x_wconf 69' lang='lat'>25⁹</span> 
     </span>
    </p>
   </div>
   <div class='ocr_carea' id='block_1_6' title="bbox 188 2163 1495 2458">
    <p class='ocr_par' dir='ltr' id='par_1_10' title="bbox 188 2163 1495 2458">
     <span class='ocr_line' id='line_1_14' title="bbox 317 2163 1495 2253; baseline -0.008 -20"><span class='ocrx_word' id='word_1_112' title='bbox 317 2167 375 2233; x_wconf 84' lang='grc' dir='ltr'>Τὸν</span> <span class='ocrx_word' id='word_1_113' title='bbox 397 2168 502 2253; x_wconf 88' lang='grc' dir='ltr'>χρόνον</span> <span class='ocrx_word' id='word_1_114' title='bbox 524 2166 596 2230; x_wconf 84' lang='grc' dir='ltr'>εἶναι</span> <span class='ocrx_word' id='word_1_115' title='bbox 612 2165 826 2249; x_wconf 85' lang='grc' dir='ltr'>Πυθαγόρας</span> <span class='ocrx_word' id='word_1_116' title='bbox 848 2163 992 2247; x_wconf 75' lang='grc' dir='ltr'>ὑπείληφε</span> <span class='ocrx_word' id='word_1_117' title='bbox 1006 2163 1058 2246; x_wconf 84' lang='grc' dir='ltr'>τὴν</span> <span class='ocrx_word' id='word_1_118' title='bbox 1081 2167 1204 2248; x_wconf 82' lang='grc' dir='ltr'>σφαῖραν</span> <span class='ocrx_word' id='word_1_119' title='bbox 1227 2171 1278 2229; x_wconf 86' lang='grc' dir='ltr'>τοῦ</span> <span class='ocrx_word' id='word_1_120' title='bbox 1302 2165 1495 2250; x_wconf 81' lang='grc' dir='ltr'>περιέχοντος.</span> 
     </span>
     <span class='ocr_line' id='line_1_15' title="bbox 233 2262 1493 2354; baseline -0.002 -19"><span class='ocrx_word' id='word_1_121' title='bbox 233 2270 381 2336; x_wconf 88' lang='grc' dir='ltr'>Πλάτων</span> <span class='ocrx_word' id='word_1_122' title='bbox 404 2271 437 2335; x_wconf 75' lang='grc' dir='ltr'>δὲ</span> <span class='ocrx_word' id='word_1_123' title='bbox 459 2271 606 2354; x_wconf 86' lang='grc' dir='ltr'>διάστημα</span> <span class='ocrx_word' id='word_1_124' title='bbox 627 2273 680 2354; x_wconf 78' lang='grc' dir='ltr'>τῆς</span> <span class='ocrx_word' id='word_1_125' title='bbox 702 2272 753 2332; x_wconf 89' lang='grc' dir='ltr'>τοῦ</span> <span class='ocrx_word' id='word_1_126' title='bbox 776 2268 888 2352; x_wconf 88' lang='grc' dir='ltr'>κόσμου</span> <span class='ocrx_word' id='word_1_127' title='bbox 910 2267 1060 2352; x_wconf 82' lang='grc' dir='ltr'>κινήσεως.</span> <span class='ocrx_word' id='word_1_128' title='bbox 1103 2262 1364 2353; x_wconf 85' lang='grc' dir='ltr'>Ἐρατοσθένης</span> <span class='ocrx_word' id='word_1_129' title='bbox 1387 2270 1493 2353; x_wconf 81' lang='grc' dir='ltr'>δὲτὴν</span> 
     </span>
     <span class='ocr_line' id='line_1_16' title="bbox 188 2373 566 2458; baseline -0.011 -20"><span class='ocrx_word' id='word_1_130' title='bbox 188 2394 213 2432; x_wconf 77' lang='grc' dir='ltr'>υ</span> <span class='ocrx_word' id='word_1_131' title='bbox 230 2378 282 2438; x_wconf 93' lang='grc' dir='ltr'>τοῦ</span> <span class='ocrx_word' id='word_1_132' title='bbox 304 2374 416 2458; x_wconf 87' lang='grc' dir='ltr'>κόσμου</span> <span class='ocrx_word' id='word_1_133' title='bbox 438 2373 566 2458; x_wconf 76' lang='grc' dir='ltr'>πορείαν.</span> 
     </span>
    </p>
   </div>
   <div class='ocr_carea' id='block_1_7' title="bbox 492 2629 1545 2715">
    <p class='ocr_par' dir='ltr' id='par_1_11' title="bbox 492 2629 1545 2715">
     <span class='ocr_line' id='line_1_17' title="bbox 492 2629 1545 2715; baseline -0.015 -19"><span class='ocrx_word' id='word_1_134' title='bbox 492 2632 535 2696; x_wconf 84' lang='grc'>38</span> <span class='ocrx_word' id='word_1_135' title='bbox 572 2629 655 2713; x_wconf 87' lang='grc' dir='ltr'>Περί</span> <span class='ocrx_word' id='word_1_136' title='bbox 678 2630 800 2700; x_wconf 85' lang='grc' dir='ltr'>οὐσίας</span> <span class='ocrx_word' id='word_1_137' title='bbox 822 2629 964 2715; x_wconf 83' lang='grc' dir='ltr'>χρόνου.</span> <span class='ocrx_word' id='word_1_138' title='bbox 1002 2633 1156 2702; x_wconf 77' lang='lat' dir='ltr'>[Plut.122</span> <span class='ocrx_word' id='word_1_139' title='bbox 1171 2638 1284 2702; x_wconf 80' lang='grc' dir='ltr'>ι.ι.ε.ο]</span> <span class='ocrx_word' id='word_1_140' title='bbox 1509 2650 1545 2688; x_wconf 68' lang='grc' dir='ltr'>οω</span> 
     </span>
    </p>
   </div>
   <div class='ocr_carea' id='block_1_8' title="bbox 228 2784 1495 3076">
    <p class='ocr_par' dir='ltr' id='par_1_12' title="bbox 228 2784 1495 3076">
     <span class='ocr_line' id='line_1_18' title="bbox 318 2784 1493 2870; baseline -0.006 -19"><span class='ocrx_word' id='word_1_141' title='bbox 318 2785 378 2851; x_wconf 91' lang='grc' dir='ltr'>Τοῦ</span> <span class='ocrx_word' id='word_1_142' title='bbox 401 2787 434 2849; x_wconf 85' lang='grc' dir='ltr'>δὲ</span> <span class='ocrx_word' id='word_1_143' title='bbox 456 2786 564 2870; x_wconf 89' lang='grc' dir='ltr'>χρόνου</span> <span class='ocrx_word' id='word_1_144' title='bbox 586 2786 638 2869; x_wconf 84' lang='grc' dir='ltr'>τὴν</span> <span class='ocrx_word' id='word_1_145' title='bbox 661 2784 761 2849; x_wconf 91' lang='grc' dir='ltr'>οὐσίαν</span> <span class='ocrx_word' id='word_1_146' title='bbox 783 2787 811 2849; x_wconf 87' lang='grc' dir='ltr'>οἱ</span> <span class='ocrx_word' id='word_1_147' title='bbox 826 2784 982 2848; x_wconf 80' lang='grc' dir='ltr'>Στωικοὶ</span> <span class='ocrx_word' id='word_1_148' title='bbox 1004 2786 1089 2868; x_wconf 77' lang='grc' dir='ltr'>ἡλίου</span> <span class='ocrx_word' id='word_1_149' title='bbox 1111 2786 1164 2869; x_wconf 81' lang='grc' dir='ltr'>τὴν</span> <span class='ocrx_word' id='word_1_150' title='bbox 1187 2786 1297 2870; x_wconf 88' lang='grc' dir='ltr'>κίνησιν</span> <span class='ocrx_word' id='word_1_151' title='bbox 1319 2786 1493 2867; x_wconf 77' lang='grc' dir='ltr'>νομίζουσιν.</span> 
     </span>
     <span class='ocr_line' id='line_1_19' title="bbox 231 2888 1495 2973; baseline -0.004 -17"><span class='ocrx_word' id='word_1_152' title='bbox 231 2891 377 2956; x_wconf 88' lang='grc' dir='ltr'>Πλάτων</span> <span class='ocrx_word' id='word_1_153' title='bbox 400 2890 506 2973; x_wconf 79' lang='grc' dir='ltr'>δὲτὴν</span> <span class='ocrx_word' id='word_1_154' title='bbox 528 2890 646 2973; x_wconf 86' lang='grc' dir='ltr'>πορείαν</span> <span class='ocrx_word' id='word_1_155' title='bbox 667 2888 780 2952; x_wconf 83' lang='grc' dir='ltr'>τούτου.</span> <span class='ocrx_word' id='word_1_156' title='bbox 813 2889 861 2952; x_wconf 80' lang='grc' dir='ltr'>καὶ</span> <span class='ocrx_word' id='word_1_157' title='bbox 882 2888 975 2957; x_wconf 85' lang='grc' dir='ltr'>τινὲς</span> <span class='ocrx_word' id='word_1_158' title='bbox 999 2889 1052 2970; x_wconf 81' lang='grc' dir='ltr'>μὲν</span> <span class='ocrx_word' id='word_1_159' title='bbox 1075 2888 1213 2972; x_wconf 81' lang='grc' dir='ltr'>ἀγένητον</span> <span class='ocrx_word' id='word_1_160' title='bbox 1227 2890 1277 2952; x_wconf 87' lang='grc' dir='ltr'>τὸν</span> <span class='ocrx_word' id='word_1_161' title='bbox 1292 2889 1397 2972; x_wconf 91' lang='grc' dir='ltr'>χρόνον</span> <span class='ocrx_word' id='word_1_162' title='bbox 1412 2888 1495 2967; x_wconf 86' lang='grc' dir='ltr'>εἶναι,</span> 
     </span>
     <span class='ocr_line' id='line_1_20' title="bbox 228 2992 584 3076; baseline -0.011 -19"><span class='ocrx_word' id='word_1_163' title='bbox 228 2993 378 3059; x_wconf 84' lang='grc' dir='ltr'>Πλάτων</span> <span class='ocrx_word' id='word_1_164' title='bbox 401 2994 434 3056; x_wconf 82' lang='grc' dir='ltr'>δὲ</span> <span class='ocrx_word' id='word_1_165' title='bbox 455 2992 584 3076; x_wconf 86' lang='grc' dir='ltr'>γενητόν.</span> 
     </span>
    </p>
   </div>
   <div class='ocr_carea' id='block_1_9' title="bbox 184 3250 1310 3337">
    <p class='ocr_par' dir='ltr' id='par_1_13' title="bbox 184 3250 1310 3337">
     <span class='ocr_line' id='line_1_21' title="bbox 184 3250 1310 3337; baseline -0.008 -17"><span class='ocrx_word' id='word_1_166' title='bbox 184 3274 210 3312; x_wconf 73' lang='lat'>2⁰</span> <span class='ocrx_word' id='word_1_167' title='bbox 415 3255 457 3318; x_wconf 79' lang='lat'>39</span> <span class='ocrx_word' id='word_1_168' title='bbox 494 3252 582 3337; x_wconf 81' lang='grc' dir='ltr'>Περὶ</span> <span class='ocrx_word' id='word_1_169' title='bbox 604 3252 776 3335; x_wconf 86' lang='grc' dir='ltr'>γενέσεως</span> <span class='ocrx_word' id='word_1_170' title='bbox 798 3251 855 3316; x_wconf 81' lang='grc' dir='ltr'>καὶ</span> <span class='ocrx_word' id='word_1_171' title='bbox 877 3250 1024 3336; x_wconf 84' lang='grc' dir='ltr'>φθορᾶς.</span> <span class='ocrx_word' id='word_1_172' title='bbox 1060 3261 1215 3325; x_wconf 68' lang='grc' dir='ltr'>[Ριικῐῖί</span> <span class='ocrx_word' id='word_1_173' title='bbox 1230 3271 1310 3335; x_wconf 61' lang='grc' dir='ltr'>κιο]</span> 
     </span>
    </p>
   </div>
   <div class='ocr_carea' id='block_1_10' title="bbox 187 3404 1494 4010">
    <p class='ocr_par' dir='ltr' id='par_1_14' title="bbox 228 3404 1494 3803">
     <span class='ocr_line' id='line_1_22' title="bbox 305 3404 1492 3496; baseline 0 -23"><span class='ocrx_word' id='word_1_174' title='bbox 305 3407 343 3474; x_wconf 88' lang='grc' dir='ltr'>Οί</span> <span class='ocrx_word' id='word_1_175' title='bbox 366 3410 431 3493; x_wconf 82' lang='grc' dir='ltr'>περὶ</span> <span class='ocrx_word' id='word_1_176' title='bbox 455 3407 641 3473; x_wconf 83' lang='grc' dir='ltr'>Μέλισσον</span> <span class='ocrx_word' id='word_1_177' title='bbox 664 3410 711 3472; x_wconf 89' lang='grc' dir='ltr'>καὶ</span> <span class='ocrx_word' id='word_1_178' title='bbox 733 3408 881 3493; x_wconf 81' lang='grc' dir='ltr'>Ζήνωνα</span> <span class='ocrx_word' id='word_1_179' title='bbox 903 3408 952 3469; x_wconf 82' lang='grc' dir='ltr'>τὸν</span> <span class='ocrx_word' id='word_1_180' title='bbox 971 3404 1107 3492; x_wconf 83' lang='grc' dir='ltr'>Ἐλεάτην</span> <span class='ocrx_word' id='word_1_181' title='bbox 1130 3410 1178 3473; x_wconf 85' lang='grc' dir='ltr'>καί</span> <span class='ocrx_word' id='word_1_182' title='bbox 1201 3410 1426 3496; x_wconf 89' lang='grc' dir='ltr'>Παρμενίδην</span> <span class='ocrx_word' id='word_1_183' title='bbox 1449 3410 1492 3494; x_wconf 83' lang='grc' dir='ltr'>γε’-</span> 
     </span>
     <span class='ocr_line' id='line_1_23' title="bbox 233 3508 1493 3599; baseline 0.002 -25"><span class='ocrx_word' id='word_1_184' title='bbox 233 3534 308 3575; x_wconf 88' lang='grc' dir='ltr'>νεσιν</span> <span class='ocrx_word' id='word_1_185' title='bbox 330 3513 378 3576; x_wconf 88' lang='grc' dir='ltr'>καί</span> <span class='ocrx_word' id='word_1_186' title='bbox 400 3511 514 3596; x_wconf 85' lang='grc' dir='ltr'>φθορὰν</span> <span class='ocrx_word' id='word_1_187' title='bbox 536 3513 717 3596; x_wconf 82' lang='grc' dir='ltr'>άνηρίγκασιν</span> <span class='ocrx_word' id='word_1_188' title='bbox 740 3512 874 3593; x_wconf 85' lang='grc' dir='ltr'>ἀκίνητον</span> <span class='ocrx_word' id='word_1_189' title='bbox 896 3508 968 3572; x_wconf 84' lang='grc' dir='ltr'>εἶναι</span> <span class='ocrx_word' id='word_1_190' title='bbox 990 3510 1024 3572; x_wconf 86' lang='grc' dir='ltr'>τὸ</span> <span class='ocrx_word' id='word_1_191' title='bbox 1047 3516 1104 3574; x_wconf 82' lang='grc' dir='ltr'>πᾶν</span> <span class='ocrx_word' id='word_1_192' title='bbox 1128 3512 1331 3599; x_wconf 80' lang='grc' dir='ltr'>ὑπολαβόντες.</span> <span class='ocrx_word' id='word_1_193' title='bbox 1371 3512 1402 3578; x_wconf 85' lang='lat' dir='ltr'>&#39;E</span> <span class='ocrx_word' id='word_1_194' title='bbox 1410 3536 1493 3596; x_wconf 89' lang='grc' dir='ltr'>μπε-</span> 
     </span>
     <span class='ocr_line' id='line_1_24' title="bbox 228 3612 1491 3701; baseline 0.002 -24"><span class='ocrx_word' id='word_1_195' title='bbox 228 3616 364 3698; x_wconf 81' lang='grc' dir='ltr'>δοκλῆς</span> <span class='ocrx_word' id='word_1_196' title='bbox 385 3615 419 3677; x_wconf 78' lang='grc' dir='ltr'>δὲ</span> <span class='ocrx_word' id='word_1_197' title='bbox 440 3615 488 3679; x_wconf 87' lang='grc' dir='ltr'>καὶ</span> <span class='ocrx_word' id='word_1_198' title='bbox 508 3612 713 3698; x_wconf 83' lang='grc' dir='ltr'>Ἐπίκουρος</span> <span class='ocrx_word' id='word_1_199' title='bbox 735 3613 783 3678; x_wconf 87' lang='grc' dir='ltr'>καὶ</span> <span class='ocrx_word' id='word_1_200' title='bbox 807 3614 871 3677; x_wconf 90' lang='grc' dir='ltr'>όσοι</span> <span class='ocrx_word' id='word_1_201' title='bbox 893 3613 968 3677; x_wconf 81' lang='grc' dir='ltr'>κατὰ</span> <span class='ocrx_word' id='word_1_202' title='bbox 990 3615 1203 3699; x_wconf 86' lang='grc' dir='ltr'>συναθροισμὸν</span> <span class='ocrx_word' id='word_1_203' title='bbox 1225 3623 1284 3682; x_wconf 86' lang='grc' dir='ltr'>τών</span> <span class='ocrx_word' id='word_1_204' title='bbox 1306 3621 1491 3701; x_wconf 81' lang='grc' dir='ltr'>λεπτομερῶν</span> 
     </span>
     <span class='ocr_line' id='line_1_25' title="bbox 229 3715 1494 3803; baseline 0.003 -23"><span class='ocrx_word' id='word_1_205' title='bbox 229 3719 376 3800; x_wconf 87' lang='grc' dir='ltr'>σωμάτων</span> <span class='ocrx_word' id='word_1_206' title='bbox 398 3719 606 3800; x_wconf 81' lang='grc' dir='ltr'>κοσμοποιοῦσι</span> <span class='ocrx_word' id='word_1_207' title='bbox 629 3718 790 3801; x_wconf 92' lang='grc' dir='ltr'>συγκρίσεις</span> <span class='ocrx_word' id='word_1_208' title='bbox 814 3716 866 3798; x_wconf 79' lang='grc' dir='ltr'>μὲν</span> <span class='ocrx_word' id='word_1_209' title='bbox 889 3715 937 3779; x_wconf 85' lang='grc' dir='ltr'>καὶ</span> <span class='ocrx_word' id='word_1_210' title='bbox 960 3716 1114 3801; x_wconf 89' lang='grc' dir='ltr'>διακρίσεις</span> <span class='ocrx_word' id='word_1_211' title='bbox 1135 3720 1293 3803; x_wconf 82' lang='grc' dir='ltr'>εἰσάγουσι,</span> <span class='ocrx_word' id='word_1_212' title='bbox 1315 3720 1439 3803; x_wconf 83' lang='grc' dir='ltr'>γενέσεις</span> <span class='ocrx_word' id='word_1_213' title='bbox 1461 3723 1494 3784; x_wconf 87' lang='grc' dir='ltr'>δὲ</span> 
     </span>
    </p>

    <p class='ocr_par' dir='ltr' id='par_1_15' title="bbox 187 3817 1493 4010">
     <span class='ocr_line' id='line_1_26' title="bbox 187 3817 1493 3908; baseline 0.008 -30"><span class='ocrx_word' id='word_1_214' title='bbox 187 3840 212 3878; x_wconf 72' lang='grc' dir='ltr'>ω</span> <span class='ocrx_word' id='word_1_215' title='bbox 229 3820 278 3882; x_wconf 80' lang='grc' dir='ltr'>καὶ</span> <span class='ocrx_word' id='word_1_216' title='bbox 302 3819 415 3905; x_wconf 75' lang='grc' dir='ltr'>φθορὰς</span> <span class='ocrx_word' id='word_1_217' title='bbox 438 3818 491 3882; x_wconf 89' lang='grc' dir='ltr'>οὐκ</span> <span class='ocrx_word' id='word_1_218' title='bbox 513 3817 638 3889; x_wconf 74' lang='grc' dir='ltr'>οἰκείως.</span> <span class='ocrx_word' id='word_1_219' title='bbox 670 3819 704 3883; x_wconf 92' lang='grc' dir='ltr'>οὐ</span> <span class='ocrx_word' id='word_1_220' title='bbox 726 3821 781 3904; x_wconf 82' lang='grc' dir='ltr'>γὰρ</span> <span class='ocrx_word' id='word_1_221' title='bbox 796 3818 871 3883; x_wconf 83' lang='grc' dir='ltr'>κατὰ</span> <span class='ocrx_word' id='word_1_222' title='bbox 885 3818 970 3881; x_wconf 81' lang='grc' dir='ltr'>ποιάν</span> <span class='ocrx_word' id='word_1_223' title='bbox 985 3820 1150 3900; x_wconf 81' lang='grc' dir='ltr'>ἀλλοίωσιν,</span> <span class='ocrx_word' id='word_1_224' title='bbox 1173 3825 1249 3887; x_wconf 82' lang='grc' dir='ltr'>ἀλλὰ</span> <span class='ocrx_word' id='word_1_225' title='bbox 1271 3824 1346 3888; x_wconf 83' lang='grc' dir='ltr'>κατὰ</span> <span class='ocrx_word' id='word_1_226' title='bbox 1366 3824 1493 3908; x_wconf 88' lang='grc' dir='ltr'>παράθε·</span> 
     </span>
     <span class='ocr_line' id='line_1_27' title="bbox 226 3920 1492 4010; baseline 0.001 -24"><span class='ocrx_word' id='word_1_227' title='bbox 226 3943 271 3986; x_wconf 92' lang='grc' dir='ltr'>σιν</span> <span class='ocrx_word' id='word_1_228' title='bbox 294 3922 343 3986; x_wconf 86' lang='grc' dir='ltr'>καί</span> <span class='ocrx_word' id='word_1_229' title='bbox 365 3920 578 4006; x_wconf 78' lang='grc' dir='ltr'>συναθροισμὸν</span> <span class='ocrx_word' id='word_1_230' title='bbox 599 3923 730 4006; x_wconf 87' lang='grc' dir='ltr'>γίνεσθαι</span> <span class='ocrx_word' id='word_1_231' title='bbox 752 3922 788 3986; x_wconf 85' lang='grc' dir='ltr'>τὰ</span> <span class='ocrx_word' id='word_1_232' title='bbox 810 3924 904 3986; x_wconf 88' lang='grc' dir='ltr'>πάντα</span> <span class='ocrx_word' id='word_1_233' title='bbox 926 3921 1100 4004; x_wconf 75' lang='grc' dir='ltr'>νομίζουσιν.</span> <span class='ocrx_word' id='word_1_234' title='bbox 1145 3923 1363 4010; x_wconf 88' lang='grc' dir='ltr'>Πυθαγόρας</span> <span class='ocrx_word' id='word_1_235' title='bbox 1385 3927 1418 3989; x_wconf 83' lang='grc' dir='ltr'>δὲ</span> <span class='ocrx_word' id='word_1_236' title='bbox 1445 3927 1492 3988; x_wconf 86' lang='grc' dir='ltr'>καὶ</span> 
     </span>
    </p>
   </div>
   <div class='ocr_carea' id='block_1_11' title="bbox 174 4128 1081 4140">
    <p class='ocr_par' dir='ltr' id='par_1_16' title="bbox 174 4128 1081 4140">
     <span class='ocr_line' id='line_1_28' title="bbox 174 4128 1081 4140; baseline -0.006 0"><span class='ocrx_word' id='word_1_237' title='bbox 174 4131 377 4140; x_wconf 77' lang='lat'>-——-—</span> <span class='ocrx_word' id='word_1_238' title='bbox 887 4128 1081 4136; x_wconf 60' lang='grc'>*-</span> 
     </span>
    </p>
   </div>
   <div class='ocr_carea' id='block_1_12' title="bbox 173 4262 1543 5044">
    <p class='ocr_par' dir='ltr' id='par_1_17' title="bbox 173 4262 1543 4702">
     <span class='ocr_line' id='line_1_29' title="bbox 175 4262 1543 4339; baseline 0.001 -21"><span class='ocrx_word' id='word_1_239' title='bbox 175 4262 500 4335; x_wconf 74' lang='grc' dir='ltr'>ΙίπίκουροιΒΝΙίθλίγω</span> <span class='ocrx_word' id='word_1_240' title='bbox 510 4264 541 4334; x_wconf 81' lang='grc' dir='ltr'>δὴ</span> <span class='ocrx_word' id='word_1_241' title='bbox 551 4266 640 4326; x_wconf 87' lang='grc' dir='ltr'>πάντες</span> <span class='ocrx_word' id='word_1_242' title='bbox 651 4265 834 4338; x_wconf 74' lang='grc' dir='ltr'>θεωρητούςλι</span> <span class='ocrx_word' id='word_1_243' title='bbox 885 4269 1020 4338; x_wconf 67' lang='grc' dir='ltr'>δαίμοναςῖ</span> <span class='ocrx_word' id='word_1_244' title='bbox 1045 4267 1058 4337; x_wconf 84' lang='grc' dir='ltr'>ΙΙ</span> <span class='ocrx_word' id='word_1_245' title='bbox 1084 4267 1176 4327; x_wconf 79' lang='grc' dir='ltr'>οὐσίαις</span> <span class='ocrx_word' id='word_1_246' title='bbox 1198 4275 1313 4339; x_wconf 85' lang='grc' dir='ltr'>φυσικαῖς</span> <span class='ocrx_word' id='word_1_247' title='bbox 1336 4273 1384 4322; x_wconf 82' lang='grc' dir='ltr'>ΑΒ</span> <span class='ocrx_word' id='word_1_248' title='bbox 1413 4267 1428 4336; x_wconf 80' lang='grc' dir='ltr'>Η</span> <span class='ocrx_word' id='word_1_249' title='bbox 1456 4270 1471 4322; x_wconf 85' lang='grc' dir='ltr'>θ</span> <span class='ocrx_word' id='word_1_250' title='bbox 1499 4268 1543 4327; x_wconf 79' lang='grc' dir='ltr'>τὰς</span> 
     </span>
     <span class='ocr_line' id='line_1_30' title="bbox 174 4350 1541 4426; baseline 0.001 -20"><span class='ocrx_word' id='word_1_251' title='bbox 174 4352 273 4422; x_wconf 87' lang='grc' dir='ltr'>λίγουσι</span> <span class='ocrx_word' id='word_1_252' title='bbox 285 4355 378 4411; x_wconf 73' lang='grc' dir='ltr'>πάντας</span> <span class='ocrx_word' id='word_1_253' title='bbox 391 4354 435 4406; x_wconf 76' lang='grc' dir='ltr'>καὶ</span> <span class='ocrx_word' id='word_1_254' title='bbox 447 4350 590 4422; x_wconf 85' lang='grc' dir='ltr'>θιωρητούς</span> <span class='ocrx_word' id='word_1_255' title='bbox 603 4357 625 4406; x_wconf 92' lang='grc' dir='ltr'>Β</span> <span class='ocrx_word' id='word_1_256' title='bbox 639 4351 833 4426; x_wconf 70' lang='grc' dir='ltr'>Ιίθλεπτομερη</span> <span class='ocrx_word' id='word_1_257' title='bbox 887 4358 932 4425; x_wconf 79' lang='grc' dir='ltr'>μὲν</span> <span class='ocrx_word' id='word_1_258' title='bbox 950 4354 1046 4425; x_wconf 80' lang='grc' dir='ltr'>ἀγαθάς</span> <span class='ocrx_word' id='word_1_259' title='bbox 1068 4359 1160 4409; x_wconf 87' lang='grc' dir='ltr'>οιιι.Β</span> <span class='ocrx_word' id='word_1_260' title='bbox 1187 4355 1200 4424; x_wconf 78' lang='grc' dir='ltr'>Η</span> <span class='ocrx_word' id='word_1_261' title='bbox 1229 4358 1261 4411; x_wconf 86' lang='lat'>10</span> <span class='ocrx_word' id='word_1_262' title='bbox 1278 4356 1414 4426; x_wconf 85' lang='grc' dir='ltr'>διαγόντων</span> <span class='ocrx_word' id='word_1_263' title='bbox 1432 4360 1454 4410; x_wconf 89' lang='grc' dir='ltr'><strong>Β</strong></span> <span class='ocrx_word' id='word_1_264' title='bbox 1474 4353 1487 4425; x_wconf 81' lang='grc' dir='ltr'>ΙΙ</span> <span class='ocrx_word' id='word_1_265' title='bbox 1511 4356 1541 4409; x_wconf 87' lang='grc' dir='ltr'>ίί</span> 
     </span>
     <span class='ocr_line' id='line_1_31' title="bbox 174 4438 1543 4514; baseline 0.003 -20"><span class='ocrx_word' id='word_1_266' title='bbox 174 4440 301 4512; x_wconf 82' lang='grc' dir='ltr'>ΒΙΙοῦτος</span> <span class='ocrx_word' id='word_1_267' title='bbox 310 4443 341 4495; x_wconf 85' lang='lat' dir='ltr'>B:</span> <span class='ocrx_word' id='word_1_268' title='bbox 352 4438 419 4493; x_wconf 83' lang='grc' dir='ltr'>οὕτω</span> <span class='ocrx_word' id='word_1_269' title='bbox 427 4444 459 4493; x_wconf 80' lang='lat' dir='ltr'>A:</span> <span class='ocrx_word' id='word_1_270' title='bbox 471 4439 835 4509; x_wconf 68' lang='grc' dir='ltr'>οοτιεπίίί4ἰιιοετείδίιτάσδι</span> <span class='ocrx_word' id='word_1_271' title='bbox 886 4443 1029 4514; x_wconf 81' lang='grc' dir='ltr'>οὐδετέρους</span> <span class='ocrx_word' id='word_1_272' title='bbox 1049 4447 1074 4496; x_wconf 77' lang='lat' dir='ltr'>A</span> <span class='ocrx_word' id='word_1_273' title='bbox 1094 4442 1108 4512; x_wconf 89' lang='grc' dir='ltr'>ΙΙ</span> <span class='ocrx_word' id='word_1_274' title='bbox 1126 4443 1187 4496; x_wconf 76' lang='grc' dir='ltr'>εἶναι</span> <span class='ocrx_word' id='word_1_275' title='bbox 1208 4456 1266 4512; x_wconf 77' lang='lat' dir='ltr'><strong>post</strong></span> <span class='ocrx_word' id='word_1_276' title='bbox 1287 4445 1383 4498; x_wconf 87' lang='grc' dir='ltr'>τούτων</span> <span class='ocrx_word' id='word_1_277' title='bbox 1405 4450 1495 4499; x_wconf 75' lang='lat' dir='ltr'><strong>inserit</strong></span> <span class='ocrx_word' id='word_1_278' title='bbox 1516 4450 1543 4498; x_wconf 80' lang='lat' dir='ltr'>A</span> 
     </span>
     <span class='ocr_line' id='line_1_32' title="bbox 173 4527 1543 4602; baseline 0.002 -20"><span class='ocrx_word' id='word_1_279' title='bbox 173 4529 207 4582; x_wconf 78' lang='grc' dir='ltr'>τά</span> <span class='ocrx_word' id='word_1_280' title='bbox 224 4527 348 4597; x_wconf 82' lang='grc' dir='ltr'>άτοματδ</span> <span class='ocrx_word' id='word_1_281' title='bbox 365 4527 590 4600; x_wconf 83' lang='grc' dir='ltr'>κενὸντὸᾶπιιρον</span> <span class='ocrx_word' id='word_1_282' title='bbox 606 4530 650 4588; x_wconf 74' lang='grc' dir='ltr'>τὰς</span> <span class='ocrx_word' id='word_1_283' title='bbox 664 4529 677 4598; x_wconf 83' lang='grc' dir='ltr'>ΙΙ</span> <span class='ocrx_word' id='word_1_284' title='bbox 692 4528 834 4601; x_wconf 82' lang='grc' dir='ltr'>ἀφθάρτους</span> <span class='ocrx_word' id='word_1_285' title='bbox 924 4537 955 4589; x_wconf 86' lang='grc'>14</span> <span class='ocrx_word' id='word_1_286' title='bbox 973 4533 1000 4587; x_wconf 78' lang='grc' dir='ltr'>δλ</span> <span class='ocrx_word' id='word_1_287' title='bbox 1018 4542 1079 4585; x_wconf 78' lang='lat' dir='ltr'><strong>anto</strong></span> <span class='ocrx_word' id='word_1_288' title='bbox 1096 4531 1144 4601; x_wconf 77' lang='grc' dir='ltr'>τὴν</span> <span class='ocrx_word' id='word_1_289' title='bbox 1162 4550 1213 4586; x_wconf 89' lang='lat' dir='ltr'>om.</span> <span class='ocrx_word' id='word_1_290' title='bbox 1233 4537 1256 4587; x_wconf 92' lang='lat' dir='ltr'>B</span> <span class='ocrx_word' id='word_1_291' title='bbox 1277 4533 1289 4602; x_wconf 78' lang='grc' dir='ltr'>Ι,</span> <span class='ocrx_word' id='word_1_292' title='bbox 1314 4536 1345 4588; x_wconf 84' lang='grc'>16</span> <span class='ocrx_word' id='word_1_293' title='bbox 1364 4537 1452 4586; x_wconf 79' lang='lat' dir='ltr'>titulus</span> <span class='ocrx_word' id='word_1_294' title='bbox 1471 4535 1543 4585; x_wconf 84' lang='grc' dir='ltr'>ιλεοιτ</span> 
     </span>
     <span class='ocr_line' id='line_1_33' title="bbox 254 4618 1426 4702; baseline 0.001 -30"><span class='ocrx_word' id='word_1_295' title='bbox 254 4628 282 4686; x_wconf 64' lang='grc' dir='ltr'>τ’</span> <span class='ocrx_word' id='word_1_296' title='bbox 638 4633 669 4702; x_wconf 73' lang='grc' dir='ltr'>μ’</span> <span class='ocrx_word' id='word_1_297' title='bbox 884 4624 933 4675; x_wconf 90' lang='lat' dir='ltr'>BN</span> <span class='ocrx_word' id='word_1_298' title='bbox 953 4620 967 4689; x_wconf 75' lang='grc' dir='ltr'>ΙΙ</span> <span class='ocrx_word' id='word_1_299' title='bbox 989 4622 1021 4674; x_wconf 79' lang='grc'>17</span> <span class='ocrx_word' id='word_1_300' title='bbox 1040 4618 1066 4672; x_wconf 84' lang='grc' dir='ltr'>δὲ</span> <span class='ocrx_word' id='word_1_301' title='bbox 1086 4638 1137 4672; x_wconf 88' lang='lat' dir='ltr'>om.</span> <span class='ocrx_word' id='word_1_302' title='bbox 1155 4625 1180 4672; x_wconf 85' lang='grc' dir='ltr'><strong>Δ</strong></span> <span class='ocrx_word' id='word_1_303' title='bbox 1202 4620 1216 4692; x_wconf 88' lang='grc' dir='ltr'>ΙΙ</span> <span class='ocrx_word' id='word_1_304' title='bbox 1240 4624 1272 4676; x_wconf 87' lang='grc'>18</span> <span class='ocrx_word' id='word_1_305' title='bbox 1289 4621 1383 4691; x_wconf 87' lang='grc' dir='ltr'>ταύτην</span> <span class='ocrx_word' id='word_1_306' title='bbox 1400 4624 1426 4674; x_wconf 79' lang='grc' dir='ltr'>Α</span> 
     </span>
    </p>

    <p class='ocr_par' dir='ltr' id='par_1_18' title="bbox 174 4701 1542 4955">
     <span class='ocr_line' id='line_1_34' title="bbox 174 4701 1539 4779; baseline 0.004 -22"><span class='ocrx_word' id='word_1_307' title='bbox 174 4704 280 4774; x_wconf 84' lang='grc' dir='ltr'>δμοιοτα</span> <span class='ocrx_word' id='word_1_308' title='bbox 297 4701 368 4756; x_wconf 83' lang='grc' dir='ltr'>αὐτώ</span> <span class='ocrx_word' id='word_1_309' title='bbox 387 4703 500 4773; x_wconf 84' lang='grc' dir='ltr'>λίγονται</span> <span class='ocrx_word' id='word_1_310' title='bbox 521 4705 565 4756; x_wconf 82' lang='grc' dir='ltr'>καὶ</span> <span class='ocrx_word' id='word_1_311' title='bbox 583 4703 655 4773; x_wconf 85' lang='grc' dir='ltr'>δμοιο</span> <span class='ocrx_word' id='word_1_312' title='bbox 673 4710 710 4758; x_wconf 80' lang='lat' dir='ltr'>A:</span> <span class='ocrx_word' id='word_1_313' title='bbox 734 4705 830 4777; x_wconf 81' lang='grc' dir='ltr'>ἅφθαρ-</span> <span class='ocrx_word' id='word_1_314' title='bbox 920 4709 953 4761; x_wconf 73' lang='lat'>‘22</span> <span class='ocrx_word' id='word_1_315' title='bbox 971 4708 1099 4777; x_wconf 76' lang='grc' dir='ltr'>εἰρήκασιν</span> <span class='ocrx_word' id='word_1_316' title='bbox 1113 4711 1159 4760; x_wconf 84' lang='grc' dir='ltr'>ΑΒ</span> <span class='ocrx_word' id='word_1_317' title='bbox 1174 4706 1189 4777; x_wconf 91' lang='grc' dir='ltr'>ΙΙ</span> <span class='ocrx_word' id='word_1_318' title='bbox 1203 4710 1237 4765; x_wconf 75' lang='lat'>23</span> <span class='ocrx_word' id='word_1_319' title='bbox 1250 4709 1349 4762; x_wconf 82' lang='grc' dir='ltr'>λεπτῶν</span> <span class='ocrx_word' id='word_1_320' title='bbox 1367 4707 1539 4779; x_wconf 60' lang='lat' dir='ltr'>A11246131·</span> 
     </span>
     <span class='ocr_line' id='line_1_35' title="bbox 174 4790 1542 4866; baseline 0.004 -21"><span class='ocrx_word' id='word_1_321' title='bbox 174 4810 219 4846; x_wconf 91' lang='grc' dir='ltr'>τον</span> <span class='ocrx_word' id='word_1_322' title='bbox 243 4790 380 4861; x_wconf 79' lang='grc' dir='ltr'>δμοιάτητα</span> <span class='ocrx_word' id='word_1_323' title='bbox 403 4790 468 4844; x_wconf 79' lang='grc' dir='ltr'>αὐτὰ</span> <span class='ocrx_word' id='word_1_324' title='bbox 491 4791 604 4861; x_wconf 80' lang='grc' dir='ltr'>λέγονται</span> <span class='ocrx_word' id='word_1_325' title='bbox 627 4794 670 4846; x_wconf 82' lang='grc' dir='ltr'>καὶ</span> <span class='ocrx_word' id='word_1_326' title='bbox 694 4793 830 4864; x_wconf 76' lang='grc' dir='ltr'>ὁμοιομερῆ</span> <span class='ocrx_word' id='word_1_327' title='bbox 883 4796 1070 4864; x_wconf 76' lang='grc' dir='ltr'>κρισινμὶνκαὶ</span> <span class='ocrx_word' id='word_1_328' title='bbox 1079 4795 1311 4866; x_wconf 79' lang='grc' dir='ltr'>διάκρισινΛΒυειί</span> <span class='ocrx_word' id='word_1_329' title='bbox 1321 4816 1382 4850; x_wconf 77' lang='grc' dir='ltr'>τετε</span> <span class='ocrx_word' id='word_1_330' title='bbox 1391 4801 1469 4851; x_wconf 79' lang='lat' dir='ltr'>lectio</span> <span class='ocrx_word' id='word_1_331' title='bbox 1479 4802 1542 4851; x_wconf 79' lang='lat' dir='ltr'>latet</span> 
     </span>
     <span class='ocr_line' id='line_1_36' title="bbox 175 4877 1540 4955; baseline 0.007 -26"><span class='ocrx_word' id='word_1_332' title='bbox 175 4884 199 4934; x_wconf 85' lang='grc' dir='ltr'>Β</span> <span class='ocrx_word' id='word_1_333' title='bbox 219 4877 234 4949; x_wconf 84' lang='grc' dir='ltr'>ΙΙ</span> <span class='ocrx_word' id='word_1_334' title='bbox 254 4880 271 4934; x_wconf 86' lang='grc'><strong>5</strong></span> <span class='ocrx_word' id='word_1_335' title='bbox 289 4879 333 4931; x_wconf 84' lang='grc' dir='ltr'>καὶ</span> <span class='ocrx_word' id='word_1_336' title='bbox 351 4884 389 4931; x_wconf 87' lang='grc' dir='ltr'>τώ</span> <span class='ocrx_word' id='word_1_337' title='bbox 408 4877 479 4932; x_wconf 86' lang='grc' dir='ltr'>αὐτώ</span> <span class='ocrx_word' id='word_1_338' title='bbox 497 4884 547 4933; x_wconf 84' lang='lat' dir='ltr'>AB</span> <span class='ocrx_word' id='word_1_339' title='bbox 882 4888 909 4936; x_wconf 91' lang='lat' dir='ltr'>in</span> <span class='ocrx_word' id='word_1_340' title='bbox 927 4882 1059 4953; x_wconf 84' lang='grc' dir='ltr'>διακρίσεις</span> <span class='ocrx_word' id='word_1_341' title='bbox 1081 4885 1126 4936; x_wconf 84' lang='grc' dir='ltr'>καί</span> <span class='ocrx_word' id='word_1_342' title='bbox 1149 4891 1219 4951; x_wconf 83' lang='lat' dir='ltr'>quod</span> <span class='ocrx_word' id='word_1_343' title='bbox 1237 4904 1299 4939; x_wconf 86' lang='lat' dir='ltr'>mox</span> <span class='ocrx_word' id='word_1_344' title='bbox 1317 4902 1405 4938; x_wconf 81' lang='lat' dir='ltr'>errore</span> <span class='ocrx_word' id='word_1_345' title='bbox 1424 4897 1483 4953; x_wconf 80' lang='grc' dir='ltr'>ροετ</span> <span class='ocrx_word' id='word_1_346' title='bbox 1501 4903 1540 4955; x_wconf 84' lang='grc' dir='ltr'>γε·</span> 
     </span>
    </p>

    <p class='ocr_par' dir='ltr' id='par_1_19' title="bbox 212 4965 1540 5044">
     <span class='ocr_line' id='line_1_37' title="bbox 212 4965 1540 5044; baseline 0.008 -26"><span class='ocrx_word' id='word_1_347' title='bbox 212 4968 229 5022; x_wconf 89' lang='grc'>8</span> <span class='ocrx_word' id='word_1_348' title='bbox 246 4966 424 5036; x_wconf 72' lang='grc' dir='ltr'>γιγνώσκουσιν</span> <span class='ocrx_word' id='word_1_349' title='bbox 436 4969 523 5022; x_wconf 90' lang='lat' dir='ltr'><strong>om.B</strong></span> <span class='ocrx_word' id='word_1_350' title='bbox 543 4965 557 5034; x_wconf 93' lang='grc' dir='ltr'>ΙΙ</span> <span class='ocrx_word' id='word_1_351' title='bbox 577 4966 676 5037; x_wconf 81' lang='grc' dir='ltr'>ὁμοίους</span> <span class='ocrx_word' id='word_1_352' title='bbox 689 4970 750 5022; x_wconf 83' lang='grc' dir='ltr'>ΑΒι</span> <span class='ocrx_word' id='word_1_353' title='bbox 771 4988 830 5021; x_wconf 84' lang='lat' dir='ltr'>num</span> <span class='ocrx_word' id='word_1_354' title='bbox 882 4970 958 5030; x_wconf 83' lang='grc' dir='ltr'>νίσεις</span> <span class='ocrx_word' id='word_1_355' title='bbox 976 4969 1002 5023; x_wconf 68' lang='grc' dir='ltr'>δὲ</span> <span class='ocrx_word' id='word_1_356' title='bbox 1021 4972 1065 5024; x_wconf 80' lang='grc' dir='ltr'>καὶ</span> <span class='ocrx_word' id='word_1_357' title='bbox 1082 4977 1109 5025; x_wconf 87' lang='lat' dir='ltr'>in</span> <span class='ocrx_word' id='word_1_358' title='bbox 1130 4977 1179 5029; x_wconf 83' lang='lat' dir='ltr'>AB</span> <span class='ocrx_word' id='word_1_359' title='bbox 1197 4980 1303 5028; x_wconf 74' lang='lat' dir='ltr'><strong>iteratur</strong></span> <span class='ocrx_word' id='word_1_360' title='bbox 1322 4972 1336 5044; x_wconf 79' lang='grc' dir='ltr'>ΙΙ</span> <span class='ocrx_word' id='word_1_361' title='bbox 1356 4972 1390 5027; x_wconf 78' lang='lat'>25</span> <span class='ocrx_word' id='word_1_362' title='bbox 1408 4970 1491 5044; x_wconf 85' lang='grc' dir='ltr'>φθορά</span> <span class='ocrx_word' id='word_1_363' title='bbox 1515 4978 1540 5029; x_wconf 83' lang='grc' dir='ltr'><strong>Α</strong></span> 
     </span>
    </p>
   </div>
   <div class='ocr_carea' id='block_1_13' title="bbox 0 0 1726 5588">
    <p class='ocr_par' dir='ltr' id='par_1_20' title="bbox 0 0 1726 5588">
     <span class='ocr_line' id='line_1_38' title="bbox 0 0 1726 5588; baseline 0 0"><span class='ocrx_word' id='word_1_364' title='bbox 0 0 1726 5588; x_wconf 95' lang='lat' dir='ltr'> </span> 
     </span>
    </p>
   </div>
  </div>
 </body>
</html>
