3442 5588
172 297 236 361 5'26
554 302 812 353 THEOPHRASTI
830 301 968 353 PHYSIC.
988 301 1149 353 OPINION.

222 468 280 552 οὐχ
316 469 456 538 ὡσαύτως
491 470 651 535 ἀπέδωκεν.
700 467 790 533 ἔπειτ’
820 468 846 531 εί
879 470 1010 552 μαλακόν
1043 471 1076 533 τδ
1111 471 1246 546 ὑπεῖκον,
1288 471 1412 555 φανερὸν
1446 471 1492 535 ότι

223 572 257 634 τδ
281 573 358 655 ὕδωρ
381 573 429 635 καὶ
452 573 467 635 ὁ
491 573 548 656 ἀὴρ
570 572 620 635 καὶ
641 574 674 635 τδ
697 576 754 656 πῦρ
776 570 836 635 ἐστι
853 573 988 653 μαλακοί·
1010 572 1082 657 φησὶ
1103 571 1157 656 γὰρ
1180 572 1306 637 ὑπείκειν
1327 573 1361 636 τὸ
1384 573 1492 656 μικρόν

223 670 293 758 ἔχον
323 674 420 758 βάσιν,
447 674 524 737 ῶστε
549 675 582 736 τδ
611 678 668 758 πῦρ
695 674 730 737 ἂν
756 672 802 758 εἴη
829 677 1049 756 μαλακώτατον.
1094 676 1175 739 δοκεῖ
1199 675 1232 737 δὲ
1259 675 1369 739 τοὸτων
1400 675 1492 740 οὐθὲν

225 772 286 837 οὐδ’
315 776 391 844 όλως
421 774 454 837 τδ
484 775 525 859 μὴ
554 777 828 859 ἀντιμεθιστάμενον
855 775 927 840 εῖναι
950 777 1097 860 μαλακόν,
1124 778 1201 842 ἀλλὰ
1222 778 1256 841 τδ
1279 777 1321 848 είς
1341 779 1374 840 rh
1399 778 1495 864 βάθος

175 886 209 939 88
228 877 345 940 ὁπεῖκον
378 877 446 940 ἄνευ
484 880 696 959 μεταστάσεως.
870 876 913 942 ἔτι
950 880 983 942 δὲ
1018 880 1051 942 τὸ
1089 879 1162 964 βαρδ
1200 880 1248 943 καλ
1286 884 1395 965 κοῦφον
1431 880 1525 964 οῦχι

225 981 342 1058 ἁπλῶς,
379 977 443 1042 ἀλλ’
486 979 534 1043 ἐπὶ
571 986 630 1044 τῶν
666 981 785 1065 γεωδῶν
822 981 967 1066 ἀφῶρικε·
1010 982 1120 1046 τοότων
1156 983 1210 1066 γὰρ
1248 983 1330 1045 δοκεῖ
1365 983 1400 1045 τδ
1437 983 1495 1065 μὲν

229 1083 301 1168 βαρὺ
324 1085 476 1168 χαλεπῶς,
499 1084 533 1146 τὸ
556 1085 589 1147 δὲ
610 1089 718 1169 κοῦφον
745 1084 815 1167 βᾷον
838 1080 960 1165 ἄγεσθαι
990 1085 1062 1170 πρὸς
1084 1083 1234 1167 ἀλλότριον
1261 1083 1365 1148 τόπον·
1395 1085 1429 1147 τδ
1458 1083 1494 1146 δὲ

231 1190 287 1270 πῦρ
315 1186 363 1248 καὶ
387 1187 403 1249 ὁ
426 1186 484 1269 ἀὴρ
512 1190 575 1254 ταῖς
604 1186 645 1255 είς
670 1186 737 1255 τοὺς
765 1184 888 1257 οἰκείους
914 1186 1021 1256 τόπους
1042 1190 1145 1272 φοραῖς
1167 1190 1265 1270 κοῦφα
1286 1186 1335 1249 καί
1357 1185 1417 1250 ἔστι
1441 1186 1493 1248 καὶ

229 1291 318 1351 δοκεῖ.
365 1287 464 1372 διόπερ
487 1288 541 1351 οῦκ
563 1285 643 1352 ἔσται
664 1289 697 1351 τδ
727 1288 779 1369 μὲν
801 1285 919 1351 ἔλαττον
940 1293 999 1351 τῶν
1022 1290 1168 1370 ὁμογενῶν
1190 1285 1261 1372 ἔχον
1284 1288 1374 1372 βαρό,
1400 1290 1435 1351 τδ
1459 1289 1493 1351 δὲ

229 1394 335 1480 πλεῖον,
351 1395 475 1476 κοῦφον·
507 1391 540 1453 th
565 1391 616 1474 μὲν
644 1391 698 1475 γὰρ
725 1394 784 1474 πῦρ
807 1390 869 1475 όσφ
891 1389 926 1453 ἂν
949 1389 969 1472 ᾖ
992 1393 1102 1467 πλεῖον,
1123 1390 1308 1475 κουφότερον,
1327 1389 1394 1453 ἀλλ’
1430 1390 1494 1453 ἄνω
1513 1417 1538 1456 ιο

229 1496 281 1578 μὲν
302 1493 455 1577 τιθεμένου
470 1497 522 1557 τοῦ
544 1494 634 1578 πυρός
649 1493 862 1579 ἐφαρμόσουσιν
877 1494 904 1556 οἱ
926 1493 1006 1576 λόγοι
1029 1497 1078 1558 καὶ
1100 1493 1183 1563 οῦτος
1200 1495 1341 1571 κάκεῖνος,
1363 1491 1494 1556 ἐνταῦθα

227 1595 253 1661 δ’
281 1598 445 1681 οὐδέτερος.
489 1596 629 1666 ῶσαότως
656 1597 689 1659 δὲ
720 1596 768 1659 καὶ
796 1594 844 1659 ἐπὶ
873 1600 925 1678 τῆς
951 1600 1018 1679 γῆς·
1049 1594 1163 1659 ἄνωθεν
1189 1595 1243 1679 γὰρ
1270 1596 1355 1680 δεῦρο
1383 1594 1492 1658 θᾶττον

227 1699 396 1785 οἰσθήσεται
411 1699 445 1762 τό
463 1698 560 1762 πλέον.
598 1699 676 1762 ὥστε
697 1698 755 1784 οὐχ
777 1699 879 1767 ἁπλῶς
900 1700 920 1781 ἡ
942 1703 979 1780 γῆ
1003 1699 1051 1761 καὶ
1066 1699 1100 1761 τὸ
1123 1703 1180 1782 πῦρ
1202 1698 1263 1763 ἐστι
1283 1698 1317 1761 τὸ
1341 1699 1392 1780 μὲν
1418 1698 1493 1783 βαρὺ

226 1804 259 1865 τδ
294 1803 327 1864 δὲ
360 1806 484 1886 κοῦφον,
517 1799 581 1864 ἀλλ’
619 1801 754 1884 ἑκάτερον
787 1800 859 1884 πρὸς
890 1799 939 1862 τδν
972 1800 1074 1863 τόπον·
1112 1798 1177 1863 οὐδ’
1216 1799 1325 1882 ὁμοίως
1359 1800 1491 1864 ἐνταῦθα

226 1905 274 1968 καὶ
303 1907 337 1968 τδ
366 1907 488 1987 γεῶδες,
525 1899 589 1965 ἀλλ’
624 1903 777 1967 ἀνοίπαλιν·
814 1903 941 1967 ἐνταῦθα
978 1902 1029 1984 μὲν
1066 1903 1099 1965 τὸ
1133 1899 1266 1980 ἔλαττον,
1299 1903 1362 1967 ἐκεῖ
1392 1903 1426 1966 δὲ
1451 1903 1487 1966 τὸ
1507 1930 1531 1967 ιι

177 2018 210 2070 89
235 2007 323 2071 πλέον
349 2005 419 2092 ἔχον
446 2011 505 2069 τῶν
533 2007 680 2087 ὁμογενῶν
708 2005 894 2090 κουφότερον.
1044 2009 1135 2068 ταῦτα
1161 2007 1194 2068 δὲ
1222 2007 1316 2070 πάντα
1338 2004 1491 2092 συμβαίνει

227 2111 275 2175 διὰ
303 2111 337 2173 τὸ
361 2111 402 2193 μὴ
426 2111 527 2178 ἁπλῶς
549 2107 614 2192 περὶ
636 2107 747 2192 κούφου
769 2109 817 2171 καὶ
841 2109 961 2193 βαρέος,
984 2108 1059 2171 ἀλλὰ
1080 2107 1145 2192 περὶ
1167 2112 1219 2171 τοῦ
1240 2110 1368 2191 γεώδους
1389 2109 1491 2193 ἀφορί·

226 2219 294 2286 ζειν.
327 2213 440 2277 τῶνδὲ
462 2214 563 2296 χυλῶν
585 2209 637 2279 τὰς
660 2210 711 2292 μὲν
733 2211 834 2295 φύσεις
855 2212 889 2275 ud
912 2212 987 2295 λέγει
1009 2212 1051 2281 τίς
1073 2211 1204 2288 ἕκαστος,
1226 2211 1252 2274 εί
1274 2209 1331 2296 ἄρα
1352 2211 1493 2296 τέσσαρες

231 2318 262 2379 αί
285 2321 376 2380 πᾶσαι
397 2314 542 2400 διαφοραί,
563 2313 600 2376 τὰ
626 2313 660 2375 δὲ
688 2314 771 2396 πάθη
798 2314 835 2377 τὰ
856 2314 1050 2399 συμβαίνοντα
1072 2311 1121 2377 ἀπ’
1150 2313 1246 2378 αὐτῶν
1269 2316 1363 2398 δηλοῖ.
1407 2315 1492 2378 συνά-

227 2442 285 2501 γειν
308 2418 362 2502 γὰρ
384 2417 451 2486 τοῦς
478 2415 586 2499 πόρους
613 2417 646 2478 τδ
669 2417 809 2501 στρυφνόν
831 2417 850 2501 ἢ
875 2418 1027 2482 στυπτικὸν
1049 2417 1098 2482 καλ
1120 2415 1270 2500 καθαίρειν
1292 2417 1326 2480 τὸ
1349 2416 1491 2500 ἁλμυρόν,
1507 2445 1531 2484 ευ

229 2522 300 2605 όπερ
329 2520 424 2589 πάθος
451 2518 527 2582 ἐστὶν
556 2519 712 2603 ἡμέτερον·
746 2519 854 2602 ὁμοίως
879 2520 913 2583 δὲ
939 2519 987 2583 καὶ
1018 2519 1055 2581 τὰ
1082 2516 1166 2581 ἄλλα.
1212 2523 1354 2602 ζητοῦμεν
1378 2519 1412 2582 δὲ
1437 2521 1491 2603 τὴν

228 2624 328 2687 οίισίαν
352 2624 461 2706 μᾶλλον
484 2622 532 2685 καὶ
556 2621 604 2685 διὰ
625 2620 653 2683 τί
673 2625 764 2684 ταῦτα
785 2624 901 2707 δρῶσιν,
924 2622 987 2685 ἐπεὶ
1008 2623 1046 2684 τοί
1065 2644 1098 2704 γε
1119 2620 1201 2704 ποίθιγ
1217 2621 1397 2706 θεωροῦμεν.

176 2736 210 2791 90
279 2727 438 2811 ἀπορήσειε
459 2721 488 2787 δ’
516 2724 550 2787 ἄν
572 2747 615 2793 τις
636 2723 684 2786 καὶ
706 2724 771 2807 περὶ
792 2729 850 2787 τῶν
873 2725 1010 2808 όσμητῶν
1033 2725 1058 2787 εί
1080 2721 1156 2787 ἔστιν
1179 2721 1260 2807 sidu·
1284 2725 1332 2788 καὶ
1354 2723 1409 2807 γὰρ
1431 2728 1491 2793 τοῖς

226 2828 334 2893 πάθεσι
357 2829 406 2892 καλ
428 2832 490 2897 ταῖς
512 2829 630 2910 ἡδοναῖς
652 2826 846 2911 διαφέρουσιν,
869 2828 968 2912 ὥσπερ
990 2829 1018 2892 ol
1040 2827 1136 2913 χυλοί.
1179 2826 1228 2890 καλ
1250 2826 1313 2909 ἅμα
1334 2825 1442 2896 δόξειεν
1458 2826 1492 2891 ἂν

225 2931 335 3014 ὁμοίως
358 2928 437 3016 ἔχειν
460 2930 508 2993 ἐπὶ
531 2931 656 2993 πάντων.
701 2930 766 3012 περὶ
789 2929 822 2992 δὲ
847 2934 901 3014 τῆς
926 2930 1021 3013 ὀσμῆς
1048 2929 1092 2994 ὁτι
1119 2930 1172 3013 μὲν
1200 2930 1331 3014 ἀπορροή
1359 2931 1401 3001 τίς
1430 2931 1491 2994 ἐστι
1509 2957 1533 2996 ιι

226 3037 275 3100 καὶ
297 3035 468 3103 ἀνάπνευσις
496 3037 547 3096 τοῦ
577 3032 678 3117 ἀέρος,
705 3033 811 3118 σχεδὸν
839 3034 1032 3117 ὁμολογεῖται.
1074 3035 1108 3097 τδ
1136 3034 1169 3097 δὲ
1196 3033 1358 3118 ἀφομοιοῦν
1386 3039 1491 3119 καπνῷ

226 3139 275 3202 καὶ
298 3138 411 3222 ὁμίχλῃ
433 3135 525 3198 ταύτοί
546 3158 577 3198 τε
598 3135 690 3218 λέγειν
714 3135 767 3199 οῦκ
789 3135 909 3219 ἀληθές.
954 3137 1098 3221 οὐδὲγὰρ
1120 3136 1208 3206 αῦτδς
1229 3137 1360 3221 φαίνεται
1385 3140 1491 3200 ποιεῖν·

178 3277 341 3336 1οὸσαίιτως
358 3273 430 3343 puli
451 3271 463 3341 ll
484 3269 558 3325 ἔπειτ’
579 3271 600 3325 ul
618 3277 721 3340 scripsi:
740 3272 794 3325 ἐπεί
811 3290 836 3325 τι
887 3278 960 3328 caelo
976 3277 1016 3327 1v
1037 3275 1066 3340 2,
1093 3292 1169 3341 quern
1193 3278 1279 3328 locum
1301 3279 1408 3328 omnino
1431 3280 1542 3342 respexit

177 3368 231 3419 PF.
250 3365 303 3417 ἐπεὶ
321 3363 347 3417 δὲ
365 3363 508 3416 Schneider
526 3357 540 3428 ΙΙ
560 3358 648 3412 ὁπείκ”
674 3363 701 3425 (i.
719 3377 742 3413 e.
765 3358 834 3412 ὁπεί-
886 3364 1080 3431 Theophrastus
1104 3360 1118 3432 ΙΙ
1145 3363 1180 3416 10
1197 3359 1254 3415 ὁσον
1273 3361 1303 3414 ἂν
1325 3358 1342 3432 ᾖ
1361 3361 1467 3432 πλησίον
1485 3367 1541 3417 PF:

178 3455 240 3516 κειν)
254 3455 312 3505 PF:
332 3468 398 3503 corr.
412 3449 553 3502 Schneider
568 3444 582 3516 ΙΙ
602 3447 682 3500 θέστι
694 3451 836 3502 Schneider
887 3467 952 3503 corr.
971 3453 1125 3518 Philippson
1144 3470 1177 3503 ex
1195 3454 1274 3503 Arist.
1292 3455 1308 3504 l.
1322 3470 1343 3502 o.
1362 3470 1387 3518 p.
1398 3451 1509 3507 308118
1527 3450 1540 3522 ΙΙ

177 3559 265 3594 errore
292 3542 378 3591 omisit
402 3533 415 3606 ΙΙ
441 3535 457 3588 3
481 3533 656 3603 μαλακότατον
674 3555 712 3603 pr.
735 3538 756 3588 P
781 3533 795 3605 ΙΙ
819 3536 837 3588 4
888 3535 1206 3598 11κα1οὸτοςκάκεῖνος
1227 3542 1280 3590 scil.
1302 3541 1348 3590 τοῦ
1370 3537 1484 3596 πλείονος
1501 3540 1543 3591 καὶ

179 3626 233 3681 οὗθ’
249 3625 316 3685 όλως
327 3629 385 3679 PF:
400 3626 501 3677 correxi
521 3619 535 3690 ΙΙ
555 3627 675 3690 vulgetur
687 3624 837 3676 Schneidcri
888 3624 1017 3684 ἐλάττονος
1036 3629 1066 3678 cf.
1079 3645 1104 3678 v.
1118 3627 1133 3680 9
1154 3627 1168 3693 ΙΙ
1188 3621 1295 3678 ἐνταῦθα
1307 3644 1343 3678 sc.
1356 3622 1488 3695 τιθεμένου
1499 3629 1542 3678 τοῦ

181 3721 328 3771 coniectura
349 3713 378 3766 τδ
407 3711 443 3780 μὴ
467 3711 541 3780 μένον
564 3708 627 3763 ἀλλὰ
649 3707 836 3780 μεθιστάμενον.
887 3712 971 3784 πυρός.
991 3709 1103 3766 lurotu
1119 3717 1150 3766 ci.
1163 3713 1318 3782 Philippson
1339 3712 1352 3783 ΙΙ
1376 3716 1408 3768 1θ
1423 3714 1542 3773 ῶσαότως

179 3816 207 3858 st
241 3807 327 3856 subest
356 3802 515 3852 Aristotelea
542 3801 658 3851 delinitio
686 3798 836 3862 [Meteorol.
887 3806 1052 3869 negationem
1082 3804 1246 3856 desiderabat
1271 3805 1434 3870 Philippsou.
1471 3805 1540 3854 sudi:

179 3894 250 3945 1v4
268 3911 292 3958 ρ.
306 3888 427 3952 381ι11]
446 3883 555 3955 σκληρὸν
573 3886 618 3954 μὲν
631 3884 660 3938 τὸ
679 3885 714 3956 μὴ
734 3884 836 3938 ὑπεῖκον
887 3889 1067 3960 ἐφαρμόσουσιν
1084 3888 1107 3941 οἱ
1123 3887 1200 3958 λόγοι.
1218 3906 1278 3942 narn
1296 3892 1387 3942 eadem
1407 3900 1447 3942 est
1463 3901 1542 3942 terrae

180 3980 214 4037 τίς
236 3975 298 4029 αὑτὸ
323 3975 388 4027 κατὰ
417 3972 446 4026 τὸ
469 3971 596 4037 &suthon
622 3972 736 4041 μαλακὸν
758 3971 785 4025 δὲ
807 3970 836 4024 τὸ
886 3981 971 4030 ratio
999 3994 1126 4030 conversa
1152 3980 1330 4030 tantummodo
1358 3979 1500 4030 directione
1527 3973 1541 4046 ΙΙ

180 4065 283 4119 ὑπεῖκον
300 4070 338 4134 τῷ
351 4061 387 4133 μὴ
402 4057 638 4130 ἀντιπεριίστασθαι,
656 4059 685 4112 τό
702 4061 749 4130 γὰρ
767 4058 835 4131 ὕδωρ
889 4062 921 4117 13
943 4061 1086 4134 οἰσθήσεται
1107 4069 1144 4117 sio
1166 4068 1211 4119 PF
1234 4063 1248 4134 ΙΙ
1271 4066 1303 4118 14
1322 4062 1416 4132 ὁμοίως
1439 4083 1475 4117 so
1494 4063 1542 4135 ἔχει

180 4153 210 4207 οῦ
229 4150 351 4222 μαλακόν·
371 4148 400 4202 eh
418 4150 464 4218 γὰρ
484 4147 579 4200 urrisu
592 4154 624 4218 τῇ
636 4144 719 4216 θλίψει
737 4146 766 4200 τό
784 4146 835 4199 ίπί·
888 4155 919 4204 ci.
937 4153 1039 4205 Vahlen
1058 4154 1139 4219 symb.
1162 4155 1196 4205 sd
1217 4155 1297 4204 Arist.
1316 4161 1386 4219 post.
1403 4154 1446 4203 IV
1458 4152 1508 4205 411
1528 4149 1541 4220 ΙΙ

179 4239 253 4294 πεδον
281 4238 315 4298 τίς
343 4234 420 4307 βάθος
443 4233 499 4288 ἀλλ’
521 4235 734 4305 ἀντιπεριίσταται.
758 4251 835 4303 syno-
886 4235 1123 4291 connecterentur
1146 4238 1221 4291 κάκεῖ
1241 4237 1269 4291 τὸ
1286 4257 1309 4308 γ.
1330 4236 1344 4308 ΙΙ
1366 4239 1399 4294 16
1419 4238 1543 4308 συμβαίνει

179 4345 256 4395 nyma
284 4335 344 4378 sunt
370 4319 594 4393 ἀντιπεριίστασθαι
617 4333 642 4374 st
664 4319 834 4391 ἀντιμεθίστα·
885 4330 920 4380 P:
947 4342 997 4395 σομ
1010 4366 1017 4379 .
1030 4345 1056 4380 ιιι
1069 4365 1098 4379 ..
1117 4330 1290 4379 oblitteratum
1308 4329 1330 4380 F
1350 4324 1365 4396 ΙΙ
1387 4327 1420 4380 17
1439 4325 1544 4396 γιῶδους

179 4411 237 4468 σθαι
265 4417 296 4466 cl.
324 4416 371 4464 Ar.
398 4430 423 4479 p.
442 4409 550 4464 888⁸24
574 4407 589 4479 ll
618 4409 634 4463 5
657 4408 759 4462 ὑπεῖκον
784 4427 835 4462 see·
886 4418 976 4482 supple
990 4412 1142 4484 κοῦφουκαὶ
1155 4413 1244 4484 βαρίος
1262 4417 1293 4466 cf.
1312 4415 1367 4469 r.6
1387 4412 1401 4483 ΙΙ
1424 4416 1458 4469 19
1477 4414 1544 4486 δηλοῖ

179 4505 202 4557 Ρ
223 4520 273 4554 sec.
291 4504 326 4553 Fr
353 4498 463 4552 ὁπείκων
487 4517 525 4564 pr.
547 4501 569 4550 P
593 4501 670 4565 pull
695 4497 708 4567 Η
734 4496 786 4550 ἔστι
808 4497 835 4550 dd
887 4502 933 4572 γὰρ
945 4503 1055 4573 συνάγειν
1068 4501 1112 4554 καὶ
1122 4501 1180 4560 τοδς
1191 4503 1249 4554 PF:
1266 4507 1427 4567 transposuit
1439 4503 1542 4556 Schnei-

178 4593 237 4645 PF:
265 4607 330 4642 corr.
368 4589 509 4641 Schneider
539 4583 552 4654 ΙΙ
581 4587 596 4639 l
620 4584 680 4655 πρὸς
708 4584 835 4656 ἀλλότριον
887 4592 933 4642 der
953 4587 966 4657 ΙΙ
990 4588 1024 4644 25
1043 4590 1087 4658 μὲν
1110 4592 1131 4640 P
1158 4598 1184 4641 et
1206 4607 1283 4658 super
1304 4606 1408 4641 versum
1432 4610 1471 4659 pr.
1489 4595 1511 4646 P
1528 4589 1542 4661 ΙΙ

179 4681 214 4733 P:
237 4676 298 4748 πρός
319 4675 362 4728 τόν
384 4672 512 4744 ἀλλότριον
530 4675 551 4725 P
575 4672 589 4741 Η
616 4675 632 4727 9
656 4672 758 4727 ἔλαττον
776 4686 836 4743 post
887 4675 921 4732 26
939 4675 1095 4748 ὁμολογεῖται
1112 4679 1169 4731 PF:
1189 4674 1352 4746 ὁμολογοῦσιν
1370 4682 1460 4731 nescio
1478 4681 1543 4733 unde

178 4763 208 4818 τὸ
230 4763 256 4817 tl
279 4766 323 4817 PP
342 4773 369 4815 et
385 4761 469 4815 πλεῖον
487 4771 546 4830 post
567 4759 596 4814 τό
615 4760 660 4830 μὲν
678 4766 836 4831 transposuit
886 4765 1036 4818 Schneider.
1060 4763 1221 4835 ὡμολόγηται
1234 4767 1378 4818 Vossianus
1392 4762 1408 4834 ΙΙ
1422 4766 1458 4821 θΊ
1469 4769 1543 4819 ταῦτα

178 4855 341 4920 Philippson
374 4861 400 4902 at
422 4853 488 4916 ignis
506 4853 630 4918 ,exemplo
653 4856 728 4905 letam
751 4854 835 4919 legem
886 4849 913 4904 tl
934 4855 991 4906 PF:
1012 4870 1077 4906 corr.
1097 4855 1184 4919 Ooray

179 4959 232 4994 non
251 4955 436 5006 usquequaque
455 4941 541 4990 valere
560 4941 636 4992 docet
658 4945 690 4993 ci.
709 4944 790 4993 Arist.
809 4942 834 4991 d.
