3442 5588
185 326 248 390 522
269 291 279 299 ⁰
566 329 824 383 nnnornnnsnr
842 331 981 382 Persic.
1000 331 1161 384 01²1n10n.

237 495 269 579 ᾗ.
314 499 351 562 τὰ
374 500 406 562 δέ
427 499 502 564 άλλα
524 501 599 564 κατὰ
620 501 673 586 πἠν
695 501 805 565 τοῦτων
828 499 916 583 μῖξιν·
938 501 998 565 οίον
1021 500 1054 563 τδ
1078 500 1130 582 μέν
1151 499 1319 583 χρυσοειδές
1333 500 1382 564 καὶ
1397 501 1432 564 τὸ
1448 505 1500 565 τοῦ

238 603 351 685 χαλκοῦ
378 603 426 666 καὶ
453 607 510 667 πάν
537 604 570 666 τὸ
592 608 721 668 τοιοῦτον
748 605 782 667 ἐκ
803 607 856 667 τοῦ
877 606 982 667 λευκοῦ
1004 603 1053 666 καὶ
1074 605 1126 664 τοῦ
1148 602 1288 686 ἐρυθροῦ·
1317 602 1351 666 τὸ
1374 601 1507 687 μὲνγὰρ

236 705 367 789 λαμπρὸν
390 703 469 791 ἔχειν
492 706 526 770 ἐκ
547 713 599 771 τοῦ
621 711 742 784 λευκοῦ,
763 708 797 771 τδ
820 707 854 771 δέ
875 705 1037 791 ὑπέρυθρον
1064 704 1123 768 ἀπὸ
1145 709 1197 768 τοῦ
1219 705 1361 790 ἐρυθροῦ·
1388 706 1505 770 πίπτειν

234 804 288 889 γὰρ
311 807 351 876 εἰς
372 809 409 871 τὰ
430 812 500 874 κενὰ
522 815 573 874 τοῦ
594 814 700 875 λευκοῦ
721 811 761 893 τῇ
784 807 856 892 μίξει
878 811 912 873 τδ
934 807 1067 893 ἐρυθρόν.
1105 808 1155 872 ἐὰν
1177 809 1210 871 δέ
1224 806 1377 891 προστεθῇ
1389 808 1506 880 τούτοις

234 907 268 969 τδ
290 910 422 994 χλωράν,
444 913 573 995 γίνεσθαι
594 914 628 977 τδ
650 915 800 977 κάλλιστον
823 916 946 997 χρῶμα,
972 915 1031 976 δεῖν
1053 913 1086 975 δέ
1108 911 1211 996 μικράς
1232 914 1284 975 τοῦ
1306 912 1427 996 χλωροῦ
1448 912 1503 981 τὰς
1537 938 1551 975 ι

234 1011 394 1094 συγκρίσεις
420 1013 507 1079 εἶναι·
537 1017 662 1100 μεγαλας
688 1017 742 1100 γὰρ
772 1015 830 1100 οὐχ
856 1014 918 1079 οἶόν
945 1039 977 1078 τε
1004 1013 1197 1098 συγκειμένων
1220 1014 1298 1077 οὕτω
1319 1018 1370 1077 τοῦ
1391 1016 1504 1077 λευκοῦ

233 1113 281 1176 καὶ
303 1119 356 1178 τοῦ
378 1116 513 1202 ἐρυθροῦ.
557 1118 712 1203 διαφόρους
734 1118 767 1181 δὲ
789 1116 909 1182 ἔσεσθαι
931 1118 982 1187 τὰς
1004 1117 1096 1202 χρέος
1117 1120 1160 1202 τῷ
1188 1116 1276 1180 πλέον
1305 1118 1353 1180 καὶ
1378 1115 1504 1181 ἔλαττον

185 1222 219 1274 ”ll
237 1217 402 1301 λαμβάνειν.
556 1221 590 1283 τὸ
616 1219 650 1283 δέ
676 1225 840 1305 πορφυροῦν
867 1221 903 1284 ἐκ
926 1222 1031 1283 λευκοῦ
1058 1219 1106 1282 καὶ
1135 1219 1258 1302 μέλανος
1283 1219 1332 1283 καὶ
1361 1217 1505 1303 ἐρυθροῦ,

236 1318 372 1402 πλείστην
395 1321 447 1403 μὲν
470 1326 573 1407 μοῖραν
596 1321 715 1407 ἔχοντος
736 1326 788 1386 τοῦ
810 1322 952 1407 ἐρυθροῦ,
975 1322 1087 1407 μακρὰν
1113 1322 1147 1386 δέ
1168 1327 1220 1386 τοῦ
1246 1322 1382 1405 μέλανος,
1406 1321 1504 1404 μέσην

235 1420 268 1482 δέ
290 1425 341 1484 τοῦ
363 1424 483 1487 λευκοῦ·
506 1426 550 1488 διδ
572 1426 621 1489 καὶ
642 1427 699 1509 ἡδῦ
722 1424 876 1510 φαίνεσθαι
897 1425 969 1510 πρὸς
990 1426 1043 1509 τὴν
1065 1423 1211 1507 αἴσθησιν.
1256 1425 1300 1489 ὅτι
1323 1425 1376 1507 μὲν
1399 1423 1450 1488 οῦν
1467 1425 1503 1487 τὸ
1523 1451 1547 1490 ιο

238 1522 327 1605 μέλαν
349 1526 397 1589 καὶ
420 1528 453 1589 τδ
476 1528 599 1612 ἐρυθρὸν
621 1528 702 1614 αὐτῷ
725 1527 891 1612 ἐνυπάρχει,
913 1528 1036 1613 φανερὸν
1059 1526 1131 1592 εἶναι
1153 1528 1192 1609 τῇ
1214 1524 1293 1612 ὄψει,
1314 1528 1388 1591 διότι
1410 1528 1444 1590 δὲ
1467 1527 1503 1589 τὸ

236 1626 354 1705 λευκόν,
382 1629 415 1690 τὸ
441 1631 573 1715 λαμπρὸν
601 1631 650 1694 καὶ
676 1631 791 1714 διαυγὲς
817 1631 979 1713 σημαίνειν·
1009 1635 1101 1695 ταῦτα
1127 1631 1181 1714 γὰρ
1207 1636 1298 1694 ποιεῖν
1324 1631 1358 1692 τδ
1384 1630 1500 1694 λευκόν.

233 1728 286 1811 την
309 1727 335 1792 δ’
357 1729 447 1794 ίοατιν
469 1733 503 1796 ἐκ
525 1735 648 1816 μέλανος
669 1734 783 1819 σφόδρα
804 1733 853 1797 καὶ
875 1736 1004 1818 χλωροῦ,
1026 1732 1145 1796 πλείονα
1167 1732 1200 1795 δὲ
1223 1737 1325 1818 μοῖραν
1348 1729 1427 1817 ἔχειν
1447 1736 1502 1795 τοῦ

235 1829 369 1912 μέλανος·
392 1835 426 1896 τδ
450 1835 482 1898 δὲ
503 1837 639 1919 πράσινον
662 1837 696 1900 ἐκ
719 1840 869 1921 πορφυροῦ
891 1836 939 1900 καὶ
962 1840 1015 1920 τῆς
1037 1835 1177 1913 ίσάτιδος,
1206 1836 1225 1919 ἢ
1250 1834 1284 1899 ἐκ
1306 1838 1425 1920 χλωροῦ
1449 1835 1499 1899 καὶ

234 1936 468 2019 πορφυροειδοῦς.
505 1939 538 2000 τδ
561 1939 614 2022 γάρ
638 1939 717 2003 θεῖον
740 1937 813 2002 εἶναι
834 1942 962 2002 τοιοῦτον
984 1939 1033 2002 καί
1056 1937 1188 2023 μετέχειν
1210 1942 1262 2001 τοῦ
1284 1940 1431 2023 λαμπροῦ.
1465 1938 1499 2001 τδ
1521 1966 1547 2006 ιι

235 2036 268 2099 δὲ
290 2041 413 2101 κυανοῦν
435 2036 465 2107 ἐξ
488 2038 613 2111 ίσάτιδος
636 2042 683 2105 καὶ
707 2044 868 2126 πυρώδους,
890 2042 1052 2127 σχημάτων
1075 2041 1108 2104 δέ
1129 2044 1291 2126 περιφερῶν
1313 2042 1362 2106 καὶ
1385 2042 1499 2127 βελονο·

183 2146 217 2199 78
233 2140 331 2217 ειδιῦν,
354 2140 434 2210 ὅπως
455 2144 488 2205 τδ
511 2143 624 2228 στίλβον
647 2146 691 2230 τῷ
714 2145 815 2228 μέλανι
835 2144 901 2227 ἐνῇ.
1052 2143 1085 2206 τὸ
1108 2143 1141 2206 δέ
1162 2142 1295 2226 καρῦινον
1317 2145 1351 2207 ἐκ
1377 2146 1499 2229 χλωροῦ

232 2241 281 2304 καί
296 2246 490 2314 κυανοειδοῦς·
524 2245 574 2310 ἐὰν
597 2248 630 2310 δέ
640 2246 663 2330 †
674 2249 790 2333 χλωρὸν
807 2247 915 2332 μιχθῇ,
937 2245 1103 2332 φλογοειδὲς
1116 2245 1256 2327 γίνεσθαι,
1279 2245 1312 2308 τδ
1327 2246 1380 2330 γὰρ
1396 2246 1500 2311 ἄσκιον

234 2344 281 2406 καί
305 2345 492 2431 μελανόχρων
515 2346 703 2432 ἐξείρχεσθαι.
748 2350 853 2435 σχεδὸν
876 2349 910 2412 δέ
931 2348 980 2412 καὶ
1001 2347 1034 2410 τδ
1057 2346 1179 2431 ἐρυθρὸν
1206 2353 1249 2432 τῷ
1272 2350 1368 2435 λευκῷ
1391 2350 1502 2434 μιχθὲν

236 2446 296 2530 (τὸ)
318 2450 434 2533 χλωρδν
456 2455 547 2514 ποιεῖν
570 2451 671 2535 εὐαγὲς
698 2452 747 2515 καὶ
775 2451 809 2515 οῦ
837 2452 942 2534 μέλαν·
970 2450 1015 2513 διδ
1041 2450 1089 2514 καὶ
1116 2449 1153 2513 τὰ
1179 2449 1311 2534 φυόμενα
1339 2452 1444 2536 χλωρὰ
1465 2454 1501 2517 τὸ
1520 2481 1545 2520 τι

233 2553 347 2632 πρῶτον
380 2549 452 2615 εἶναι
486 2554 542 2637 πρὸ
576 2559 628 2617 τοῦ
663 2554 863 2639 θερμανθῆναι
894 2554 942 2617 καὶ
961 2550 984 2633 †
1003 2551 1180 2636 διαχεῖσθαι.
1223 2553 1271 2616 καὶ
1304 2553 1413 2638 πλήθει
1447 2556 1501 2637 μέν

231 2653 376 2717 τοσούτων
399 2655 590 2740 ἐπιμέμνηται
614 2659 790 2741 χρωμάτων,
812 2656 918 2740 ἄπειρα
940 2656 974 2719 δὲ
994 2653 1067 2718 εἶναι
1088 2655 1136 2718 καὶ
1152 2656 1189 2720 τὰ
1203 2659 1348 2741 χρώματα
1368 2657 1416 2720 καὶ
1431 2659 1502 2729 τοὺς

232 2756 340 2838 χυλοὺς
361 2757 435 2820 κατὰ
457 2757 509 2826 τὰς
532 2756 631 2840 μίξεις,
653 2759 703 2823 ἐάν
726 2784 768 2830 τις
788 2760 825 2824 τὰ
847 2760 899 2842 μὲν
923 2757 1055 2842 ἀφαιρῇ,
1077 2758 1113 2822 τὰ
1135 2758 1169 2823 δέ
1190 2758 1347 2842 προστιθῇ,
1368 2760 1418 2822 καὶ
1439 2766 1500 2824 τῶν

233 2856 284 2938 μὲν
314 2855 432 2924 ἔλαττον
456 2861 564 2945 μίσγη,
590 2866 648 2926 τῶν
679 2863 712 2926 δέ
737 2867 846 2927 πλεῖον.
890 2862 978 2926 οὐθὲν
1007 2861 1062 2946 γὰρ
1091 2861 1191 2944 ὅμοιον
1222 2860 1342 2926 ἔσεσθαι
1372 2862 1497 2947 θάτερον

228 2959 354 3047 θατέρῳ.
1515 2995 1540 3034 ος

337 3064 457 3149 Πρῶτον
473 3067 525 3150 μὲν
548 3066 598 3131 οῦν
621 3069 654 3130 τδ
677 3069 792 3138 πλείους
815 3068 974 3131 ἀποδοῦναι
996 3067 1047 3136 τὰς
1070 3067 1165 3152 άρχυλς
1188 3064 1251 3151 ἔχει
1274 3067 1336 3130 τινὰ
1358 3068 1496 3152 ἀπορίαν·

231 3170 259 3231 οἱ
287 3168 340 3252 γὰρ
369 3167 452 3231 ἄλλοι
480 3170 513 3232 τὸ
543 3170 646 3234 λευκὸν
675 3171 723 3234 καλ
749 3172 783 3234 τὸ
809 3170 898 3253 μέλαν
929 3172 970 3239 ὡς
997 3169 1107 3233 τούτων
1135 3171 1236 3233 ἁπλῶν
1269 3168 1359 3233 ὄντων
1389 3171 1496 3253 μόνων.

229 3269 329 3334 ἔπειτα
351 3273 384 3333 τὸ
413 3272 453 3356 μὴ
486 3276 556 3335 πᾶσι
585 3278 644 3343 τοῖς
672 3276 786 3344 λευκοῖς
812 3273 879 3357 μίαν
908 3276 1028 3355 ποιῆσαι
1055 3272 1108 3356 τὴν
1137 3274 1268 3357 μορφήν,
1302 3271 1365 3336 ἀλλ’
1394 3274 1495 3358 ἑτέραν

177 3447 378 3457 -..·——--
886 3447 1087 3455 .--..---

177 3539 260 3610 θέχει
277 3541 334 3593 PF:
358 3557 423 3590 corr.
442 3540 574 3590 Camotius
591 3536 603 3607 Η
618 3538 667 3591 ἀπὸ
684 3545 729 3591 τοῦ
741 3538 835 3610 θερμοῦ
884 3538 939 3609 μελ.
950 3535 1098 3612 ἐξείρχεσθαι
1108 3541 1139 3591 es.
1149 3557 1174 3605 p·
1180 3537 1240 3599 513,
1250 3539 1273 3591 θ.
1290 3536 1364 3591 πλέον
1376 3553 1435 3607 poet
1444 3539 1545 3610 χλωρὸν

177 3631 235 3680 PF:
265 3645 329 3679 corr.
363 3627 496 3678 Burehard
527 3626 541 3695 Η
570 3627 586 3680 5
614 3625 650 3678 δεῖ
678 3630 735 3681 PF:
768 3647 835 3680 corr.
885 3630 999 3680 additum
1024 3628 1128 3678 volebat
1151 3627 1305 3690 Schneider;
1332 3626 1361 3679 τὸ
1390 3628 1436 3697 γάρ
1465 3630 1543 3681 κατιέ-

178 3716 321 3768 Schneider
350 3711 362 3781 Η
392 3714 408 3766 ’ί
440 3712 567 3783 διαφοραῖς
594 3717 650 3767 PF:
682 3731 747 3766 corr.
776 3717 832 3769 Ste—
883 3717 1077 3769 σκιονΜυΙΙευλ
1092 3711 1385 3785 Ητὸχὰμ-ἐξιίρχεσθαι
1398 3732 1449 3767 om.
1462 3720 1546 3783 prime

178 3804 277 3868 phanee
304 3799 316 3869 Η
342 3804 357 3856 9
382 3803 482 3871 μακρὰν
504 3820 542 3869 pr.
561 3805 617 3855 PF:
641 3802 733 3870 μικρὰν
757 3804 775 3865 (ι
792 3821 834 3855 en·
885 3806 923 3866 P,
954 3812 1007 3854 tum
1039 3820 1127 3855 errore
1155 3805 1335 3855 animadverso
1366 3805 1482 3869 syllabae
1512 3802 1544 3870 χί,

179 3891 285 3955 persor.)
295 3906 345 3940 see.
356 3893 386 3942 P.
400 3901 427 3942 at
436 3894 484 3942 atri
495 3892 648 3956 permultum
659 3894 742 3942 inesse
753 3893 834 3942 elucet
885 3908 951 3956 qnae
975 3901 1013 3942 eat
1030 3894 1057 3942 in
1074 3893 1126 3942 line
1144 3908 1241 3954 verane,
1259 3888 1344 3943 νεοθαι
1355 3888 1385 3942 τὸ
1397 3889 1443 3959 γάρ
1456 3888 1544 3942 ἄσκιον

175 3995 208 4029 ex
240 3997 264 4028 ν.
291 3979 320 4030 11
354 3977 366 4045 Η
399 3979 477 4047 μέσην
509 3981 531 4028 F
562 3981 579 4029 i.
610 3995 632 4029 e.
666 3977 833 4030 mediocrem:
884 3977 928 4030 καὶ
946 3975 1108 4049 μιλακόχρων
1131 3982 1158 4030 in
1180 3995 1244 4045 mig.
1268 3981 1442 4040 continuavit,
1464 3975 1543 4047 ἐξαίρχ

174 4065 250 4132 μέσον
275 4068 296 4118 Ρ
326 4061 338 4132 Η
369 4069 400 4117 11
430 4063 501 4117 αῦτῶ
523 4068 544 4117 F
572 4082 653 4132 paene
681 4068 832 4118 evanidam:
884 4075 970 4117 antem
992 4081 1067 4117 erasa
1089 4068 1174 4118 littera
1196 4084 1210 4116 ν
1234 4068 1277 4129 (ex
1302 4061 1410 4134 γίνεσθαι
1428 4067 1543 4128 residua)

175 4156 266 4205 om.P
297 4150 309 4217 Η
337 4153 369 4204 13
388 4151 489 4205 πλείονα
509 4157 544 4206 P:
566 4151 647 4205 πλοίω
670 4157 706 4205 aie
724 4156 745 4206 F
765 4150 779 4220 Η
800 4153 833 4207 15
883 4154 997 4219 syllabae
1016 4149 1087 4205 εσθαι
1103 4155 1224 4220 praefixit
1244 4150 1256 4221 Η
1277 4151 1312 4206 10
1328 4151 1357 4205 τὸ
1375 4163 1434 4220 poet
1452 4149 1543 4222 μιχθὲν

173 4242 303 4306 sulphuris
339 4243 484 4306 exemplum
521 4245 567 4293 vix
605 4243 732 4306 quadrare
768 4243 833 4293 vidit
883 4242 943 4292 add.
960 4242 1094 4292 Burehard
1112 4236 1124 4309 Η
1139 4239 1171 4293 11
1190 4238 1328 4310 διαχεῖσθαι
1345 4244 1439 4292 frustra
1457 4250 1543 4293 tuetur

173 4329 307 4380 Burehard
340 4338 399 4379 ante
430 4326 459 4381 τὸ
486 4329 532 4398 γὰρ
555 4330 680 4380 excidiaee
703 4330 830 4393 quaedam
884 4329 1001 4380 Mullach
1020 4347 1045 4394 p.
1059 4326 1119 4381 355.
1138 4345 1172 4379 an
1190 4325 1363 4380 diezelrednr?
1378 4326 1390 4395 Η
1407 4325 1441 4378 11
1453 4329 1541 4379 τοσοῦ·

173 4419 326 4481 inspicatur.
364 4434 422 4467 cum
445 4421 482 4467 eie
502 4433 568 4480 qnae
586 4418 659 4466 addit
681 4415 711 4467 ἐκ
729 4412 845 4485 χλωροῦ·
882 4430 925 4465 τον
939 4412 1100 4482 ἐπιμέμικται
1112 4418 1169 4468 PF:
1189 4433 1255 4468 corr.
1267 4417 1410 4469 Schneider
1423 4409 1438 4481 Η
1454 4413 1543 4467 καὶτὰ

176 4504 220 4555 κοιλ
239 4502 430 4572 πορφυροειδοῦς
444 4504 601 4555 ευθνίτῖδεω
614 4505 726 4555 celerem
739 4505 829 4554 dietin-
883 4500 1008 4572 χρώματα
1032 4505 1067 4556 P:
1095 4502 1128 4554 τὰ
1150 4502 1275 4574 χρώματα
1298 4505 1319 4555 F
1340 4499 1354 4569 Η
1374 4501 1408 4556 13
1432 4503 1476 4554 καὶ
1498 4501 1542 4560 τὰς

174 4599 248 4656 gual,
277 4590 378 4642 conicio
406 4590 448 4643 τὸν
475 4592 521 4659 γὰρ
551 4589 587 4642 ίὸν
611 4589 775 4657 nminem,
804 4594 831 4642 in
883 4592 961 4655 μεθ
983 4586 996 4658 Η
1017 4586 1051 4642 14
1070 4589 1164 4659 μίσχιιν
1186 4593 1243 4644 PF:
1268 4608 1333 4642 corr.
1357 4591 1503 4643 Schneider
1526 4586 1540 4658 Η

173 4694 250 4742 qnam
268 4680 391 4744 splendor
409 4688 477 4730 certe
503 4681 573 4730 eadit
587 4675 599 4745 Η
616 4678 648 4731 16
663 4675 830 4745 βιλωνυειδῶν
882 4675 917 4730 15
935 4674 1042 4747 θατέρου
1055 4681 1115 4730 PF:
1135 4696 1185 4729 om.
1201 4682 1337 4731 Veniant
1349 4695 1415 4730 corr.
1428 4679 1538 4730 Schnei-

172 4767 194 4816 P
217 4761 230 4830 Η
252 4765 285 4818 18
303 4770 418 4834 suspicor
441 4766 483 4818 ἐὰν
501 4765 527 4818 δὲ
546 4764 590 4816 καὶ
608 4761 721 4834 λαμπρὸν
740 4762 829 4835 μιχθῇ,
881 4766 927 4816 der
943 4761 954 4832 Η
970 4765 1004 4819 16
1022 4766 1067 4823 τὰς
1085 4765 1164 4835 ἀρχὰς
1183 4770 1215 4819 cf.
1234 4766 1294 4830 §59
1313 4765 1370 4818 τότε
1387 4763 1478 4818 λευκὸν
1496 4764 1540 4818 καὶ

173 4850 313 4921 φλογοειδὲς
331 4850 439 4921 γίνεσθαι
457 4857 542 4918 (τοῦτο
559 4852 605 4921 γὰρ
623 4851 719 4917 ἄσκιον)
739 4853 782 4906 καὶ
800 4852 829 4905 τὸ
880 4850 909 4904 τὸ
922 4850 1001 4920 μέλαν
1013 4852 1089 4922 ἀρχαί
1107 4857 1138 4905 ci.
1151 4856 1222 4906 Prel.
1236 4873 1261 4920 p.
1274 4851 1340 4905 1111
1363 4850 1375 4918 Η
1397 4851 1430 4905 17
1451 4851 1540 4905 ἁπλῶν

173 4936 337 5012 μελανόχρων
355 4938 503 5011 ἐξείχρεσθαι
521 4944 563 4992 νε1
580 4945 618 5009 τῷ
636 4940 682 5009 γὰρ
702 4940 781 5014 άσκίιρ
800 4940 828 4995 τὸ
879 4944 917 4992 sic
930 4943 973 4995 I'F
987 4937 999 5005 Η
1015 4939 1048 4994 18
1060 4939 1089 4992 τὸ
1102 4940 1147 5010 μέν
1160 4958 1196 5009 pr.
1210 4943 1266 4995 PF:
1286 4959 1352 4993 corr.
1365 4943 1457 4993 eadem
1470 4943 1538 5010 pnF
