3442 5588
252 299 316 363 230
489 301 568 349 xvu
603 298 652 348 ns
673 293 922 350 vurnsrounu
941 298 1179 350 ruscmounu
1196 295 1377 349 cosumus

252 469 407 549 sphaeriis
431 470 511 532 coeli
532 468 667 548 sphaera
688 467 827 530 solidata
850 477 894 529 est
916 473 945 528 et
966 465 1036 528 ideo
1058 464 1112 527 nbi
1133 482 1210 528 orae
1231 468 1384 548 utrimque
1405 476 1611 530 conuenerant

253 571 420 635 notabilem
444 572 617 634 claritatem
639 569 749 631 uideri.

338 673 533 736 Diodorus
560 673 658 751 misem
685 690 752 733 esse
780 672 923 733 dumetae
951 680 1171 752 concretaeque
1199 679 1333 735 naturae
1355 673 1388 734 in
1409 690 1505 733 unam
1526 675 1615 735 curos·

255 777 361 839 linitis
393 777 531 839 semitam
560 773 748 835 discretione
777 773 953 836 mundanae
982 774 1124 852 taonem
1151 783 1355 837 coaceruante
1382 782 1560 837 concretum
1586 783 1616 837 et

254 879 324 941 ideo
346 881 445 941 cisum
467 879 613 940 intuentis
636 875 797 938 admittere
819 877 938 956 reliquo
960 878 1029 955 igne
1053 877 1177 938 caelesti
1200 876 1296 939 lucem
1317 896 1406 940 mam
1425 878 1524 939 nimia
1537 875 1615 939 sub-

255 983 366 1044 tilitate
388 980 534 1061 diffusam
555 997 624 1040 non
645 978 814 1041 subiciente
837 982 1023 1058 conspectui.

340 1084 577 1146 Democritus
599 1083 777 1144 innumeras
798 1082 905 1144 stellas
927 1080 1093 1161 breuesque
1115 1100 1218 1144 omnes
1242 1101 1321 1162 qliae
1340 1085 1445 1163 spisse
1464 1090 1567 1144 tractis
1581 1085 1614 1144 in

254 1205 348 1248 unnim
372 1193 500 1247 coactae
521 1185 633 1265 spatiis
657 1202 736 1265 quae
758 1186 977 1264 angustissima
999 1185 1183 1247 interiacent
1206 1187 1322 1264 opertis
1340 1187 1463 1248 uicinae
1477 1186 1539 1248 sibi
1552 1204 1615 1246 un-

257 1289 349 1368 dique
372 1295 400 1348 et
422 1288 493 1348 ideo
513 1289 632 1366 passim
652 1284 785 1369 diffusae
807 1287 885 1349 inab
907 1289 1071 1366 asperptne
1092 1289 1268 1349 continuum
1287 1289 1383 1349 iuncti
1400 1287 1526 1350 luminis
1541 1306 1615 1350 cor·

215 1448 216 1452 ,
256 1409 316 1470 pus
339 1389 511 1452 ostendunt.

340 1493 396 1555 sed
416 1492 642 1554 Posidonius
658 1492 746 1552 cuius
761 1491 932 1572 definitioni
945 1493 1083 1573 plurium
1098 1510 1264 1554 consensus
1280 1494 1411 1555 accessu
1425 1494 1471 1555 ait
1487 1492 1616 1554 lacteum

258 1595 374 1657 coloris
396 1614 463 1657 esse
483 1595 599 1656 siderei
621 1593 807 1672 infusionem
830 1614 921 1676 quam
943 1597 1013 1658 ideo
1038 1593 1171 1657 aduerso
1192 1593 1324 1658 zodiaco
1350 1641 1358 1656 .
1382 1639 1390 1656 .
1415 1639 1422 1655 .

346 1693 540 1760 Posidonius
563 1693 693 1758 ultimus
715 1694 853 1777 ideoque
875 1695 1017 1779 priorum
1040 1693 1226 1778 opinionum
1248 1696 1341 1761 testis
1363 1701 1423 1761 est.
1467 1694 1555 1778 quod
1576 1714 1617 1761 ex

257 1796 385 1862 Achille
407 1795 646 1861 Posidonisnae
675 1794 842 1862 doctrinae
871 1797 991 1864 referto
1022 1796 1204 1881 probamus.
1252 1797 1306 1880 qui
1333 1796 1461 1862 tabulas
1489 1815 1556 1860 non
1583 1802 1618 1861 ut

257 1900 313 1964 ille
335 1898 449 1964 reticet
471 1917 496 1962 c.
514 1897 556 1961 24
579 1918 609 1979 p.
628 1897 717 1960 146ο
739 1898 824 1981 Pet,
851 1899 909 1965 sed
931 1897 1155 1964 Eratosthenis
1177 1897 1371 1964 Mercurium
1394 1897 1616 1982 pobtndrspcu¹

256 2001 360 2066 affert.
398 2006 466 2065 tum
489 2019 521 2082 p.
538 1999 629 2062 1471
652 1998 770 2081 pergit:
803 2000 886 2064 ἄλλοι
909 2002 942 2063 δὲ
964 2001 997 2064 ἐκ
1018 2005 1070 2084 τῆς
1094 2003 1243 2087 συμβολῆς
1263 2006 1322 2065 τῶν
1345 2000 1398 2065 δύο
1419 2001 1617 2086 ἡμισφαιρίων

256 2104 387 2185 λέγουσιν
401 2102 489 2165 αὐτὸν
505 2101 659 2185 γεγονέναι.
692 2101 775 2167 haec
790 2109 840 2168 est
854 2121 950 2185 quam
966 2103 1149 2170 Macrobius
1164 2102 1243 2170 dicit
1258 2101 1476 2187 Theophrasti
1497 2102 1617 2186 opinio.

257 2204 369 2270 eredat
400 2202 450 2268 cni
484 2201 583 2268 lubet.
631 2203 778 2286 equidem
813 2225 884 2270 curn
914 2212 1040 2270 tantum
1069 2206 1111 2271 ab
1140 2205 1316 2272 Aristotele
1346 2202 1540 2287 discipulum
1570 2221 1618 2269 re

257 2305 392 2371 cessisse
406 2325 533 2389 negem,
549 2307 657 2390 potius
673 2304 774 2370 fontis
790 2308 1001 2373 certissimum
1016 2305 1169 2371 indicium
1184 2313 1291 2391 teneo,
1307 2306 1393 2371 unde
1408 2304 1617 2389 physicorum

259 2406 427 2490 opiniones
444 2408 643 2493 deprompsit
662 2409 865 2474 Posidonius.
894 2409 1073 2475 Diodorum
1087 2428 1186 2493 supra
1201 2408 1339 2474 tractavi
1353 2429 1386 2492 p.
1395 2408 1446 2492 32,
1468 2406 1523 2489 qui
1542 2424 1618 2470 num

261 2527 353 2573 suam
376 2528 419 2573 an
441 2510 582 2575 alienam
604 2511 790 2595 opinionem
812 2512 957 2596 proferet
971 2510 1092 2576 neseio.
1127 2510 1303 2577 Democriti
1320 2510 1428 2594 opinio
1443 2514 1620 2594 propterea

259 2618 309 2676 est
323 2611 553 2696 memorabilis,
576 2612 651 2694 quia
667 2612 860 2679 Aristoteles
874 2614 1103 2695 Anaxagoram
1125 2619 1158 2679 et
1173 2611 1392 2678 Democritum
1407 2610 1513 2676 minus
1527 2628 1620 2675 accu-

257 2719 328 2778 rate
356 2713 521 2779 coniunxit
547 2715 715 2780 meteorol.
732 2714 783 2779 18
806 2736 837 2799 p.
854 2717 934 2780 345·
950 2714 1028 2781 25.ι
1058 2714 1116 2779 sed
1138 2721 1269 2797 praeter
1290 2712 1489 2779 Macrobium
1521 2712 1620 2778 etiam

258 2815 402 2880 Achilles
432 2815 609 2882 Democriti
640 2815 794 2900 placitum
824 2818 928 2883 celato
957 2816 1088 2882 nomine
1116 2817 1221 2899 tangit
1248 2839 1279 2901 p.
1298 2817 1387 2881 147ο
1417 2815 1502 2880 ἄλλοι
1530 2818 1564 2880 δὲ
1586 2818 1620 2881 ἐκ

259 2923 369 3002 μικρῶν
399 2920 473 2982 πάνυ
500 2921 549 2984 καὶ
580 2919 813 3002 serentapicum
838 2920 887 2984 nai
913 2923 982 3003 ἡμῖν
1005 2919 1167 2983 δοκούντων
1190 2921 1324 3005 ἡνῶσθαι
1347 2918 1394 2982 διὰ
1416 2920 1450 2982 τὸ
1472 2920 1621 3003 διάστημα

257 3023 290 3083 τὸ
315 3022 373 3083 ἀπὸ
395 3027 447 3084 τοῦ
469 3022 593 3106 οὐρανοῦ
622 3023 669 3084 ἐπὶ
697 3022 749 3105 τὴν
780 3026 834 3104 γῆν
866 3023 995 3106 ἀστέρων
1023 3022 1120 3085 αὐτῶν
1147 3020 1222 3084 εἶναί
1246 3042 1333 3106 φασιν
1362 3025 1402 3091 ῶς
1430 3020 1526 3091 εἴτις
1553 3021 1619 3085 eust

258 3125 373 3192 λεπτοῖς
396 3147 427 3187 τι
449 3124 496 3186 καλ
518 3127 636 3193 πολλοῖς
658 3123 835 3187 καταπάσειέ
856 3148 893 3186 τι.
931 3123 996 3188 iam
1023 3124 1150 3189 Placita
1177 3140 1354 3206 componas
1376 3122 1425 3187 III
1447 3126 1501 3187 16
1523 3124 1619 3207 Anub-

260 3248 354 3308 κριτος
376 3228 492 3288 πολλῶν
515 3228 563 3289 κοιλ
586 3231 696 3310 μικρῶν
718 3227 767 3289 καὶ
790 3229 920 3309 συνεχῶν
940 3227 1069 3311 ἀστέρων
1085 3226 1350 3312 συμφωτιζομένων
1366 3227 1504 3311 ἀλλήλοις
1519 3248 1618 3291 συναυ

258 3329 369 3415 paophi
392 3329 439 3390 διὰ
461 3330 514 3411 τὴν
536 3329 692 3392 πύκνωσιν.
726 3328 931 3394 continuatur
952 3328 1050 3393 etiam
1073 3328 1126 3394 hic
1146 3329 1201 3408 §8
1224 3327 1369 3393 ultimum
1385 3327 1553 3394 Posidonii
1568 3328 1618 3395 de

254 3435 392 3513 eretum,
415 3429 540 3495 sedita
561 3437 596 3494 ut
619 3431 756 3496 obscura
777 3430 879 3495 latina
900 3430 1002 3496 verba
1023 3433 1140 3495 catoris
1161 3433 1276 3494 siderei
1297 3431 1483 3510 infusionem
1504 3430 1617 3498 melius

258 3531 488 3614 intellegantur
510 3534 616 3616 πυρὸς
638 3533 820 3616 σύστασιν,
847 3532 975 3617 ἄστρου
999 3535 1051 3616 μὲν
1074 3533 1242 3616 μανωτέραν
1264 3533 1356 3617 αὐγῆς
1378 3533 1411 3596 δὲ
1432 3534 1616 3617 πυκνοτέραν.

258 3634 384 3697 Placita
407 3634 462 3715 §2
484 3634 762 3717 Pythagoreorum
790 3634 959 3718 opiniones
987 3636 1126 3701 reddunt
1154 3635 1287 3700 easdem
1317 3653 1399 3717 quas
1426 3632 1618 3702 Aristoteles

258 3735 278 3798 l.
295 3754 322 3799 o.
345 3755 375 3817 p.
393 3735 473 3800 345·
490 3738 531 3800 lb
553 3736 656 3802 affert.
690 3738 795 3802 altera
818 3744 880 3802 ost:
903 3739 931 3800 οἱ
954 3738 986 3800 δὲ
1008 3740 1056 3801 τὸν
1079 3739 1200 3821 ἡλιακὸν
1223 3738 1314 3821 ταύτῃ
1337 3737 1409 3822 φασὶ
1430 3735 1496 3800 κατ’
1525 3739 1617 3823 ἀρχὰς

258 3837 401 3918 γεγονέναι
431 3839 548 3921 δρόμον.
582 3859 699 3904 nomen
722 3838 873 3904 discimus
902 3859 942 3904 ex
964 3839 1091 3905 Achille
1114 3860 1145 3922 p.
1162 3840 1253 3904 1471
1286 3838 1377 3922 ἕτεροι
1400 3838 1432 3900 δέ
1460 3860 1548 3922 φασιν
1578 3842 1617 3904 ῶν

258 3938 388 4002 ἐστικαὶ
412 3939 602 4024 Οἰνοπίδης
624 3943 640 4005 b
664 3939 751 4010 Χῖος
774 3941 817 4004 ὅτι
839 3942 977 4025 πρότερον
1000 3943 1074 4005 κατὰ
1096 3943 1198 4006 τούτου
1222 3941 1341 4025 ἐφέρετο
1362 3943 1378 4004 ὁ
1401 3942 1494 4023 ἥλιος,
1517 3941 1619 4006 διὰδὲ

257 4043 293 4104 τὰ
317 4042 456 4106 Θυέστεια
480 4046 580 4108 δεῖπνα
602 4045 773 4129 ἀπεστράφη
796 4045 858 4106 κτλ.

342 4144 547 4211 Manifestius
570 4153 619 4211 est
633 4146 723 4211 aliud
738 4146 920 4229 exemplum
936 4144 1120 4212 Aristotelis
1136 4165 1194 4229 per
1210 4144 1419 4211 Posidonium
1435 4148 1619 4232 propagati.

257 4244 290 4307 in
307 4246 438 4311 scholiis
450 4246 541 4312 Arati
556 4269 586 4312 v.
602 4249 682 4313 1091
699 4269 731 4331 p.
745 4250 816 4332 151,
834 4251 872 4313 17
888 4248 993 4314 Bekk.
1006 4248 1285 4333 Pythagoreorum
1297 4249 1475 4315 Democriti
1490 4249 1621 4318 Anaxa·

257 4367 356 4428 gorae
365 4349 572 4432 Hippocratis
586 4351 626 4416 de
639 4351 771 4416 cometis
784 4350 953 4434 opiniones
964 4357 1182 4444 recensentur.
1203 4351 1273 4417 sine
1285 4351 1416 4434 negotio
1425 4352 1621 4440 Aristotelis,

258 4471 569 4480 -—-—.--——...—.——.
575 4474 658 4481 ..--.-

331 4520 336 4550 ¹
358 4525 388 4572 cf.
407 4525 487 4574 schol.
501 4526 573 4575 Aret.
589 4543 612 4574 ν.
623 4525 675 4578 476
693 4543 717 4591 ρ.
729 4527 770 4587 94,
781 4526 825 4577 4Β
844 4521 1021 4593 Ἐρατοσθένης
1033 4525 1059 4578 δέ
1073 4540 1133 4594 φησι
1152 4523 1294 4592 μυθικῶς
1312 4524 1387 4578 αὑτὸν
1399 4525 1560 4596 διηγοθμννος
1574 4527 1623 4581 ὑπὸ

256 4610 301 4658 τοῦ
319 4610 364 4675 τῆς
377 4605 455 4678 ’Ήρας
471 4609 594 4679 γάλακτος
612 4609 757 4680 γεγενῆσθαι
768 4610 925 4681 ἐκχυθέντος.
940 4612 1031 4680 ἤκουσε
1043 4613 1088 4681 γὰρ
1101 4612 1168 4681 παρὰ
1185 4617 1230 4664 τοῦ
1237 4609 1329 4681 Ἑρμοῦ
1347 4611 1385 4666 ὅτι
1402 4612 1450 4666 obn
1469 4613 1530 4673 ῐθιός
1547 4616 1622 4669 ἐστιν.

257 4697 289 4745 ei.
308 4698 439 4749 Eratosth.
459 4717 535 4750 carm.
556 4703 585 4750 fr.
599 4701 626 4750 11
645 4717 670 4764 p.
685 4702 772 4753 bHill.

328 4782 408 4847 2υυο
428 4789 482 4837 inre
501 4789 601 4837 Zellero
627 4790 796 4851 posteriorum
820 4793 944 4841 memoris
967 4791 998 4840 dc
1021 4791 1170 4842 Democrito
1195 4790 1245 4841 hoc
1264 4790 1411 4843 Aristotelis
1434 4792 1494 4843 loco
1513 4793 1563 4844 uiti
1581 4795 1622 4847 vi-

257 4872 347 4921 deatur
366 4870 409 4937 [1⁴
422 4870 502 4938 8032]
520 4876 614 4924 trustra
633 4890 738 4940 quaero.
