3464 5586
185 299 246 362 106
392 304 460 353 VIII
496 304 545 353 DE
565 302 821 354 THEOPHRASTI
840 301 1073 354 PHYSICORUM
1093 302 1330 354 OPINIONIBUS

184 476 319 553 spectat.
353 472 412 538 scd
433 471 468 537 in
489 469 719 557 metaphysicis
740 470 915 556 praecipue
937 477 970 537 et
991 469 1069 536 alibi
1090 468 1268 537 identidem
1297 469 1422 537 semina
1446 490 1543 555 qnae-

185 572 260 638 dam
283 572 439 640 historiae
460 572 724 659 philosophorum
739 574 867 658 sparsit,
889 593 973 657 quae
988 592 1009 639 a
1023 570 1181 656 discipulo
1196 572 1284 639 haud
1298 592 1379 640 eane
1392 573 1544 656 neglecta

185 682 269 741 sunt.
307 675 346 742 cf.
370 676 414 742 ad
435 675 473 742 fr.
500 679 528 743 1.
550 679 580 743 4.
604 679 633 742 6.
658 678 686 742 1.
710 678 741 744 8.
764 678 795 743 9.
819 679 869 741 11.
892 676 943 742 22.
966 672 1043 741 23.ι
1080 692 1181 757 quare
1203 674 1301 741 etiam
1323 682 1422 759 atque
1444 673 1543 741 etiam

184 778 363 844 cavendnm
386 784 436 844 est
458 799 500 845 ne
522 785 655 863 propter
674 777 859 845 Aristotelis
880 776 1121 843 similitudinem
1143 777 1246 843 solam
1268 777 1302 844 in
1325 776 1544 862 Simplicianis

182 877 372 960 fragmentis
392 879 602 966 interpretem
618 882 836 967 potiusquam
853 878 1113 965 Theophrastum
1126 877 1222 944 nobis
1236 880 1349 947 andire
1365 880 1544 948 videamur.

268 982 469 1050 Peculiarem
492 984 553 1050 sibi
576 985 681 1068 poscit
705 982 955 1068 disputationem
982 981 1197 1065 fragmentum
1220 983 1261 1048 12
1283 1002 1324 1050 ex
1346 981 1544 1067 Pseudophi-

183 1082 259 1146 lone
280 1086 344 1168 περὶ
367 1086 533 1172 ἀφθαρσίας
555 1088 666 1169 κόσμου
688 1086 848 1153 haustum.
893 1083 979 1168 quod
1005 1103 1028 1149 a
1055 1088 1234 1150 ceterorum
1257 1085 1467 1152 similitudine
1487 1082 1545 1150 ali-

183 1190 338 1264 quantum
357 1188 488 1254 recedit.
512 1190 656 1255 continet
671 1189 757 1255 enim
772 1195 963 1271 tanquama
981 1185 1206 1271 Theophrasto
1226 1189 1372 1271 prolatas
1392 1195 1544 1271 quattuor

182 1283 347 1351 interitum
362 1290 473 1355 mundi
489 1291 648 1357 tuentium
663 1288 931 1376 philosophorum
946 1287 1125 1372 opiniones,
1141 1308 1276 1371 quorum
1291 1296 1401 1356 tamen
1413 1289 1546 1355 nomina

185 1393 342 1452 tacentur.
376 1390 493 1472 quihus
511 1394 689 1460 enucleatis
711 1393 859 1476 singulae
880 1389 1035 1474 deinceps
1053 1389 1273 1472 Peripatetica
1294 1391 1443 1458 docmina
1464 1391 1546 1458 refu-

184 1494 301 1555 tantur.
331 1490 599 1578 philosophorum
621 1497 752 1562 decreta
775 1515 814 1561 ex
833 1491 1029 1577 Opinionum
1050 1490 1133 1556 libro
1155 1491 1267 1557 recisis
1288 1494 1472 1561 nominibus
1493 1514 1546 1561 ex·

182 1600 294 1675 cerpta
308 1594 483 1663 arbitratus
498 1604 548 1664 est
563 1598 738 1664 Usenerus.
782 1604 880 1679 atque
896 1594 923 1659 si
939 1591 1186 1677 Theophrastea
1206 1613 1284 1661 rere
1308 1601 1392 1680 sont,
1415 1595 1547 1662 difficile

182 1694 243 1759 erit
265 1696 424 1779 aptiorem
446 1699 551 1766 locum
572 1700 728 1766 invenire.
764 1699 823 1765 sed
844 1697 986 1763 maxima
1008 1695 1082 1762 huic
1097 1694 1241 1780 opinioni
1258 1697 1373 1763 oborta
1395 1705 1446 1764 est
1467 1697 1546 1763 diffi-

184 1799 298 1882 cultas,
321 1807 492 1883 postquam
507 1804 654 1870 Zellerus
667 1803 777 1868 Herm.
792 1800 841 1865 XI
855 1801 919 1865 422
931 1819 1000 1883 sqq.
1031 1797 1161 1864 tertium
1179 1804 1211 1863 et
1234 1807 1382 1882 quartum
1398 1799 1547 1866 Philonis

181 1900 346 1967 decretum
380 1904 565 1971 Stoicorum
598 1924 671 1971 esse
702 1902 830 1968 invictis
862 1900 1042 1967 rationibus
1074 1899 1353 1967 demonstravit.²
1403 1923 1480 1986 ergo
1513 1902 1547 1969 in

182 2001 396 2087 Opinionibus
420 2028 463 2072 ne
485 2014 551 2072 tum
574 2007 706 2090 quidem
730 2006 758 2071 si
780 2005 935 2070 Zenonea
960 2002 1018 2067 illa
1039 2000 1150 2085 opinio
1172 2001 1246 2087 tuit,
1272 2003 1407 2072 infuisse
1429 2011 1547 2090 potest,

181 2105 257 2187 quia
278 2127 344 2171 non
366 2108 451 2173 ultra
465 2110 636 2175 Platonem
660 2108 834 2174 decursum
856 2126 929 2172 esse
951 2111 985 2171 et
1003 2103 1077 2168 aliis
1092 2103 1283 2185 fragmentis
1297 2114 1330 2171 et
1344 2106 1386 2172 de
1400 2107 1550 2174 sensibus

181 2207 263 2272 libro
285 2209 453 2292 probabile
469 2211 623 2278 redditur.
656 2210 713 2275 sed
730 2209 814 2273 banc
833 2208 964 2290 quidem
979 2205 1118 2272 Useneri
1139 2205 1357 2273 coniecturam
1380 2211 1548 2296 paulisper

181 2330 384 2393 seponamus.
418 2332 481 2396 age
502 2313 671 2379 videamus
689 2312 732 2377 de
746 2309 886 2377 Zenonis
908 2317 941 2377 et
955 2307 1171 2393 Tbeophraeti
1191 2309 1258 2393 lite,
1281 2331 1377 2393 quarn
1395 2313 1543 2378 Zellerue

181 2411 243 2477 sibi
256 2412 420 2480 invenisse
436 2416 524 2481 visus
539 2425 598 2482 est.
621 2416 758 2500 primurn
774 2431 890 2478 moneo
904 2411 939 2477 in
954 2412 1141 2477 coniectura
1154 2412 1292 2496 positam
1309 2433 1382 2479 esse
1402 2414 1545 2481 Zenonis

180 2515 416 2583 auctoritatem.
449 2538 525 2584 nam
549 2518 694 2585 Philonis
722 2513 939 2582 testimonium
965 2513 1007 2579 de
1029 2514 1187 2597 providi
1208 2535 1240 2598 p.
1259 2516 1298 2582 12
1314 2515 1414 2582 Auch.
1445 2515 1542 2583 inter·

181 2617 325 2700 polatum
348 2639 447 2702 supra
467 2621 548 2686 evici
570 2640 676 2703 neque
698 2639 719 2684 a
741 2618 867 2683 Zellero
889 2615 961 2700 ipso
984 2615 1017 2679 in
1041 2636 1177 2682 examen
1205 2625 1356 2683 vocatum
1379 2625 1438 2684 est.
1483 2618 1543 2685 sed

181 2717 233 2783 fac
247 2719 411 2786 Zenonem
434 2722 594 2806 opinionis
616 2729 791 2788 auctorem.
826 2717 1128 2802 Theophrastumne
1143 2718 1311 2803 probabile
1333 2727 1382 2786 eet
1397 2719 1541 2786 Stoicum

181 2821 213 2885 in
237 2821 388 2905 quopiam
412 2822 492 2889 libro
516 2825 653 2891 citasse?
679 2831 860 2907 temporum
881 2821 1026 2887 rationes
1040 2841 1106 2886 non
1120 2822 1266 2907 afferam,
1288 2843 1372 2906 quae
1386 2824 1447 2890 etsi
1463 2843 1542 2889 non·

181 2923 256 2988 dum
284 2931 360 2989 sunt
385 2933 536 2991 accurate
568 2924 750 3009 explicatae
775 2930 886 2991 tamen
914 2923 1145 3008 impedimento
1174 2944 1248 2991 esse
1281 2946 1346 2993 non
1373 2925 1544 3010 possunt⁸

181 3026 239 3091 sed
262 3026 527 3110 philosophorum
550 3028 775 3093 commercium
796 3046 863 3091 non
882 3047 922 3092 ex
938 3025 1016 3091 solis
1031 3025 1186 3110 temporis
1202 3028 1445 3095 condicionibus
1467 3049 1541 3094 con-

182 3128 377 3193 stituendum
399 3135 458 3194 est.
492 3129 587 3195 aliter
600 3129 726 3195 mireris
741 3128 916 3194 Democriti
932 3149 953 3194 a
968 3131 1116 3213 Platone,
1136 3129 1292 3214 Aristippi
1310 3129 1353 3195 ab
1368 3130 1544 3197 Aristotele

177 3230 246 3295 fere
262 3230 444 3312 neglectam
459 3231 656 3297 doctrinam.
696 3251 777 3314 quos
791 3236 930 3314 apparet
944 3229 1065 3297 fastidii
1081 3231 1183 3298 fuisse
1197 3226 1429 3299 delicatissimi.
1469 3231 1547 3314 quid

181 3332 278 3415 igitur
292 3333 381 3398 Zeno
405 3352 477 3397 cum
493 3334 731 3417 Theophrasto,
754 3332 894 3399 Cratetis
916 3332 1012 3398 modo
1035 3332 1212 3417 discipulus
1235 3355 1308 3400 cum
1330 3353 1370 3399 eo
1393 3352 1489 3416 quem
1503 3333 1549 3399 in·

182 3434 263 3516 signi
291 3434 432 3517 quodam
459 3436 572 3519 lepore
594 3435 707 3499 fabula
729 3434 841 3519 cynico
875 3434 1026 3518 opposuit
1051 3433 1158 3521 [Diog.
1181 3437 1226 3501 VI
1248 3433 1323 3522 901?
1355 3455 1431 3500 nam
1460 3435 1547 3517 quod

184 3536 344 3619 sagaciter
374 3536 521 3603 defendit
547 3539 692 3604 Zellerus
715 3558 746 3620 p.
761 3536 826 3601 428
853 3556 972 3602 nomen
998 3557 1072 3602 esse
1096 3557 1118 3602 a
1139 3537 1365 3623 Theophrasto
1392 3537 1546 3603 omissum

182 3637 275 3720 quasi
292 3640 419 3722 collega
434 3640 592 3722 collegam
608 3639 796 3706 nominatim
811 3638 1004 3723 impugnare
1019 3640 1302 3722 verecundaretur,
1318 3639 1352 3704 id
1362 3638 1547 3706 Aristotelis

182 3741 331 3823 exemplo
347 3741 526 3806 doctrinam
540 3742 734 3809 Xenocratis
749 3741 889 3825 saepius,
905 3761 1023 3807 nomen
1039 3762 1213 3826 numquam
1228 3740 1296 3807 fere
1311 3742 1477 3808 afferentis
1492 3760 1546 3826 pa·

182 3863 251 3906 rum
262 3842 411 3908 munitur.
435 3842 482 3908 illi
494 3844 579 3909 enim
591 3845 645 3927 qui
657 3843 851 3928 aliquotiens
864 3842 1016 3928 seipsum
1028 3843 1205 3910 Platonicis
1220 3844 1413 3910 adnumerat
1424 3842 1475 3931 [cf.
1488 3844 1548 3910 Bo·

185 4008 319 4018 -ῌ-
331 4009 345 4016 -
520 4010 584 4019 -0—

255 4096 260 4127 ¹
288 4114 353 4161 qnae
379 4100 440 4147 olim
466 4101 578 4164 pluribus
603 4103 711 4165 exposui
732 4117 799 4150 nnnc
821 4102 946 4163 stringere
973 4102 1048 4161 licet,
1071 4109 1207 4164 postquam
1231 4118 1312 4165 nuper
1334 4102 1426 4150 Zellerl
1451 4100 1545 4148 dieser-

183 4190 247 4234 tatto
272 4187 303 4234 de
323 4186 507 4251 Metapbysicis
530 4205 546 4238 a
568 4189 747 4252 Peripateticis
770 4190 841 4237 lectis
864 4189 968 4251 prodiit
992 4185 1136 4249 [Abhendl.
1156 4190 1201 4238 der
1220 4190 1324 4252 liduigl.
1351 4187 1477 4236 Ahadem.
1501 4187 1547 4235 der

186 4275 264 4323 Wiss.
289 4274 433 4337 phil-hist.
458 4276 500 4323 Kl.
527 4272 593 4325 1877
617 4291 641 4339 p.
657 4273 705 4325 145
729 4277 865 4339 praecipue
888 4273 1015 4338 150⁸qu
1037 4276 1207 4338 fragmentum
1231 4277 1263 4325 de
1282 4291 1357 4325 sensu
1378 4290 1430 4323 non
1454 4276 1546 4337 attigit,

180 4374 259 4421 quare
279 4369 304 4408 tu
325 4361 382 4410 vide
402 4370 477 4410 notas
496 4360 726 4423 4118813840.

252 4442 312 4495 'ide
331 4447 458 4511 prioribus
477 4450 634 4511 argumentis
653 4449 742 4498 dubito
761 4464 794 4498 arr
814 4465 849 4498 en
870 4448 1050 4497 vetustioribus
1069 4448 1231 4514 philosophis
1249 4461 1350 4515 sumpta
1368 4451 1427 4498 sint.
1465 4449 1546 4497 altera

180 4534 338 4596 Xenophani
359 4537 516 4585 vindicanda
534 4537 634 4585 ridetur
653 4537 683 4585 cf.
698 4537 802 4599 Hippol.
822 4536 914 4600 philos.
929 4533 986 4585 ldt
1003 4536 1111 4584 Aristot.
1126 4537 1235 4588 Meteor.
1255 4537 1316 4588 114
1335 4554 1359 4601 p.
1371 4533 1441 4587 35¹2⁸
1454 4534 1495 4585 17.
1514 4536 1545 4583 de

183 4622 304 4670 universa
323 4624 445 4686 opinione
460 4624 497 4690 cf.
515 4624 600 4672 Zeller
617 4621 647 4671 Ι*
665 4620 742 4674 498³.
763 4623 794 4671 Ε.
814 4623 905 4673 Rohdc
925 4638 962 4686 gr.
981 4621 1055 4672 Rom.
1075 4638 1099 4685 p.
1115 4621 1164 4673 199
1172 4620 1190 4672 ².

252 4705 375 4772 ³magna
397 4711 441 4758 lux
461 4726 492 4759 ex
512 4710 667 4772 Apollodori
687 4711 834 4758 testimonio
854 4708 979 4759 affulsnra
996 4710 1097 4758 videtur
1115 4711 1185 4772 quod
1203 4721 1241 4761 est
1259 4712 1327 4776 apud
1346 4711 1492 4761 Philoclem.
1512 4709 1544 4757 de

182 4795 327 4859 philosoph.
347 4794 434 4857 [Herc.
455 4797 504 4844 vol.
520 4797 587 4847 VIII
605 4798 687 4860 Neap.
710 4795 789 4858 1844]
808 4797 858 4846 col.
872 4797 898 4847 4.
928 4795 973 4845 sed
992 4796 1140 4845 melioribus
1160 4801 1316 4863 apographis
1335 4813 1400 4863 opus
1418 4799 1467 4848 erit
1487 4799 1544 4859 qui·

183 4883 229 4933 bur
247 4899 319 4932 usum
340 4883 521 4947 Gomperzium
540 4886 618 4934 audio
638 4901 691 4937 rem
710 4884 885 4935 difficillimam
904 4884 1083 4953 expediturum
1103 4899 1168 4937 esse.
