3442 5588
667 342 943 392 rnousaouuna
1437 342 1477 405 51

208 509 295 574 154
329 510 372 574 δτι
401 509 433 571 δὲ
455 507 572 594 ἄπειρος
599 511 673 573 κατὰ
703 511 737 572 τδ
763 511 877 594 πλῆθος
905 510 1084 591 [mundus]‚
1127 513 1215 595 δῆλον
1243 513 1276 575 ἐκ
1302 516 1353 574 τοῦ
1375 510 1480 595 ἄπειρα

116 612 154 674 τὰ
180 610 258 676 αίτια
277 611 372 676 εἶναι.
405 611 431 673 εί
452 612 507 695 γάρ
535 615 551 676 ῦ
579 614 631 694 μὲν
654 612 763 694 κόσμος
784 614 1000 697 πεπερασμένος
1026 614 1063 675 τὰ
1092 614 1125 676 δὲ
1146 612 1224 677 αἴτια
1250 616 1343 678 πάντα
1365 613 1480 698 ἀπειρα,

118 713 148 784 ἐξ
171 716 214 778 ὧν
236 715 311 779 δδει
334 717 350 778 ὁ
370 714 478 796 κόσμος
496 715 620 799 γέγονεν,
639 717 750 799 ἀνάγκη
771 715 905 798 ἀπείρους
926 715 1010 779 εἶναι.
1043 716 1115 778 ὅπου
1138 718 1192 800 γὰρ
1214 717 1250 779 τὰ
1272 715 1349 780 αἴτια
1370 719 1480 780 πάντα

118 818 182 881 ἐκεῖ
214 819 263 882 καί
295 816 527 899 ἀποτελέσματα.
564 817 642 882 αἴτια
669 820 701 882 δὲ
729 817 793 901 ἤτοι
823 819 853 881 αί
880 817 983 901 ἄτομοι
1009 819 1029 901 ἢ
1058 819 1096 881 τά
1124 823 1263 903 στοιχεῖα.
1304 818 1386 883 talia
1412 817 1481 883 fere

118 918 283 986 Stobacus
315 926 349 985 et
369 919 564 985 Plutarchus
592 919 654 985 nisi
683 918 769 1002 quod
796 919 848 985 hic
878 921 951 984 ὅπου
977 921 1031 1005 γάρ
1060 921 1097 985 rol
1118 922 1211 984 πάντα
1233 919 1311 984 αἴτια
1333 921 1480 986 collocat.

118 1021 178 1088 sed
199 1022 381 1107 syllogismi
406 1040 526 1088 nervus
553 1023 711 1089 exciditur
736 1022 798 1088 uisi
827 1022 992 1089 notionem
1019 1023 1231 1107 principalem
1256 1030 1289 1089 et
1317 1022 1481 1089 efficacem

116 1123 284 1190 addideris
304 1125 419 1208 ἄπειροι.
452 1123 515 1190 hoc
537 1124 686 1189 nimirum
709 1125 791 1191 vidit
811 1124 944 1191 Reiskei
966 1144 1119 1209 acumen,
1142 1125 1196 1207 qui
1218 1125 1384 1190 constituit
1408 1125 1481 1188 ὅπου

117 1228 174 1311 γὰρ
195 1226 301 1311 ἀπειρα
322 1229 359 1291 τὰ
380 1226 468 1306 αἴτια,
490 1228 553 1290 ἐκεῖ
573 1229 621 1294 καί
644 1229 680 1292 τὰ
702 1227 933 1311 ἀποτελέσματα.
961 1228 1042 1292 illud
1061 1230 1098 1292 τὰ
1113 1234 1187 1312 post
1205 1230 1254 1292 καὶ
1269 1229 1483 1311 expleverant

117 1330 184 1394 iarn
199 1329 382 1415 Byzantini‚
398 1327 538 1394 fortasse
552 1329 707 1413 scriptum
723 1337 793 1396 erat
806 1331 1055 1413 τάποτελέσραια.
1083 1330 1169 1396 unde
1183 1336 1293 1395 tamen
1307 1336 1481 1406 ΠΑΝΤΑ

116 1431 153 1497 in
167 1431 293 1498 litteras
308 1451 423 1516 pamm
439 1432 561 1498 similes
584 1439 755 1510 ΑΠΕΙΡΑ
778 1433 991 1499 conversum?
1019 1433 1208 1516 explicatur,
1232 1432 1258 1498 si
1274 1430 1399 1497 duobus
1414 1452 1483 1497 ver-

116 1535 208 1600 sibus
223 1535 372 1618 superius
386 1537 423 1599 τά
438 1534 463 1598 δ’
469 1534 547 1599 αἴτια
561 1539 655 1600 πάντα
670 1537 773 1621 ἄπειρα
788 1536 852 1619 legi
868 1535 1116 1619 meminerimus,
1132 1535 1219 1619 quod
1233 1534 1356 1599 librarii
1371 1535 1483 1601 oeulos

115 1637 257 1720 decepit.
292 1657 369 1720 erge
396 1636 429 1701 iu
458 1637 553 1704 Aetio
577 1638 653 1705 olim
680 1639 740 1706 fuit
766 1641 839 1704 ὅπου
865 1640 920 1724 γὰρ
948 1641 984 1702 τὰ
1006 1636 1084 1703 αἴτια
1105 1639 1228 1722 ἄπειρα,
1250 1637 1312 1700 ἐκεῖ
1327 1637 1375 1700 καί
1396 1637 1483 1700 τάπο

113 1742 295 1822 τελεσμάτα.

206 1842 309 1906 1733
333 1842 373 1907 de
392 1840 455 1906 dee
471 1842 666 1911 Stoicorum:
694 1846 742 1910 καί
765 1851 878 1929 πνεῦμα
901 1847 953 1928 μὲν
975 1846 1107 1928 ἑνδιῆκον
1130 1840 1166 1906 δι’
1195 1843 1264 1906 ὅλου
1285 1846 1336 1905 τοῦ
1360 1841 1482 1923 κόσμου,

115 1946 170 2015 τάς
190 1945 225 2009 δὲ
246 1945 439 2029 προσηγορίας
461 1951 680 2034 μεταλαμβάνον
712 1947 753 2013 δι’
788 1951 871 2032 δλης
901 1953 962 2030 τῆς
990 1947 1073 2030 ῦλης
1101 1943 1136 2008 δι’
1169 1945 1205 2030 ἧς
1226 1947 1380 2030 κεχώρηκε
1401 1968 1482 2029 παρ-

115 2046 294 2116 αλλάξεις.
327 2046 408 2111 talia
432 2048 592 2114 Eusebius
618 2069 690 2115 eum
712 2050 802 2115 libris
823 2048 890 2133 AO,
912 2048 975 2114 nisi
996 2048 1083 2132 quod
1104 2047 1161 2112 illo
1182 2045 1389 2131 παρραλλάξεις
1410 2066 1484 2111 eum

118 2148 284 2231 quadrare
313 2149 501 2233 neutiquam
526 2150 653 2218 videret
681 2149 822 2218 omisit.²
859 2149 954 2216 aliter
976 2150 1003 2214 B
1025 2153 1196 2232 corruptae
1218 2147 1398 2214 sententiae
1420 2167 1484 2214 me·

120 2249 272 2316 debatur.
304 2250 467 2335 rescripsit
495 2253 664 2337 παραλλάξ,
692 2253 779 2337 quod
805 2259 841 2317 ut
866 2249 1096 2333 grammaticae
1121 2248 1200 2314 satis
1227 2248 1327 2314 faciat
1353 2269 1483 2314 sensum

117 2352 258 2436 praebet
279 2353 413 2418 nullum.
452 2356 551 2437 paulo
580 2355 695 2421 melius
719 2354 880 2422 Stobaeus
903 2353 1087 2438 παραλλάίαν
1111 2350 1161 2416 cui
1183 2349 1280 2415 simili
1302 2349 1484 2418 Stoicorum

118 2453 195 2519 lece
216 2453 267 2518 ΠΙ
291 2454 346 2518 la
379 2455 424 2520 oti
452 2455 541 2521 licuit
572 2459 599 2520 οί
626 2456 749 2522 Στωικοί
778 2462 835 2522 πᾶν
862 2461 976 2538 πνεῦμα
1003 2455 1089 2539 ἀέρος
1115 2452 1186 2516 εἶναι
1211 2453 1304 2537 ῥύσιν,
1333 2457 1396 2522 ταῖς
1424 2457 1483 2515 τῶν

116 2556 218 2620 τόπων
240 2556 274 2619 δὲ
295 2560 492 2642 παραλλαγαῖς
513 2561 564 2629 τὰς
586 2560 752 2643 ἐπωνυμίας
773 2560 1039 2645 παραλλάττουσαν.
1087 2555 1145 2621 sed
1174 2555 1281 2621 obstat
1312 2561 1346 2619 et
1372 2552 1483 2619 aoristi

118 2664 249 2742 tempus
278 2665 312 2724 et
337 2659 542 2744 participium
576 2662 661 2728 male
687 2661 786 2745 priori
816 2661 1034 2746 perstupentes
1063 2657 1276 2724 coniunctum.
1314 2661 1485 2738 praeterea

120 2765 258 2843 utroque
289 2760 460 2845 participio
490 2763 588 2847 plane
616 2762 701 2830 idem
729 2763 900 2830 diceretur.
936 2781 1036 2846 quare
1064 2779 1085 2824 a
1112 2779 1191 2826 vero
1218 2757 1351 2842 propius
1373 2756 1485 2822 aluere

120 2861 270 2927 Galenus
285 2861 575 2949 Athenagorasque
590 2865 644 2947 qui
660 2864 790 2932 fortuito
805 2865 839 2931 iu
860 2865 946 2930 idem
969 2861 1152 2928 incidemut
1173 2863 1247 2926 κατὰ
1269 2861 1319 2930 τὰς
1340 2864 1393 2944 τῆς
1415 2861 1486 2941 ῦλητ

121 2964 398 3048 ...παραλλάξεις
432 2966 519 3049 quod
542 2967 702 3050 quomodo
725 2967 961 3033 conciliandum
984 2971 1069 3032 esset
1091 2984 1163 3029 curn
1178 2961 1298 3028 tradita
1320 2960 1485 3044 memoria,

117 3066 233 3133 docuit
254 3065 396 3133 Beckius
419 3069 541 3153 optime
563 3068 726 3152 rescriptis
749 3069 799 3135 lris
822 3072 870 3135 διὰ
891 3071 942 3139 coir
963 3073 1016 3152 τῆς
1040 3068 1109 3150 ὕλης
1129 3107 1136 3124 .
1154 3107 1161 3123 ·
1178 3106 1186 3123 ·
1206 3064 1407 3148 παραλλάξεις.

207 3169 304 3236 138
331 3171 418 3256 μέχρι
444 3173 498 3256 γὰρ
524 3175 582 3234 τῶν
613 3172 684 3236 δέκα
711 3174 815 3242 πάντες
831 3215 839 3231 .
855 3214 888 3235 ..
911 3171 1083 3255 ἀριθμοῦσιν
1110 3166 1155 3253 ἐφ’
1190 3167 1209 3230 ἃ
1240 3166 1374 3235 ἐλθόντες
1400 3166 1485 3229 πάλιν

119 3272 366 3337 ἀναποδοῦσιν
392 3274 440 3337 ἐπὶ
466 3278 519 3357 τῆν
543 3276 664 3356 μονάδα.
698 3273 774 3356 quid
800 3273 958 3356 significet
979 3270 1160 3336 inauditum
1185 3267 1266 3332 illud
1293 3270 1486 3333 ἀναποδοῦσιν

119 3393 140 3440 e
169 3394 297 3441 conexu
323 3372 454 3440 minime
481 3381 531 3440 est
556 3375 698 3441 dubium.
731 3382 836 3441 utrum
863 3377 1015 3441 ἀναπολεῖν
1043 3392 1086 3438 an
1114 3374 1275 3436 ἀναποδοῦν
1306 3375 1400 3435 sonet
1422 3387 1488 3433 am·

121 3476 192 3560 bigi
215 3483 332 3560 potest
365 3481 401 3542 at
428 3474 490 3542 hoc
517 3476 625 3543 alieno
648 3496 745 3545 sensu
767 3478 883 3543 Ioanni
904 3474 1079 3543 Laurentio
1102 3472 1144 3538 de
1165 3471 1308 3555 magistr.
1330 3471 1367 3536 R.
1391 3491 1422 3554 p.
1446 3470 1487 3535 m

119 3585 173 3645 est
190 3577 371 3662 ‘pedibus
392 3598 524 3644 rursus
545 3578 764 3646 iustruere’.
787 3582 943 3647 sollemne
960 3576 1058 3644 estin
1073 3573 1284 3641 arithmeticis
1306 3572 1488 3644 ἀναποδίζειν

119 3688 156 3747 et
187 3680 395 3763 ἀναποδισμίς.
443 3682 519 3747 nolo
555 3680 810 3747 testimoniorum
842 3681 961 3746 nubem
993 3697 1121 3745 omnem
1154 3673 1360 3743 effundere.⁸
1408 3671 1489 3738 satis

121 3792 275 3850 constare
302 3781 381 3847 mihi
409 3781 537 3848 videtur
563 3785 715 3848 ἀναποδεῖν
741 3804 803 3849 nec
828 3785 963 3866 vulgare
990 3801 1052 3847 nec
1078 3777 1295 3864 Pythagoreis
1324 3773 1490 3861 proprium

119 3885 235 3954 fuisse.
268 3885 355 3951 uncle
375 3882 507 3953 iuemnt
531 3886 585 3969 qui
608 3886 811 3958 ἀναποδίζουσι
834 3886 1119 3970 amplecterentur,
1142 3880 1229 3963 quod
1249 3898 1364 3965 parum
1386 3875 1487 3943 habet

199 4159 207 4191 ¹
226 4156 269 4211 δδι
282 4179 333 4213 om.
347 4163 411 4225 ΕΒ,
424 4163 529 4215 Stobuci
543 4164 644 4212 codices
657 4162 780 4227 praebent
792 4156 827 4209 δί.
851 4159 960 4210 tortasse
979 4160 1031 4210 hoc
1048 4155 1075 4209 δί
1094 4165 1242 4222 corruptum
1260 4154 1345 4207 extitit
1362 4159 1390 4207 in
1402 4158 1490 4218 Aetio,

123 4256 153 4298 ut
173 4251 327 4299 coniectura
344 4252 372 4299 in
391 4251 494 4300 codices
512 4249 569 4300 Ac
588 4251 696 4300 inlatum
714 4264 771 4299 usse
790 4263 879 4297 verum
897 4256 1023 4310 putemus.

195 4332 286 4388 ’nam
304 4338 375 4400 quod
393 4338 483 4388 dcccco
501 4338 529 4386 iu
549 4336 606 4386 cod.
625 4336 648 4385 B
666 4352 720 4387 nou
739 4341 844 4385 notatur
860 4347 877 4383 a
895 4333 1053 4393 Gaisfcrdio,
1072 4333 1137 4383 nihil
1156 4349 1227 4383 curo.

196 4420 208 4455 ³
229 4425 268 4475 et.
292 4424 443 4475 Nicomach.
463 4425 523 4476 Ger.
542 4423 642 4474 arithm.
664 4425 694 4473 is.
712 4419 780 4472 152
802 4417 891 4470 1122.
915 4420 1016 4470 Theon.
1035 4427 1131 4470 astron.
1150 4436 1175 4484 p.
1189 4416 1249 4470 204.
1268 4419 1345 4468 Mart.
1365 4416 1492 4482 [Theou]

123 4510 205 4561 schol.
217 4511 252 4560 ad
263 4512 341 4561 Aret.
353 4511 447 4576 phacn.
466 4509 506 4562 19.
529 4511 624 4560 Achill.
638 4512 701 4572 isag.
715 4510 743 4558 in
755 4509 829 4557 Atat.
843 4523 867 4571 p.
884 4502 933 4556 132
941 4508 997 4557 Pet.
1017 4507 1150 4571 Hippolyt.
1163 4506 1237 4555 refut.
1256 4521 1280 4569 p.
1295 4501 1355 4566 264,
1368 4501 1401 4558 26
1421 4506 1492 4557 (ἔστι,

124 4598 278 4649 moderatus
292 4597 403 4662 Pythag.
415 4613 457 4662 ap.
469 4595 542 4648 Stob.
556 4597 603 4646 ccl.
619 4596 631 4645 l
646 4595 658 4646 l
672 4606 692 4645 a.
722 4590 874 4652 ἀναποδίζιιν
887 4589 974 4642 ἑαυτόν
993 4594 1106 4657 pedem
1125 4592 1247 4641 reterre
1261 4592 1388 4643 Herodot.
1400 4593 1428 4644 Π
1442 4592 1492 4646 116

124 4686 157 4736 es
175 4684 248 4737 sain
265 4686 300 4735 ad
312 4685 340 4734 V
351 4682 393 4736 92.
412 4679 619 4735 ίπαναποδιοτίον
636 4682 791 4733 Aristoteles
809 4698 834 4745 p.
847 4677 917 4730 317¹>
931 4677 971 4729 19.
994 4675 1149 4738 ἀναποδίζων
1167 4675 1201 4734 τίς
1219 4673 1331 4729 reuerso
1350 4680 1493 4731 Herodian.

124 4772 221 4822 litator.
239 4773 267 4822 V
281 4772 336 4825 617
359 4774 469 4825 Luciau.
493 4772 604 4821 marcell.
629 4770 704 4821 cond.
728 4764 771 4817 al.
796 4780 911 4831 necyom.
931 4764 955 4815 7.
981 4767 1050 4817 Aba
1070 4782 1091 4816 c.
1107 4765 1147 4816 17.
1176 4765 1220 4815 alii
1243 4766 1288 4815 illo
1312 4767 1492 4818 mathematico

124 4874 199 4910 nasu
217 4859 319 4910 liabent
338 4858 444 4908 verbum
462 4852 563 4908 άναλῦιυ
582 4858 653 4909 Sext.
677 4857 737 4908 adv.
763 4854 865 4904 arithm.
888 4852 927 4902 IV
947 4848 963 4901 2
987 4854 1029 4903 vel
1055 4851 1212 4918 ἀνακάμπτον
1243 4853 1320 4903 Philo
1350 4855 1382 4903 de
1408 4855 1493 4918 opilic.

123 4961 149 5010 p.
164 4945 194 4998 10
212 4946 309 5010 Maug.
333 4945 473 5011 Philopon.
492 4945 526 4994 ad
544 4948 624 4996 Arist.
643 4945 668 4994 d.
688 4947 774 4995 anima
792 4958 817 5006 p.
830 4935 900 4993 404tt
918 4938 957 4992 19.
985 4941 1101 4992 Hierocl.
1120 4941 1147 4990 in
1167 4953 1243 4991 carm.
1264 4954 1319 4991 aur.
1337 4956 1363 5004 p.
1379 4939 1436 4993 166.

1241 5021 1289 5087 4*
