3442 5588
176 350 241 413 620
576 350 715 401 σλοωνι
733 348 874 400 Ηιετοιι.
892 348 1032 400 Ροιιοε.
1045 345 1150 400 39-43

226 521 290 585 ὅσοι
318 519 453 603 παθητὴν
481 518 560 603 <τήν>
590 519 660 603 όλην
684 519 882 598 ὑποτίθενται,
909 519 1015 603 κυρίως
1040 517 1150 600 γένεσιν
1172 519 1220 581 καὶ
1242 517 1359 602 φθορὰν
1382 516 1500 599 λέγουσι

226 624 388 707 γίγνεσθαι·
411 622 445 685 ἐκ
466 622 521 707 γὰρ
543 623 730 692 ἀλλοιώσεως
752 622 800 686 καὶ
822 626 931 706 τροπῆς
953 621 1106 706 στοιχείων
1128 620 1177 685 καί
1199 620 1361 690 διαλύσεως
1384 644 1408 685 σε
1429 644 1450 685 κ
1473 643 1494 684 α

524 919 567 982 4θ
600 916 685 1001 Περί
708 918 872 1002 ἀνάγκης.
907 925 1187 995 [Ρλοι.1251.ν.σ.ο]

313 1073 374 1158 Τὴν
398 1076 525 1157 οἰνάγκην
548 1072 669 1158 Θαλῆς
692 1074 884 1159 ἰσχυροτάτην
906 1074 981 1141 εἷναί
1002 1099 1083 1162 φησι.
1113 1082 1227 1160 κρατεῖν
1249 1075 1305 1159 γὰρ
1326 1072 1419 1154 αὐτὴν
1443 1074 1493 1132 τοῦ

229 1177 344 1247 παντός.
389 1177 603 1261 Πυθαγόρας
632 1177 666 1241 δὲ
698 1178 746 1241 καί
775 1179 956 1262 περικεῖσθαι
988 1184 1030 1265 τῷ
1059 1180 1162 1264 κόσμῳ
1189 1181 1242 1264 τὴν
1269 1177 1397 1258 ἀνάγκην
1425 1172 1521 1234 όποι

227 1283 378 1366 λαμβάνει.
423 1280 654 1365 Παρμενίδης
676 1281 709 1344 δέ
733 1283 780 1346 καὶ
803 1281 1026 1366 Δημόκριτος
1057 1283 1150 1345 πάντα
1179 1281 1252 1346 κατὰ
1274 1279 1402 1360 ἀνάγκην
1426 1296 1494 1357 συμ

232 1385 338 1470 βαίνειν
361 1382 521 1468 εἰρήκασιν·
551 1381 624 1447 εἶναι
655 1383 688 1447 δέ
710 1385 762 1468 τήν
785 1384 876 1468 αὐτὴν
899 1384 1075 1468 εἱμαρμένην
1099 1384 1148 1448 καί
1170 1386 1253 1468 δίκην
1276 1382 1325 1446 καί
1347 1379 1493 1463 πρόνοιαν.

228 1486 374 1551 Πλάτων
396 1486 429 1549 δέ
451 1485 562 1567 τὰμὲν
585 1486 626 1556 εἰς
647 1487 794 1571 πρόνοιαν,
818 1487 853 1550 τὰ
876 1487 909 1550 δὲ
930 1486 972 1556 εἰς
994 1487 1121 1570 ἀνάγκην
1144 1488 1290 1571 ἀνάγεται.

492 1782 532 1845 41
570 1779 684 1864 (Περὶ)
706 1786 766 1864 τῆς
789 1780 923 1851 οὐσίας.
967 1790 1218 1857 [Ρλοι.126ι.ο.ο]

313 1936 380 2001 Τῶν
410 1939 512 2021 ἀρχῶν
539 1935 587 1998 καί
614 1940 672 1999 τῶν
695 1938 846 2022 στοιχείων
876 1937 970 2002 αἰτίαν
998 1940 1157 2024 χρηστικὴν
1184 1939 1236 2022 τὴν
1264 1937 1391 2018 ἀνάγκην
1416 1931 1491 2015 Ἐμ-
1511 1952 1533 1990 ιν

228 2043 407 2124 πεδοκλῆς
429 2042 552 2123 ήγεῖται.
596 2038 820 2123 Δημόκριτος
846 2042 878 2104 δὲ
900 2043 953 2125 τὴν
975 2042 1139 2105 ἀντιτυπίαν
1167 2041 1215 2103 καὶ
1236 2038 1329 2124 φοράν
1352 2037 1401 2100 καὶ
1424 2040 1496 2119 πλη-

227 2145 281 2227 γήν
304 2149 356 2227 τῆς
379 2144 459 2226 ὕλης·
505 2141 653 2208 Πλάτων
677 2145 710 2208 δὲ
732 2145 781 2208 ότέ
803 2144 856 2227 μὲν
879 2145 931 2228 τἠν
955 2145 1041 2228 ὕλην,
1068 2145 1119 2209 ότὲ
1140 2144 1174 2207 δὲ
1195 2144 1247 2227 τήν
1269 2146 1321 2205 τοῦ
1343 2144 1496 2208 ποιοῦντος

231 2247 301 2331 πρὸς
323 2246 415 2330 αὐτὴν
437 2245 549 2331 σχέσιν.

475 2541 517 2605 42
554 2539 639 2623 Περὶ
661 2543 886 2627 εἱμαρμένης.
925 2551 1233 2617 [Ρλοι.1281.ο.ο.ο.τ]

306 2695 547 2779 Ἡράκλειτος
575 2695 675 2759 οὐσίαν
706 2699 882 2783 εἱμαρμένης
910 2702 995 2784 λόγον
1021 2700 1070 2764 διὰ
1097 2699 1202 2769 παντὸς
1228 2701 1374 2783 διήκοντα.
1409 2699 1428 2780 ή
1460 2696 1493 2758 δὲ
1510 2715 1533 2752 ιν

175 2819 211 2857 ιω
231 2799 392 2882 εἱμαρμένη
427 2797 486 2861 ἐστὶ
519 2797 552 2861 τδ
584 2797 713 2882 αἰθέριον
742 2804 844 2885 σῶμα,
878 2803 993 2887 σπέρμα
1021 2807 1073 2886 τῆς
1087 2800 1160 2888 Ιτῶν
1195 2803 1311 2865 πάντων
1340 2799 1492 2882 γενέσεως.

225 2901 377 2965 Πλάτων
404 2900 531 2982 λόγονή
560 2899 648 2981 νόμον
682 2901 773 2964 ἀίδιον
803 2909 856 2987 τῆς
888 2909 940 2968 τοῦ
973 2907 1080 2975 παντὸς
1113 2906 1238 2990 φόσεως.
1283 2902 1493 2988 Χρύσιππος

226 3005 344 3086 δύναμιν
359 3008 564 3089 πνευματικήν,
587 3004 664 3073 τάξιν
680 3008 731 3066 τοῦ
747 3007 852 3077 παντὸς
867 3009 1054 3092 διοικητικήν.
1091 3008 1139 3072 καί
1161 3009 1247 3070 πάλιν
1270 3008 1300 3070 ἐν
1322 3011 1383 3075 τοῖς
1399 3003 1495 3088 Ὅροις

226 3106 301 3188 λέγει
329 3108 382 3190 τήν
409 3109 596 3192 εἱμαρμένην,
624 3106 693 3171 καθ’
721 3110 757 3192 ἣν
784 3108 820 3171 τὰ
850 3109 902 3190 μὲν
924 3112 1061 3193 γεγονότα
1082 3112 1197 3193 γέγονε,
1227 3110 1263 3173 τὰ
1292 3110 1326 3173 δὲ
1355 3107 1493 3190 γινόμενα

224 3212 341 3290 γίνεται,
364 3211 400 3273 τὰ
416 3211 448 3273 δὲ
463 3210 641 3294 γενησόμενα
655 3213 816 3295 γενήσεται.
849 3213 877 3274 οἱ
893 3212 926 3275 δὲ
947 3211 1030 3276 ἄλλοι
1045 3211 1199 3277 Στωικοὶ
1222 3213 1332 3296 εἱρμόν.
1367 3211 1491 3275 Ποσει·
1508 3229 1532 3266 νο

226 3313 353 3380 δώνιος
381 3314 414 3376 δὲ
436 3315 529 3397 τρίτον
552 3315 611 3377 άπὸ
633 3314 719 3384 Διός·
742 3318 857 3397 πρῶτον
879 3315 934 3398 γὰρ
956 3314 1029 3379 εἶναι
1054 3316 1104 3379 τδν
1126 3315 1195 3394 Δία,
1226 3313 1289 3378 εἶτα
1315 3316 1367 3398 τἠν
1395 3313 1493 3398 φύσιν,

224 3413 286 3476 εἶτα
308 3415 360 3498 τὴν
383 3416 572 3500 εἱμαρμένην.

571 3678 612 3742 43
648 3675 735 3761 Περὶ
757 3678 878 3764 τόχης.
918 3685 1138 3757 [Piut.1291.z]

312 3830 460 3896 Πλάτων
483 3833 575 3896 αἰτίαν
603 3835 633 3896 ἐν
661 3841 872 3917 προαιρετικοῖς
899 3839 972 3902 κατὰ
1000 3837 1183 3923 συμβεβηκὸς
1205 3833 1489 3920 παρακολούθημαί

173 3952 209 3991 νιν
224 3932 458 4019 Ἀναξαγόρας
480 3935 513 3999 δέ
535 3937 583 3999 καί
606 3938 633 3999 οἱ
657 3936 811 4000 Στωικοὶ
834 3939 927 4003 αἰτίαν
942 3942 1050 4024 άδηλον
1066 3940 1241 4024 ἀνθρωπίνῳ
1258 3941 1402 4021 λογισμῷ.
1439 3938 1487 4000 καί
1506 3957 1529 3994 νε

225 4038 262 4101 τὰ
279 4039 331 4121 μὲν
347 4037 418 4101 εἶναι
441 4039 515 4101 κατὰ
537 4040 675 4123 ἀνάγκην,
696 4039 733 4103 τὰ
756 4041 788 4103 δὲ
810 4041 879 4105 καθ’
899 4044 1087 4128 εἱμαρμένην,
1108 4042 1145 4105 τὰ
1166 4042 1200 4105 δὲ
1221 4041 1295 4104 κατὰ
1310 4042 1489 4124 προαίρεσιν,

227 4141 263 4204 τὰ
286 4142 318 4203 δὲ
341 4141 415 4203 κατὰ
436 4141 539 4226 τύχην,
562 4141 597 4204 τὰ
619 4141 678 4225 (δὲ)
700 4144 774 4206 κατὰ
795 4143 829 4205 τδ
852 4145 1024 4229 αὐτόματον.

177 4325 319 4332 ---.-..---
327 4325 357 4331 --.
988 4333 1010 4339 -..
1017 4333 1081 4342 ...ο-

176 4439 186 4489 l
200 4438 247 4507 τήν
257 4455 308 4489 om.
318 4441 367 4489 AB
376 4436 390 4506 ΙΙ
401 4437 416 4489 2
431 4439 460 4489 ἐκ
470 4439 515 4507 γὰρ
525 4442 606 4491 Plut.:
620 4441 664 4492 καλ
674 4441 729 4509 περὶ
739 4445 771 4493 A.
786 4442 830 4493 καλ
881 4446 926 4494 τοῦ
944 4446 967 4495 Β

172 4524 333 4583 -διαλόσεως
343 4529 426 4578 om.B
442 4523 454 4593 ΙΙ
468 4531 598 4578 intercidit
616 4533 695 4579 ταῦτα
707 4527 830 4596 γίγνεσθαι
919 4530 951 4584 16
969 4533 1015 4597 τῆς
1034 4531 1135 4581 πάντων
1146 4529 1274 4597 γενέσεως.
1296 4528 1376 4597 αὐτὴν
1389 4530 1449 4580 εἰναι
1462 4528 1509 4582 όΒ
1524 4530 1536 4595 ΙΙ

207 4613 223 4665 5
248 4610 355 4681 περιθεὶς
378 4618 402 4665 A
427 4615 535 4681 [comp]
557 4618 579 4666 B
607 4614 622 4680 ΙΙ
647 4615 829 4684 ἱνπολαμβάνειν
883 4615 997 4683 ἱἹλόγον
1010 4621 1110 4683 scripsi:
1124 4616 1257 4685 λίγεινΑΒ
1270 4614 1370 4683 ΙΙνόμον
1383 4616 1411 4668 δι’
1424 4617 1452 4669 όν
1466 4615 1538 4686 ΑΒΙΙ

173 4705 197 4752 A
217 4700 231 4767 λΙ
251 4703 268 4755 8
287 4699 418 4770 ἀνέχεσθαι
439 4705 486 4754 AB
884 4704 914 4757 19
932 4702 1010 4771 λέγειν
1029 4707 1053 4754 A
1076 4703 1089 4772 ΙΙ
1109 4705 1139 4757 21
1161 4705 1242 4774 τρίτος
1260 4707 1282 4755 Β
1303 4699 1318 4771 ΙΙ
1339 4704 1385 4771 μίν
1403 4703 1465 4756 εἶναι
1483 4707 1505 4757 Β

209 4790 225 4842 9
248 4791 303 4857 περὶ
331 4808 382 4841 om.
407 4793 456 4842 AB
483 4795 527 4855 qui
546 4792 699 4841 continuant-
717 4790 766 4838 hoe
789 4805 828 4840 αο-
917 4790 951 4842 24
981 4793 1145 4861 προαιρετικῲ
1167 4795 1190 4844 Β
1216 4789 1231 4859 ΙΙ
1255 4791 1288 4844 25
1312 4788 1480 4858 ἀνθρωπίνων
1502 4795 1538 4843 A:

173 4886 219 4942 put
243 4873 256 4944 ΙΙ
284 4875 316 4927 12
339 4874 380 4928 δτὶ
405 4877 449 4944 μὲν
473 4895 523 4929 om.
542 4879 565 4929 Β
586 4878 599 4942 ΙΙ
624 4877 670 4944 τὴν
688 4873 751 4944 ὕλην
769 4878 829 4929 ποτέ
881 4875 1045 4946 ἀνθρωπίνοις
1069 4883 1092 4931 Β
1118 4879 1131 4946 ΙΙ
1157 4879 1282 4947 λογισμοῖς
1304 4881 1326 4931 Β
1357 4873 1372 4945 ΙΙ
1402 4877 1436 4931 27
1460 4878 1493 4930 τὰ
1514 4877 1539 4930 δί

172 4963 219 5030 μέν
242 4999 351 5016 ......
381 4965 509 5030 [spatium
531 4981 558 5017 νι
587 4966 681 5030 λίθω]
716 4964 776 5015 ποτέ
803 4962 829 5015 δέ
882 4963 945 5017 καθ’
966 4966 1118 5038 είμαρμίνην
1138 4985 1188 5019 om.
1207 4970 1256 5019 BN
1276 4965 1291 5036 ΙΙ
1311 4966 1346 5020 28
1363 4965 1392 5018 δί
1409 4969 1501 5018 addidi
