3464 5586
618 323 718 372 mu
737 323 865 374 Ρ1ΑΟ.Ι
880 320 913 374 29
925 333 984 371 t-4

270 427 478 477 PLUTARCHI
499 428 590 477 EPIT.
605 428 617 477 1
632 424 666 479 29

200 562 441 649 Ἀριστοτέλης
462 566 556 630 αἰτίαν
573 566 647 628 κατὰ
670 567 772 651 συρβε·

159 668 249 752 βηκός
271 667 302 731 ἐν
323 671 383 737 τοῖς
405 667 469 732 καθ’
490 670 584 752 ὁρμὴν
599 668 685 732 ἕνεκά
698 692 772 740 τινος

157 769 316 852 γινομένοις
337 769 445 855 ἄδηλον
468 772 516 835 καὶ
539 769 673 836 ἀστατον·

198 2104 342 2188 διαφέρειν
365 2104 397 2166 δὲ
419 2110 471 2188 τῆς
487 2105 578 2190 τύχης
595 2107 627 2168 τὸ
642 2105 766 2188 αὐτόμα-

132 2224 144 2259 τ
157 2224 216 2267 τον·
238 2207 271 2267 τὸ
287 2207 339 2288 μὲν
354 2207 409 2290 γάρ
424 2208 483 2270 ἀπὸ
499 2208 591 2293 τύχης
608 2208 654 2271 καί
670 2207 768 2271 ταότο-

156 2307 248 2388 μάτου
268 2306 341 2372 εἶναι
356 2309 386 2371 ἐν
402 2314 461 2380 τοῖς
477 2312 629 2394 πρακτέοις
644 2314 768 2381 πάντως·

155 2410 188 2471 τὸ
211 2409 244 2472 δὲ
265 2410 429 2493 αὐτόματον
452 2412 505 2474 υύκ
528 2414 586 2476 ἀπὸ
609 2415 715 2500 τύχης,
737 2415 767 2478 ἐν

63 2579 68 2586 ,
155 2511 208 2594 γὰρ
230 2517 290 2583 τοῖς
318 2512 374 2583 ἔξω
396 2511 541 2598 πράξεως·
570 2515 693 2600 καλιὴν
716 2518 767 2599 μὲν

155 2612 247 2698 τύχην
269 2619 327 2679 τῶν
349 2619 484 2698 λογικῶν,
507 2619 540 2680 τὸ
557 2619 589 2681 δὲ
603 2618 767 2700 αὐτόματον

120 2732 144 2770 1⁰
156 2715 204 2777 καὶ
236 2722 295 2780 τῶν
325 2721 449 2800 λογικῶν
484 2719 531 2781 καὶ
564 2724 623 2783 τῶν
654 2721 766 2804 ἀλόγων

156 2813 266 2905 [ζῴων]
289 2822 337 2885 καί
360 2826 418 2885 τῶν
441 2821 564 2907 ἀψύχων
585 2820 765 2909 [σωράτων].

150 3942 160 3994 1
182 3941 225 4007 §2
249 3959 282 3993 ox
305 3944 385 3994 Arist.
410 3944 481 4009 phys.
496 3943 552 3997 115
574 3963 599 4011 p.
615 3943 677 3996 197·
688 3942 766 4007 bsqq.

110 4034 141 4080 ef.
161 4033 231 4081 ΡιοΙ.
251 4047 275 4095 ρ.
289 4027 341 4080 215

146 4118 163 4169 4
181 4117 195 4181 ξ
209 4117 226 4169 3
244 4134 276 4168 ex
289 4120 336 4167 Ar.
348 4119 421 4182 phys.
436 4120 492 4171 116
511 4120 626 4170 breviato
645 4120 675 4168 es.
695 4119 766 4168 Prot.

111 4223 136 4270 p.
151 4202 202 4255 215
222 4201 234 4269 Η
256 4203 272 4256 5
291 4203 337 4271 γὰρ
356 4221 406 4255 om.
427 4206 449 4254 Β
469 4201 482 4271 Η
503 4203 686 4273 αύτοράτουΒ

147 4293 163 4344 6
182 4294 231 4342 nisi
245 4293 337 4343 Attius
355 4296 480 4357 peccarit,
500 4296 561 4345 olim
578 4297 699 4358 scriptum
718 4293 767 4342 fuit

111 4376 242 4446 εἶναιγὰρ,
263 4381 308 4430 ssd
332 4382 439 4431 sortasse
453 4383 528 4445 plura
543 4382 730 4432 interciderunt
750 4373 763 4443 11

112 4465 243 4535 πρακτέοις
262 4469 292 4517 cf.
311 4469 346 4518 sd
359 4467 431 4520 Stob.
447 4464 459 4533 11
475 4468 575 4526 πάντως
594 4471 624 4519 cf.
646 4470 690 4518 Ar.
711 4470 728 4516 1.
742 4483 763 4516 υ.

112 4555 154 4605 καὶ
173 4551 251 4611 ύλως
269 4551 354 4622 πρᾶξις

150 4642 179 4692 11
203 4636 277 4709 ζῴων
311 4652 336 4691 st
364 4642 490 4708 σωμάτων
517 4645 605 4694 notavi
632 4642 764 4693 Plutarchi

112 4731 315 4793 posteriorumve
335 4732 497 4793 glossemata.

1419 323 1481 387 325

924 428 1081 479 sponsor
1099 408 1177 479 reor.
1190 429 1203 477 1
1217 427 1232 479 ο
1247 436 1277 476 ιι,
1289 429 1329 474 ιιι

791 579 807 630 2
865 565 1112 652 Ἀριστοτέλης
1134 566 1226 630 αἰτίαν
1245 566 1319 628 κατά
1334 566 1437 649 συμβε-

824 669 914 754 βηκὸς
936 669 966 732 έν
988 673 1052 738 τοῖς.
1070 667 1134 732 καθ’
1156 670 1249 754 ὁρμὴν
1265 669 1351 731 ένεκά
1362 690 1437 737 τινος

823 770 979 853 γινομένοις
1007 772 1130 836 ἄστατον
1157 773 1205 835 καὶ
1235 771 1354 853 ἄδηλον.
1387 771 1435 833 καὶ

823 873 977 944 ὑποθέσεις
1004 875 1055 956 μὲν
1082 875 1133 938 δύο
1159 879 1221 944 ταῖς
1243 874 1349 958 ἀρχαῖς
1376 872 1435 935 ἐνυ-

823 978 956 1063 πάρχειν,
977 977 1054 1047 τάξιν
1077 1000 1109 1039 τε
1127 977 1175 1040 καί
1191 974 1318 1053 ἀταξίαν,
1340 974 1433 1042 αἰτίας
1458 996 1471 1030 ⁵

823 1081 855 1143 δὲ
884 1079 1020 1165 τέτταρας
1047 1081 1077 1143 ἐν
1105 1085 1164 1150 τοῖς
1193 1079 1270 1149 ύλοις
1298 1075 1367 1141 καθ’
1402 1077 1435 1147 ἀς

822 1183 936 1246 ἅπαντα
948 1183 1122 1261 συνίσταται,
1134 1187 1200 1246 νοῖν
1212 1183 1297 1266 φύσιν
1308 1181 1434 1262 ἀνάγκην

821 1287 930 1372 τύχην·
962 1285 1010 1349 καί
1037 1285 1146 1349 τούτων
1173 1286 1277 1368 διπλῆν
1299 1284 1435 1365 ἑκάστην,

821 1390 873 1472 τὴν
894 1390 945 1471 μὲν
961 1388 1065 1458 ἐντοῖς
1081 1387 1272 1473 ἀνθρωπίνοις
1287 1386 1434 1469 πράγμασι

820 1493 872 1575 τὴν
901 1490 927 1553 δ’
961 1491 991 1554 έν
1020 1488 1133 1558 ἀλλοις·
1166 1488 1311 1552 τελεῖσθαι
1338 1488 1371 1550 δὲ
1397 1486 1434 1549 τά
1446 1506 1470 1544 10

822 1595 874 1676 μὲν
896 1595 1011 1662 πάντως
1036 1593 1072 1655 τὰ
1093 1592 1126 1655 δὲ
1147 1593 1222 1656 κατὰ
1244 1593 1277 1654 τὸ
1300 1593 1433 1654 πλεῖστον

820 1695 904 1760 τὰδ’
933 1695 1037 1760 ἄλλοτε
1062 1693 1169 1764 ἄλλως.
1202 1696 1253 1777 τὴν
1281 1692 1307 1755 δ’
1335 1695 1432 1777 εἱμαρ

822 1799 910 1883 μένην
932 1798 986 1862 οἰικ
1008 1796 1101 1861 αἰτίαν
1117 1798 1180 1881 μέν,
1202 1797 1307 1880 τρόπον
1323 1797 1356 1859 δέ
1371 1819 1433 1859 τινα

819 1901 927 1976 αἰτίας,
960 1900 1164 1986 συμβεβηκότα
1195 1922 1258 1967 πως
1290 1904 1349 1968 τοῖς
1381 1903 1433 1982 τῆς

820 2006 946 2086 ἀνάγκης
968 2003 1160 2086 τεταγμένοις.

785 2109 802 2162 3
859 2104 1098 2191 Ἀριστοτέλης
1117 2103 1261 2189 διαφέρειν
1277 2109 1329 2187 τῆς
1341 2105 1433 2190 τύχης

819 2212 853 2273 τὸ
875 2208 1049 2293 αὐτόματον·
1075 2211 1108 2272 τὸ
1131 2209 1183 2290 μέν
1198 2208 1252 2291 γάρ
1268 2208 1326 2270 ἀπὸ
1342 2207 1434 2293 τύχης

821 2313 868 2376 καὶ
905 2316 957 2375 τοῦ
993 2311 1159 2393 αὐτομάτου
1197 2309 1270 2373 εἶναι
1307 2311 1337 2372 ἐν
1374 2314 1433 2378 τοῖς

820 2418 987 2499 πρακτικοῖς
1009 2415 1133 2483 πάντως·
1160 2415 1193 2476 τὸ
1216 2410 1241 2474 θ’
1269 2412 1431 2494 αὐτόματον

820 2517 873 2580 οὐκ
907 2517 965 2580 ἀπὸ
998 2517 1104 2601 τύχης,
1135 2517 1166 2580 ἐν
1195 2514 1250 2597 γυ1ρ
1282 2518 1341 2582 τοῖς
1374 2512 1467 2583 ἔξωοο

818 2618 957 2704 πράξεως·
981 2618 1030 2682 καί
1052 2620 1104 2701 τὴν
1128 2618 1180 2700 μὲν
1203 2616 1296 2700 τύχην
1312 2620 1371 2679 τῶν
1386 2618 1430 2679 λο-

818 2726 916 2804 γικῶν,
938 2722 971 2783 τὸ
995 2718 1017 2782 δ’
1045 2719 1208 2800 αὐτόματον
1235 2717 1283 2780 καὶ
1306 2721 1364 2779 τῶν
1386 2720 1431 2780 λο-

817 2829 906 2907 γικῶν
928 2824 976 2886 καὶ
998 2828 1056 2885 τῶν
1080 2821 1194 2905 ἀλόγων
1221 2820 1269 2883 καὶ
1292 2820 1430 2904 ἀψύχων·

818 2927 867 2991 καί
894 2926 946 3009 τὴν
970 2924 1022 3007 μὲν
1044 2924 1136 3009 τύχην
1162 2921 1340 3008 προαιρέτως
1362 2944 1430 3004 pope

819 3029 935 3116 βαίνειν,
953 3029 987 3091 τὸ
1003 3025 1023 3090 δ’
1044 3024 1207 3109 αὐτόματον
1223 3025 1429 3109 ἀπροαιρέτως·
1442 3046 1467 3084 νυ

818 3133 866 3196 καί
893 3132 946 3215 τἠν
973 3129 1025 3212 μέν
1053 3153 1127 3199 τινος
1155 3130 1335 3213 ὑπάρχοντος
1361 3128 1430 3211 γίνε

819 3235 904 3314 σθαι,
937 3234 971 3297 τὸ
998 3232 1031 3295 δὲ
1057 3231 1189 3314 ἀλόγως,
1224 3232 1346 3315 μηθενὸς
1376 3228 1433 3299 ἔξω

819 3336 1034 3422 βουλευθέντοςι
1212 3316 1225 3363 ⁸

783 3440 800 3492 4
862 3438 1086 3524 Θεόφραστος
1125 3435 1334 3520 πρυσδιαρθροῖ
1367 3439 1430 3505 ταῖς

818 3542 921 3611 αἰτίαις
942 3542 995 3625 τὴν
1017 3541 1092 3604 κατὰ
1114 3540 1289 3624 προαίρεσιν·
1310 3537 1428 3623 φέρεται
1440 3558 1465 3597 so

817 3645 850 3708 δέ
874 3669 936 3714 πως
958 3644 999 3714 εἰς
1020 3645 1053 3706 τό
1076 3641 1253 3727 εἱμαρμένην
1280 3639 1353 3704 εἶναι
1378 3641 1430 3725 τὴν

818 3749 941 3811 ἑκάστου
963 3747 1057 3832 φύσιν.
1080 3745 1110 3809 έν
1133 3742 1155 3829 ᾗ
1178 3744 1266 3809 τόπον
1287 3744 1430 3829 τεττάρων

1444 2021 1468 2058 15

855 3935 866 3987 l
888 3931 1045 4003 συμβεβηκός
1063 3933 1107 3985 καί
1119 3930 1336 4004 παρακολούθημα
1350 3935 1473 3985 Μοῖποίτο

818 4041 850 4076 ox
863 4025 958 4074 codicis
973 4024 1082 4086 August
1097 4038 1184 4073 errors
1198 4023 1229 4072 cf.
1245 4020 1259 4084 ξ
1273 4021 1282 4071 1
1298 4016 1443 4086 123241218
1458 4016 1470 4086 11

817 4106 936 4179 θάόηλον
948 4109 992 4161 καί
1006 4107 1112 4162 ἄστατον
1123 4112 1171 4161 fuit
1183 4113 1209 4160 in
1224 4111 1302 4161 Assio
1322 4109 1353 4158 of.
1366 4109 1435 4158 Plut.
1448 4116 1474 4157 st

817 4199 926 4261 Theod„
944 4200 1101 4264 transposuit
1117 4196 1245 4248 Stobssus
1265 4191 1279 4263 11
1301 4195 1332 4246 10
1351 4190 1474 4246 τιλεῖσθαι

817 4283 863 4353 γὰρ
881 4287 919 4336 A:
942 4302 1008 4337 corr.
1031 4286 1134 4336 Hesrsn
1162 4280 1175 4351 Η
1202 4282 1234 4336 19
1258 4285 1350 4335 Attius
1372 4286 1474 4350 scripsit

816 4375 936 4441 πρακτοῖς
950 4373 982 4423 ef.
992 4373 1073 4424 Arist.
1086 4374 1103 4423 1.
1115 4389 1136 4423 α
1151 4374 1201 4423 nisi
1217 4372 1279 4436 legit
1293 4373 1345 4423 illio
1359 4369 1473 4438 πρακτέα

816 4469 844 4511 ut
857 4459 947 4524 Simpl.
960 4461 977 4510 f.
993 4458 1045 4510 73ι
1059 4458 1098 4510 17.
1117 4456 1151 4511 26

1021 4549 1222 4556 ----
1228 4546 1461 4555 ---.-,-...-

819 4582 985 4635 ALIORUM
1004 4583 1054 4633 EX
1072 4582 1185 4633 Almo
1204 4580 1400 4631 EXCERPTA

853 4667 869 4721 2
887 4665 1051 4726 1110010101.
1063 4671 1080 4720 1.
1093 4687 1114 4720 υ.
1133 4667 1177 4719 κα1
1190 4664 1202 4717 ό
1215 4661 1429 4736 Ἀριστοτέλης
1447 4665 1473 4718 δί

818 4752 940 4815 ὡσαύτως
958 4755 1038 4808 αἰτίαν
1056 4753 1104 4824 ἔφη
1121 4753 1187 4806 κατά
1204 4752 1360 4824 ξυμβεβηκύς
1379 4753 1405 4806 ἐν
1422 4759 1474 4813 τοῖς

818 4840 876 4895 καθ’
897 4841 976 4914 ὁρμὴν
999 4842 1071 4895 ἕνεκά
1088 4859 1153 4900 τινος
1171 4841 1319 4911 γιγνομένοις
1338 4841 1428 4915 ἀόηλόν
1446 4860 1473 4894 τε

819 4932 864 4985 καί
882 4929 996 4985 ἄστατον.
