3442 5588
650 282 926 334 rnonncomuun
1430 281 1472 345 85

104 453 221 514 tiores
243 454 448 516 animorum
469 461 676 515 vestrorum
696 464 822 528 motus,
845 453 958 514 dedali
980 470 1108 531 operam
1130 472 1168 514 nc
1192 455 1267 534 qreid
1288 463 1366 516 curci
1388 455 1471 534 quod

103 558 136 618 ιἰι
170 565 198 619 tc
233 557 395 638 quaquam
425 555 670 635 reprehenderet.
716 559 824 619 cetera
856 552 968 618 omitto
1002 572 1086 636 quae
1117 552 1150 617 in
1184 552 1267 619 tritis
1300 563 1471 621 versantur

104 657 299 742 praeceptis
329 675 414 740 quae
428 674 506 721 vero
522 656 664 741 exhibui,
679 655 820 722 dilucide
834 660 869 719 ut
884 653 964 719 nihil
979 655 1082 739 possit
1097 655 1212 722 melius
1224 656 1291 721 Arii
1307 679 1422 724 munus
1438 664 1471 724 et

103 759 360 826 familiaritatem
375 758 647 849 circumscribunt.
670 777 709 824 ac
723 757 783 823 fuit
802 756 840 841 is,
857 756 908 822 cui
925 764 992 824 tam
1009 758 1130 824 blanda
1147 759 1322 825 severitate
1338 759 1470 825 nimium

104 861 211 929 Iuliae
231 863 354 928 luctum
376 859 536 943 castigare
558 880 747 927 concessum
769 867 849 944 erat,
871 860 945 944 ipsa
966 868 1075 929 aetate
1098 861 1317 946 gravissimus.
1352 882 1428 928 nam
1443 862 1471 927 si

104 965 249 1031 alentes
270 963 443 1047 subducas,
466 962 629 1046 vigentem
651 981 680 1028 a.
698 964 761 1028 724
782 984 849 1029 non
871 963 977 1029 minus
999 963 1170 1047 sexaginta
1189 984 1347 1030 annorum
1369 963 1471 1030 habes

104 1085 134 1132 a.
164 1068 237 1132 745.
286 1071 364 1132 ante
382 1089 384 1094 ·
400 1065 580 1148 Augustum
619 1064 713 1151 obiit,
754 1065 809 1150 qui
846 1086 1065 1132 successorem
1103 1068 1268 1134 constituit
1304 1067 1469 1134 Theonem

103 1167 263 1253 Stoicum,
292 1186 388 1250 quem
410 1185 510 1250 supra
531 1169 791 1236 commemoravi.
833 1189 910 1234 uum
932 1167 988 1233 lilii
1011 1169 1225 1255 Dionysius
1247 1179 1280 1237 et
1300 1170 1471 1236 Nicanor

102 1270 205 1336 etiam
226 1275 300 1354 post
322 1268 425 1353 patris
445 1276 581 1335 mortem
609 1268 643 1335 in
672 1271 880 1338 coutubernio
908 1270 1028 1337 fuerint
1053 1273 1152 1356 plane
1179 1273 1345 1341 incertum.
1392 1272 1469 1357 quid

101 1393 182 1440 uero
205 1373 313 1439 dicam
335 1372 376 1438 de
391 1371 585 1438 Letronnei¹
608 1370 751 1459 inuento,
774 1394 838 1458 quo
861 1373 922 1439 sibi
937 1374 1006 1438 Arii
1028 1382 1179 1459 nepotem
1195 1376 1359 1443 iuvenisse
1381 1376 1470 1443 risus

101 1475 176 1542 est?
212 1476 412 1560 epigramma
438 1475 473 1540 in
498 1474 605 1540 insula
627 1474 728 1541 Philis
753 1482 917 1559 repertum
945 1477 1168 1544 acrostichidis
1195 1486 1228 1545 et
1255 1477 1476 1545 telostichidis

101 1577 278 1645 wuiuuoto
301 1576 436 1645 ardfieio
459 1583 608 1642 ornatum
631 1583 681 1642 est
704 1575 843 1642 Κατιλίου
864 1583 917 1642 τοῦ
941 1579 1111 1665 Νικάνορος.

307 1679 360 1746 Kd
383 1681 420 1764 μὲ
441 1680 491 1744 τὸν
514 1679 652 1765 εὐτέχνου
674 1680 771 1764 φωτὸς
794 1680 904 1765 στίχον,
928 1682 954 1745 ὦ
977 1683 1054 1768 φίλε,
1078 1686 1171 1770 βῆμα

305 1784 339 1848 τί
383 1805 447 1866 μιον
470 1782 626 1864 ἀμπαύσας
649 1780 761 1866 ἔγρεσθε
782 1784 830 1846 καὶ
853 1784 984 1868 χάρισαι

306 1891 338 1951 λι
380 1890 443 1955 ταῖς
465 1885 602 1969 ἱστορίαις
622 1885 701 1948 λιτὸν
723 1886 810 1950 πόνον
832 1886 880 1949 οἷα
901 1886 1072 1972 atras-spat

306 1990 345 2054 od
382 1989 461 2066 κενά,
484 1987 601 2070 μηνύων
624 1986 713 2072 οὕπερ
736 1987 807 2073 ἔφυν
829 1990 958 2073 γενέτοο

289 2095 365 2157 ‘rod
381 2093 414 2156 δὲ
436 2093 528 2154 καλοῦ
550 2092 684 2167 πλώσας,
707 2090 789 2175 φησί,
811 2090 882 2170 ξένε,
904 2093 1039 2177 χεύματα
1064 2093 1187 2159 Νείλου

305 2220 361 2260 και
384 2195 434 2280 ρὸν
456 2191 521 2277 ἔχοι
542 2197 663 2277 φωνεῖν·
686 2194 803 2278 χαίρετε
824 2197 929 2273 πολλοί,
952 2196 1057 2261 Φιλαι

309 2323 340 2362 νι
384 2301 482 2379 κῶμαι
504 2294 621 2379 πέτραις
642 2319 674 2358 τε
695 2298 743 2360 καὶ
766 2295 878 2381 οὔρεσιν
902 2297 928 2360 ὦ
950 2301 1139 2385 καταράκται

306 2403 349 2466 κά
384 2403 429 2484 χῶ
450 2397 515 2484 ἔχω
536 2398 650 2483 τεύχειν
673 2399 819 2484 ἱστορικὴν
841 2399 952 2463 σελίδα

305 2528 342 2569 νο
386 2504 496 2586 στήσας
517 2501 565 2563 καὶ
588 2500 658 2564 ἰδὼν
682 2498 830 2585 Νικάνορα
851 2503 900 2564 καὶ
922 2502 1003 2586 γένος
1024 2503 1110 2569 ἄλλο

308 2611 365 2692 ρος
387 2606 561 2669 καταλοιιτον
584 2601 658 2688 ἔχον.
701 2596 787 2667 τοῦτο
808 2605 862 2688 γάρ
885 2605 947 2668 ἐστι
969 2605 1019 2668 τέλ
1032 2603 1087 2675 στ’.

98 2709 189 2776 idem
212 2708 350 2775 Catilius
372 2706 427 2792 qui
449 2713 482 2772 et
500 2704 643 2771 Nicanor
664 2704 836 2771 Nicanoris
857 2705 941 2772 filius
963 2706 1030 2772 alia
1051 2708 1115 2774 duo
1135 2707 1212 2774 lecit
1231 2709 1467 2793 epigrammata

98 2811 134 2878 iu
150 2811 269 2879 eadem
282 2811 391 2878 insula
405 2815 535 2892 reperta
557 2807 648 2904 [OLL
665 2808 704 2874 G.
720 2809 815 2874 4923.
830 2809 940 2892 49247
972 2809 1038 2874 iam
1059 2830 1131 2876 cum
1153 2811 1291 2896 primum
1313 2812 1468 2896 scriptum

99 2914 144 2980 sit
159 2914 187 2980 1.
200 2917 240 3001 ἶγ
253 2912 402 2999 Καίσαρος
423 2912 569 2999 φαρενώθ
591 2913 619 2998 ιβ
641 2911 684 2994 [a.
700 2911 731 2976 d.
748 2911 825 2977 VIII
839 2911 882 2979 id.
898 2918 992 2978 mart.
1012 2932 1042 2978 a.
1060 2912 1146 2997 747],
1169 2912 1354 2980 Letronneo
1374 2914 1469 2980 NIca·

98 3035 216 3083 norem
232 3016 341 3083 Catilii
355 3022 481 3101 patrem
496 3035 569 3080 oum
583 3013 653 3079 Arii
667 3012 733 3079 filio
749 3034 945 3098 componere
959 3015 1091 3099 placuit.
1122 3022 1303 3099 temporum
1325 3016 1469 3083 rationes

98 3137 169 3184 nou
183 3117 326 3186 obstant
359 3138 435 3184 uam
449 3115 683 3200 sexagenarius
697 3116 941 3184 adulescentem
962 3117 1085 3184 habere
1108 3123 1215 3201 potest
1236 3126 1400 3201 nepotem.
1435 3125 1469 3183 et

99 3219 361 3289 turrenorum
382 3221 655 3304 adulescentulus,
677 3218 731 3302 qui
753 3220 896 3304 pueriles
916 3219 997 3286 istos
1020 3221 1109 3286 lusus
1130 3221 1165 3285 in
1186 3239 1266 3286 saxo
1288 3218 1473 3302 insculpsit·

98 3329 137 3389 at
165 3325 328 3408 quomodo
361 3321 533 3389 Nicanoris
563 3320 663 3387 filium
689 3322 875 3408 Aegyptum
908 3323 1100 3389 translatum
1134 3329 1245 3407 putas,
1278 3327 1470 3405 cumpater

98 3426 243 3511 Augusti
264 3425 475 3494 coutubernio
497 3425 621 3491 Romae
642 3424 807 3491 uteretur?
839 3446 945 3510 neque
967 3425 1053 3491 euim
1075 3425 1251 3510 quidquam
1271 3423 1469 3509 Aegyptium

99 3528 270 3597 Nicanore
289 3551 356 3597 non
377 3528 478 3595 finisse
500 3525 647 3594 suadet'
679 3526 724 3593 ibi
745 3530 940 3612 pervulgare
961 3529 1042 3595 illud
1060 3548 1179 3595 nomeu
1201 3525 1469 3593 aMacedonibus

97 3632 336 3700 Alexandriam
357 3635 587 3699 transvectum
632 3648 733 3712 quare
754 3636 880 3696 tautum
901 3631 1004 3716 abest,
1027 3640 1063 3698 ut
1084 3633 1207 3696 doctore
1228 3641 1257 3695 ct
1278 3632 1370 3695 udde
1385 3650 1469 3713 pro-

96 3736 237 3801 bobilo»
265 3734 441 3804 Letrouuei
471 3732 689 3799 coniecturam
719 3732 918 3819 praedicem,
952 3735 1039 3818 quod
1071 3742 1121 3801 est
1147 3733 1280 3818 Hauptil
1314 3733 1466 3799 iudicium

96 3838 214 3906 Herm.
229 3839 259 3906 V
273 3840 327 3923 21,
348 3842 384 3902 ut
405 3856 447 3902 ue
469 3834 617 3902 umbram
638 3833 768 3918 quidem
789 3834 859 3901 veri
881 3837 1100 3904 similitudinis
1121 3837 1228 3903 inesse
1251 3834 1443 3903 existimem.

172 4013 183 4044 ¹
209 4013 311 4080 Syllog.
329 4015 443 4078 iuscript
467 4012 560 4064 Graec.
583 4019 609 4060 et
631 4010 689 4059 Lat.
708 4010 820 4074 Aegypt
839 4017 857 4058 t.
870 4012 898 4062 11
916 4029 941 4078 p.
955 4011 1014 4064 155.
1039 4011 1152 4062 Kaibelii
1171 4013 1250 4076 epigr.
1270 4009 1375 4062 979-
1394 4027 1468 4063 acro-

96 4102 217 4153 stichidis
242 4101 378 4153 artificium
400 4115 455 4150 nou
478 4101 640 4162 incognitum
664 4098 859 4149 Alexandriam.
901 4101 1083 4151 commentarIo
1109 4099 1284 4148 astrduomiub
1308 4102 1384 4150 aunis
1407 4108 1468 4151 ante

41 4213 45 4217 ’
97 4187 319 4242 cuniae—190
337 4190 479 4253 composito
492 4179 606 4243 Εὐδόξου
623 4182 700 4253 τέχνη
719 4189 908 4250 praesentitur.
941 4196 1003 4238 notu
1020 4197 1060 4239 est
1076 4188 1228 4251 Dionysii
1247 4186 1467 4253 CalliphontIe

95 4279 145 4329 Alii
168 4280 273 4329 &tutia
299 4277 331 4328 cf.
350 4283 483 4341 praeterea
504 4274 592 4324 nuere.
610 4273 634 4322 V
653 4270 688 4323 93
709 4274 818 4324 Authol
838 4275 894 4325 Pul.
911 4276 953 4325 III
969 4273 1021 4328 385
1044 4274 1158 4326 Kaibelii
1182 4275 1261 4337 epigr.
1282 4291 1307 4338 p.
1321 4271 1381 4327 679.
1417 4290 1465 4326 nec
1540 4289 1542 4292 ’

98 4369 186 4418 minus
204 4373 331 4418 caverant
349 4365 393 4428 qui
412 4364 518 4414 oracula
536 4363 677 4425 antiquitus
696 4361 834 4413 linxerunt.
871 4365 902 4414 cf.
921 4365 974 4414 Cic.
994 4365 1025 4414 de
1044 4365 1124 4414 divIn.
1143 4362 1171 4412 II
1184 4359 1227 4412 54.
1252 4362 1362 4426 Dionys.
1381 4363 1465 4413 Helie.

98 4452 273 4507 maweu.
293 4453 386 4516 Phleg.
404 4454 461 4502 mtr.
481 4448 524 4502 10.
544 4476 578 4486 -
596 4450 641 4500 Br.
660 4451 692 4499 de
711 4450 799 4500 Presle
817 4450 891 4512 (Not.
907 4461 934 4503 et
952 4462 1017 4503 extr.
1036 4453 1061 4502 d.
1078 4467 1147 4502 man.
1164 4447 1289 4501 xvint
1307 4447 1391 4515 ped)
1409 4466 1467 4502 eam

10 4574 13 4587 ·
102 4544 321 4596 cometudiuem
339 4558 356 4593 a
373 4540 477 4590 Iudaeis
495 4540 700 4604 psalmographm
718 4540 907 4590 Alexandriam
926 4548 1095 4590 transvectam
1113 4541 1265 4605 suspicatur.

170 4628 182 4662 ²
208 4646 291 4695 quare
309 4638 380 4680 recte
398 4632 426 4679 In
444 4630 525 4693 epigr.
539 4623 717 4689 eluenda
736 4629 913 4679 AlexandrIue
932 4630 1030 4693 patriae
1049 4631 1174 4679 memoria
1192 4629 1311 4693 suppleta
1327 4637 1374 4679 est
1410 4623 1466 4681 Ka·

100 4717 174 4778 τίλιος
195 4717 270 4788 ἁγνὸν
293 4711 537 4787 77ηττε1[γρ]άμμ’
559 4711 604 4767 ἀπ’
625 4709 795 4785 [distendere
817 4713 901 4786 δ]ιῖνρο
923 4713 1034 4784 pomula
1056 4714 1150 4776 πόλιος.
1187 4717 1258 4781 quod
1282 4719 1395 4783 Augusti
1416 4720 1467 4770 hoc

102 4812 255 4876 epigramma
274 4808 367 4858 laudes
386 4805 507 4868 celebrat,
527 4806 702 4856 Letronueum
719 4806 831 4856 maxime
848 4809 960 4858 movisse
978 4807 1087 4859 videtur.
1116 4810 1161 4860 sed
1182 4811 1238 4873 quie
1258 4808 1347 4860 medat
1365 4809 1466 4875 repetit

103 4902 218 4965 petram
236 4899 282 4950 aui
300 4911 360 4946 curu
378 4896 494 4963 principe
512 4897 713 4947 familiaritatem
732 4898 884 4947 omissurum
902 4897 997 4946 misse?
