3442 5588
615 327 888 378 Pnounaounua
1392 326 1432 388 47

76 492 301 576 paragraphos
323 496 480 579 servavit,
502 494 550 558 illi
572 495 730 578 quinque,
754 502 924 578 praeterea
947 496 1099 558 lemmata
1125 493 1301 574 integriora
1325 493 1406 557 istic.
1424 493 1431 523 ¹

74 596 206 677 quintus
228 596 309 663 liber
331 618 397 662 nou
420 598 584 680 inspectus
608 604 666 662 est.

155 698 304 782 Apparet
334 719 374 765 ex
401 699 463 764 hoc
485 706 676 782 conspectu,
709 698 821 781 quanti
848 699 912 764 sint
938 697 1032 762 nobis
1055 697 1250 763 Theodoreti
1280 705 1434 780 excerpta

68 798 139 864 sive
161 800 310 866 ordinem
333 801 402 866 sive
424 801 616 885 scripturam
643 801 711 865 sive
736 800 864 884 copiam
892 800 1074 882 grandioris
1099 799 1206 883 operis
1228 799 1431 864 restituturis·

68 919 144 966 nam
172 904 314 986 paucula
342 902 461 968 menda
492 909 591 985 atque
621 902 782 984 genuinae
811 903 1033 968 collocationis
1063 902 1175 967 mrbus
1205 921 1284 985 prae
1310 902 1435 984 reliqua

67 1005 271 1086 praestantia
292 1004 430 1069 libenter
452 1002 680 1071 condonemus.

154 1104 329 1188 Singulare
349 1112 458 1171 autem
481 1125 520 1170 ac
543 1107 705 1190 quantivis
729 1107 824 1190 pretii
847 1114 897 1172 est
912 1106 1107 1173 Theodoreti
1130 1106 1209 1171 illud
1232 1105 1431 1189 beneficirun,

68 1208 156 1290 qnod
183 1207 341 1292 plenioris
369 1206 442 1272 libri
473 1214 639 1274 auctorem
671 1209 718 1274 ita
751 1208 944 1292 significavit
975 1215 1011 1273 ut
1043 1216 1117 1293 post
1149 1215 1196 1273 tot
1229 1209 1431 1273 saeculorum

67 1308 201 1374 exilium
226 1309 371 1375 revocari
401 1309 530 1374 tandem
561 1309 736 1392 aliquando
766 1332 805 1377 ao
831 1310 1029 1395 postliminio
1059 1312 1182 1377 restitui
1206 1317 1326 1395 posset.
1371 1310 1432 1394 Cy-

66 1413 172 1477 rensis
206 1413 377 1497 episcopus
411 1411 637 1493 graecanicam
671 1421 796 1498 pestem
830 1420 997 1478 curaturus
1031 1414 1161 1480 Eusebii
1196 1414 1362 1496 exemplar
1391 1434 1430 1478 eo

66 1533 196 1596 quoqne
220 1521 349 1579 secutus
372 1520 431 1596 est,
453 1520 489 1579 ut
512 1514 681 1596 gentilium
705 1514 944 1599 philosophiam
960 1523 993 1580 et
1008 1516 1203 1598 theologiam
1226 1537 1266 1580 ex
1289 1516 1430 1599 ipsorum

65 1614 196 1699 scriptis
224 1614 379 1681 refutaret
402 1615 582 1698 animisque
605 1636 746 1682 errorem
769 1617 858 1703 prius
880 1616 1036 1682 evelleret
1058 1638 1155 1700 quam
1182 1636 1292 1682 veram
1316 1617 1431 1682 doctri·

64 1735 142 1782 nam
171 1717 354 1783 instillaret.
400 1737 477 1799 ergo
505 1736 546 1781 ne
576 1716 727 1785 fallaciae
754 1726 944 1802 argueretur
971 1719 1181 1784 creberrimus
1208 1728 1258 1784 est
1284 1720 1318 1785 in
1344 1721 1430 1786 testi·
1514 1725 1516 1728 ⁴

66 1818 183 1884 moniis
211 1819 424 1901 Graecorum,
457 1819 664 1902 parcissimus
698 1822 731 1886 in
758 1820 889 1887 Eusebii
917 1841 955 1886 ac
986 1820 1176 1904 clementis,
1208 1822 1293 1887 unde
1320 1828 1429 1887 tamen

64 1922 226 2005 pleraque
260 1922 367 1986 omnia
398 1920 524 1986 furatus
558 1930 616 1987 est.
662 1943 722 1989 nec
748 1923 819 2007 ipse
853 1922 970 1989 celavit
997 1923 1101 1987 istanc
1129 1923 1297 1989 rationem.
1330 1926 1361 1988 X
1387 1927 1428 1989 42

65 2021 217 2105 Οἰνομάου
246 2025 280 2087 δὲ
305 2025 352 2086 καὶ
380 2022 545 2109 Πορφυρίου
572 2027 620 2088 καλ
652 2025 841 2112 Πλουτάρχου
874 2027 921 2088 καὶ
952 2026 1131 2108 Διογενιανοῦ
1165 2029 1211 2089 καὶ
1242 2032 1300 2089 τῶν
1332 2027 1428 2090 άλλων

65 2127 163 2206 ὑμῶν
198 2126 302 2189 ἕνεκα
334 2127 536 2210 ἐπεμνήσθην,
570 2129 726 2213 ἐπειδήπερ
761 2130 842 2210 ὑμῖν
877 2130 917 2191 τὰ
951 2129 1107 2212 ὑμέτερα
1147 2129 1309 2210 λέγοντές
1340 2131 1428 2195 εἰσιν

64 2226 266 2312 ἀξιόχρεοι,
308 2231 389 2311 ἡμῖν
427 2229 465 2290 δὲ
507 2231 613 2312 ἀρκεῖ
650 2236 718 2293 τῶν
757 2233 971 2315 πραγμάτων
1008 2232 1028 2314 ἡ
1065 2230 1244 2314 μαρτυρία.
1298 2232 1429 2297 uomina

63 2328 316 2395 existimationis
351 2330 438 2413 apud
467 2330 612 2396 Graecos
644 2330 749 2412 gratia
780 2332 973 2415 afferuntur,
1009 2331 1100 2414 ipsae
1133 2351 1185 2395 res
1219 2351 1259 2396 ex
1288 2333 1427 2398 Eusebio

70 2429 225 2496 videlicet
247 2430 511 2496 transcribuntur.
551 2433 626 2497 hine
647 2431 894 2517 Porphyrius
908 2433 1045 2499 *totiens
1070 2433 1104 2495 in
1132 2432 1347 2498 testimoninm
1374 2455 1429 2500 vo·

65 2541 159 2599 caan
180 2541 218 2599 ut
239 2534 271 2598 II
293 2535 335 2599 43
358 2535 383 2597 et
405 2533 427 2597 δ’
455 2533 497 2598 ἔτι
519 2537 568 2598 καλ
590 2541 639 2599 νῦν
662 2535 823 2607 ἐνδοιάζετε
844 2538 892 2599 καὶ
912 2538 1045 2599 πλάττειν
1068 2537 1147 2619 ἡμᾶς
1169 2536 1251 2599 τόνδε
1271 2538 1321 2600 τδν
1343 2539 1427 2620 λόγον

65 2638 302 2721 ὑπολαμβάνετε,
325 2636 521 2722 Πορφόριος
547 2644 615 2721 γοῦν
643 2640 709 2720 ὑμῖν
733 2640 839 2722 μάρτυς
862 2637 1022 2722 ἀξιόχρεως
1045 2636 1133 2701 ἔστω.
1165 2640 1428 2704 necsecus114

61 2740 110 2801 καί
132 2743 225 2801 ταῦτα
247 2740 375 2802 διδάσκει
398 2741 450 2821 μὲν
473 2738 703 2824 Πλούταρχος
726 2743 742 2803 ό
767 2739 921 2815 Βοιώτιος,
947 2740 1075 2803 διδάσκει
1097 2740 1200 2803 δὲκαὶ
1224 2738 1427 2826 [Ιορφόριος

59 2843 76 2903 ό
99 2842 175 2904 κατὰ
196 2846 250 2924 τῆς
271 2841 411 2924 ἀληθείας
434 2843 577 2923 λυπήσας
599 2842 647 2904 καλ
675 2841 771 2922 μέντοι
796 2844 844 2905 καὶ
866 2841 1071 2927 Νουμήνιος
1097 2844 1145 2905 καὶ
1173 2842 1264 2925 ἕτεροι
1287 2846 1424 2909 πλεῖστοι.

62 2941 137 3005 hinc
159 2942 259 3008 etiam
282 2963 322 3008 ea
345 2962 428 3026 quae
450 2942 657 3026 appositurus
673 2964 742 3007 sum
758 2945 873 3009 melius
889 2944 1131 3028 perspicientur.
1148 2950 1325 3027 postquam
1341 2945 1426 3010 euim

59 3043 105 3107 lV
120 3047 231 3109 5—24
259 3046 384 3110 Placita
411 3044 521 3109 valide
548 3043 735 3127 compilavit
760 3044 968 3130 Socratisque
995 3054 1030 3110 ut
1061 3044 1304 3128 locupletissimi
1331 3047 1444 3112 testis·

59 3146 252 3211 memoriam
275 3146 401 3230 citavit,
431 3146 535 3231 pergit
557 3147 648 3225 §3lz
675 3147 701 3209 el
724 3148 755 3211 δέ
779 3171 819 3218 τις
842 3147 931 3211 οἴεται
954 3150 1030 3231 κάμὲ
1054 3152 1269 3233 συκοφαντῆσαι
1292 3149 1358 3217 τοὺς
1380 3149 1425 3212 άν-

58 3251 128 3332 δρος
151 3252 206 3333 τὴν
229 3250 404 3333 παμπόλλην
426 3249 523 3313 αὐτῶν
546 3251 704 3333 διαφωνίαν
728 3250 914 3335 ἐξελέγχοντα
938 3252 1095 3334 ἀναγνώτω
1119 3251 1170 3332 μὲν

142 3351 279 3416 Ἀετίου
300 3355 364 3436 την
385 3353 466 3436 περὶ
489 3350 712 3435 ἀρεσκόντων
736 3351 951 3436 ξυναγωγήν,
975 3354 1131 3435 ἀναγνώτω
1153 3354 1186 3415 δὲ

146 3453 378 3539 Πλουτάρχου
411 3455 472 3537 τὴν
508 3455 583 3537 περὶ
616 3456 685 3514 τῶν
714 3459 789 3522 τοῖς
817 3455 1026 3540 φιλοσόφοις
1052 3455 1227 3523 δοξάντων
1255 3455 1424 3538 ἐπιτομὴν

56 3556 104 3618 καὶ
130 3555 338 3641 Πορφυρίου
360 3557 393 3619 δὲ
415 3559 434 3640 ἡ
458 3556 656 3641 φιλόσοφος
679 3557 817 3639 ἱστορία
839 3558 932 3619 πολλὰ
953 3561 1071 3619 τοιαῦτα
1094 3559 1220 3620 διδάσκει

144 3658 267 3743 ἀπόχρη
288 3659 322 3722 δὲ
344 3659 392 3721 καὶ
415 3659 451 3721 τὰ
473 3657 707 3740 Ξενοφῶντος
730 3659 770 3720 ών
793 3658 899 3742 ἀρτίως
920 3660 1109 3743 ἐμνήσθημεν
1129 3656 1425 3743 [ἀπομνημονεύματα

56 3757 149 3845 §301
172 3764 355 3844 μαρτυρῆσαι
377 3765 438 3830 τοῖς
459 3757 522 3843 παρ’
551 3761 637 3842 ἡμῶν
659 3758 821 3842 εἰρημένοις
843 3762 995 3844 ἀλήθειαν.

146 3860 272 3926 Ultima
292 3861 385 3927 vides
407 3867 539 3946 proptor
561 3858 705 3924 Socratis
727 3879 767 3925 ex
783 3861 1000 3946 Xenophonte
1023 3863 1210 3928 memoriam
1233 3862 1320 3927 dicta
1342 3881 1423 3927 esse.

56 3983 136 4046 ergo
164 3963 375 4045 indagandus
404 3970 454 4029 est
476 3962 673 4028 Placitorum
695 3969 808 4027 auctor
830 3963 863 4027 in
886 3964 948 4047 eis,
977 3984 1060 4046 quae
1083 3970 1159 4028 ante
1182 3963 1348 4029 Socratem
1372 3982 1425 4028 ex·

55 4073 172 4150 carpta
204 4072 289 4130 sunt.
334 4065 393 4131 sed
414 4072 481 4131 tres
504 4063 712 4130 nominantur
733 4064 846 4131 Aetius
879 4065 1071 4131 Plutarchus
1102 4064 1318 4149 PorphyriuS,
1352 4086 1423 4129 cum

55 4174 169 4235 umen
192 4188 276 4233 unus
299 4166 380 4233 liber
401 4168 471 4234 sine
493 4168 591 4235 dubio
614 4167 656 4231 ad
679 4186 794 4232 manus
816 4166 922 4234 luerit.
957 4169 1027 4251 quis
1049 4167 1147 4250 igitur
1168 4166 1251 4232 fuit?
1279 4166 1424 4251 Porphy-

130 4386 138 4420 ¹
157 4405 225 4454 qnae
252 4400 374 4442 secuntur
395 4391 478 4442 effect
493 4407 547 4441 our.
564 4388 633 4443 vib
642 4406 681 4454 sq.
705 4385 797 4458 Ζήνων
815 4386 869 4440 κτλ.
893 4391 998 4441 liberius
1021 4407 1052 4441 ax
1075 4391 1190 4440 Eusebio
1209 4391 1260 4440 XV
1273 4388 1306 4440 20
1316 4406 1354 4454 sq.
1377 4406 1422 4440 ex·

55 4491 146 4540 pressa
164 4486 233 4527 sunt.
270 4479 341 4541 quod
360 4495 453 4529 moneo
472 4495 525 4529 non
543 4480 627 4530 solum
645 4467 750 4544 propter
769 4478 957 4539 Gaisiordium,
981 4494 1055 4542 quem
1075 4479 1180 4529 Eusebii
1197 4480 1322 4528 memoria
1340 4479 1422 4539 latuit,

56 4565 102 4613 sed
120 4574 260 4630 propterea
278 4567 349 4629 quod
366 4569 417 4616 iam
430 4567 611 4617 Theodoretns
630 4582 652 4616 c.
669 4563 771 4617 18—20
789 4566 853 4616 falso
869 4566 997 4616 Numenio
1011 4569 1180 4625 coadunavit,
1199 4568 1242 4628 qui
1261 4581 1282 4614 c.
1298 4564 1329 4615 17
1348 4581 1422 4630 prae·

58 4654 140 4702 cessit
168 4661 229 4703 sunt
251 4662 337 4703 autem
361 4668 452 4703 revera
474 4655 519 4703 illa
536 4655 621 4717 capita
639 4654 696 4702 Arii
714 4653 820 4717 Didymi
838 4654 868 4702 fr.
884 4650 927 4703 39.
950 4654 981 4702 cf.
1000 4653 1108 4702 Krische
1128 4652 1233 4702 Forsoh.
1252 4669 1277 4717 p.
1290 4650 1350 4704 359.
1370 4651 1422 4703 483

57 4739 195 4802 'rhedinga
212 4741 245 4792 de
264 4741 398 4791 Numenio
416 4740 501 4790 Bonn.
523 4738 590 4792 1875
609 4756 633 4804 p.
646 4739 671 4791 9.
699 4755 771 4789 error
793 4747 879 4790 curtem
898 4746 982 4788 utrum
1001 4741 1058 4805 post
1077 4739 1217 4790 Eusebium
1235 4743 1372 4792 insinuarit
1388 4756 1421 4790 au

57 4829 104 4890 ipsi
124 4829 241 4878 Eusebio
260 4827 401 4878 schedulas
417 4828 549 4892 colligenti
568 4828 690 4878 acciderit
711 4825 754 4888 [ef.
773 4828 795 4876 1.
810 4827 984 4878 Fraudeuthal
1004 4829 1137 4877 Hellenist.
1152 4827 1252 4879 Studl
1270 4846 1294 4892 p.
1308 4826 1345 4891 51.
1364 4845 1420 4892 per·

56 4913 114 4962 inde
133 4925 180 4963 εει
