<?xml version="1.0" encoding="UTF-8"?>
<!DOCTYPE html PUBLIC "-//W3C//DTD XHTML 1.0 Transitional//EN"
    "http://www.w3.org/TR/xhtml1/DTD/xhtml1-transitional.dtd">
<html xmlns="http://www.w3.org/1999/xhtml" xml:lang="en" lang="en">
 <head>
  <title>
</title>
<meta http-equiv="Content-Type" content="text/html;charset=utf-8" />
  <meta name='ocr-system' content='tesseract 3.04.00' />
  <meta name='ocr-capabilities' content='ocr_page ocr_carea ocr_par ocr_line ocrx_word'/>
</head>
<body>
  <div class='ocr_page' id='page_1' title='image "./doxographigraec00dielgoog/doxographigraec00dielgoog_0091.png"; bbox 0 0 3442 5588; ppageno 0'>
   <div class='ocr_carea' id='block_1_1' title="bbox 185 333 1078 398">
    <p class='ocr_par' dir='ltr' id='par_1_1' title="bbox 185 333 1078 398">
     <span class='ocr_line' id='line_1_1' title="bbox 185 333 1078 398; baseline -0.004 -7"><span class='ocrx_word' id='word_1_1' title='bbox 185 333 227 398; x_wconf 83' lang='grc'><strong>68</strong></span> <span class='ocrx_word' id='word_1_2' title='bbox 646 339 686 388; x_wconf 85' lang='lat' dir='ltr'><strong>IV</strong></span> <span class='ocrx_word' id='word_1_3' title='bbox 721 339 771 389; x_wconf 82' lang='lat' dir='ltr'><strong>DE</strong></span> <span class='ocrx_word' id='word_1_4' title='bbox 792 336 894 386; x_wconf 75' lang='lat' dir='ltr'><strong>amru</strong></span> <span class='ocrx_word' id='word_1_5' title='bbox 912 336 1078 388; x_wconf 81' lang='lat' dir='ltr'><strong>PLAClTlS</strong></span> 
     </span>
    </p>
   </div>
   <div class='ocr_carea' id='block_1_2' title="bbox 176 502 1550 3863">
    <p class='ocr_par' dir='ltr' id='par_1_2' title="bbox 183 502 1549 994">
     <span class='ocr_line' id='line_1_2' title="bbox 185 502 1549 590; baseline 0.002 -24"><span class='ocrx_word' id='word_1_6' title='bbox 185 503 308 567; x_wconf 88' lang='lat' dir='ltr'><strong>minuta</strong></span> <span class='ocrx_word' id='word_1_7' title='bbox 330 503 387 567; x_wconf 91' lang='lat' dir='ltr'><strong>illa</strong></span> <span class='ocrx_word' id='word_1_8' title='bbox 409 502 553 586; x_wconf 88' lang='lat' dir='ltr'><strong>capitula</strong></span> <span class='ocrx_word' id='word_1_9' title='bbox 575 524 614 569; x_wconf 88' lang='lat' dir='ltr'><strong>ac</strong></span> <span class='ocrx_word' id='word_1_10' title='bbox 636 503 834 568; x_wconf 87' lang='lat' dir='ltr'><strong>frustillatim</strong></span> <span class='ocrx_word' id='word_1_11' title='bbox 856 523 915 567; x_wconf 87' lang='lat' dir='ltr'><strong>suo</strong></span> <span class='ocrx_word' id='word_1_12' title='bbox 938 524 1086 587; x_wconf 87' lang='lat' dir='ltr'><strong>quaeque</strong></span> <span class='ocrx_word' id='word_1_13' title='bbox 1112 504 1308 589; x_wconf 89' lang='lat' dir='ltr'><strong>philosopho</strong></span> <span class='ocrx_word' id='word_1_14' title='bbox 1330 504 1549 590; x_wconf 76' lang='lat' dir='ltr'><strong>adiungenda,</strong></span> 
     </span>
     <span class='ocr_line' id='line_1_3' title="bbox 185 603 1548 691; baseline 0.004 -23"><span class='ocrx_word' id='word_1_15' title='bbox 185 603 244 670; x_wconf 89' lang='lat' dir='ltr'><strong>sed</strong></span> <span class='ocrx_word' id='word_1_16' title='bbox 266 603 522 672; x_wconf 76' lang='lat' dir='ltr'><strong>dissimulandae</strong></span> <span class='ocrx_word' id='word_1_17' title='bbox 545 606 642 673; x_wconf 90' lang='lat' dir='ltr'><strong>etiam</strong></span> <span class='ocrx_word' id='word_1_18' title='bbox 665 604 827 689; x_wconf 81' lang='lat' dir='ltr'><strong>explendo</strong></span> <span class='ocrx_word' id='word_1_19' title='bbox 850 605 1090 672; x_wconf 78' lang='lat' dir='ltr'><strong>commissurae.</strong></span> <span class='ocrx_word' id='word_1_20' title='bbox 1130 607 1220 673; x_wconf 88' lang='lat' dir='ltr'><strong>velut</strong></span> <span class='ocrx_word' id='word_1_21' title='bbox 1242 625 1340 691; x_wconf 87' lang='lat' dir='ltr'><strong>supra</strong></span> <span class='ocrx_word' id='word_1_22' title='bbox 1361 625 1383 670; x_wconf 90' lang='lat' dir='ltr'><strong>a</strong></span> <span class='ocrx_word' id='word_1_23' title='bbox 1405 604 1548 689; x_wconf 79' lang='lat' dir='ltr'><strong>Stobacu</strong></span> 
     </span>
     <span class='ocr_line' id='line_1_4' title="bbox 183 704 1549 794; baseline 0.003 -25"><span class='ocrx_word' id='word_1_24' title='bbox 183 704 336 771; x_wconf 84' lang='lat' dir='ltr'><strong>addenda</strong></span> <span class='ocrx_word' id='word_1_25' title='bbox 362 716 455 773; x_wconf 85' lang='lat' dir='ltr'><strong>erant</strong></span> <span class='ocrx_word' id='word_1_26' title='bbox 482 709 563 775; x_wconf 88' lang='lat' dir='ltr'><strong>haec</strong></span> <span class='ocrx_word' id='word_1_27' title='bbox 585 710 714 793; x_wconf 77' lang='grc' dir='ltr'><strong>γίνεσθαι</strong></span> <span class='ocrx_word' id='word_1_28' title='bbox 743 708 776 771; x_wconf 80' lang='grc' dir='ltr'><strong>δὲ</strong></span> <span class='ocrx_word' id='word_1_29' title='bbox 800 709 853 790; x_wconf 72' lang='grc' dir='ltr'><strong>την</strong></span> <span class='ocrx_word' id='word_1_30' title='bbox 876 705 1001 792; x_wconf 83' lang='grc' dir='ltr'><strong>ἔκλειψιν</strong></span> <span class='ocrx_word' id='word_1_31' title='bbox 1024 714 1058 773; x_wconf 86' lang='lat' dir='ltr'><strong>et</strong></span> <span class='ocrx_word' id='word_1_32' title='bbox 1078 711 1112 772; x_wconf 85' lang='grc' dir='ltr'><strong>τὸ</strong></span> <span class='ocrx_word' id='word_1_33' title='bbox 1138 710 1171 772; x_wconf 77' lang='grc' dir='ltr'><strong>δέ</strong></span> <span class='ocrx_word' id='word_1_34' title='bbox 1193 709 1316 793; x_wconf 79' lang='grc' dir='ltr'><strong>μέγεθος</strong></span> <span class='ocrx_word' id='word_1_35' title='bbox 1341 706 1437 794; x_wconf 75' lang='grc' dir='ltr'><strong>ἔχειν,</strong></span> <span class='ocrx_word' id='word_1_36' title='bbox 1464 727 1549 792; x_wconf 84' lang='lat' dir='ltr'><strong>quae</strong></span> 
     </span>
     <span class='ocr_line' id='line_1_5' title="bbox 184 807 1549 896; baseline 0.004 -24"><span class='ocrx_word' id='word_1_37' title='bbox 184 807 314 889; x_wconf 90' lang='lat' dir='ltr'><strong>quidem</strong></span> <span class='ocrx_word' id='word_1_38' title='bbox 336 809 369 874; x_wconf 91' lang='lat' dir='ltr'><strong>in</strong></span> <span class='ocrx_word' id='word_1_39' title='bbox 387 809 482 876; x_wconf 83' lang='lat' dir='ltr'><strong>Aetio</strong></span> <span class='ocrx_word' id='word_1_40' title='bbox 505 831 547 877; x_wconf 86' lang='lat' dir='ltr'><strong>cx</strong></span> <span class='ocrx_word' id='word_1_41' title='bbox 573 811 713 896; x_wconf 90' lang='lat' dir='ltr'><strong>capitum</strong></span> <span class='ocrx_word' id='word_1_42' title='bbox 736 809 830 875; x_wconf 90' lang='lat' dir='ltr'><strong>titulo</strong></span> <span class='ocrx_word' id='word_1_43' title='bbox 853 816 968 892; x_wconf 87' lang='lat' dir='ltr'><strong>suapte</strong></span> <span class='ocrx_word' id='word_1_44' title='bbox 991 818 1107 894; x_wconf 91' lang='lat' dir='ltr'><strong>sponte</strong></span> <span class='ocrx_word' id='word_1_45' title='bbox 1129 810 1436 895; x_wconf 84' lang='lat' dir='ltr'><strong>intellegebantur.¹</strong></span> <span class='ocrx_word' id='word_1_46' title='bbox 1474 809 1549 877; x_wconf 86' lang='lat' dir='ltr'><strong>hinc</strong></span> 
     </span>
     <span class='ocr_line' id='line_1_6' title="bbox 183 911 745 994; baseline 0.004 -19"><span class='ocrx_word' id='word_1_47' title='bbox 183 911 284 977; x_wconf 91' lang='lat' dir='ltr'><strong>semel</strong></span> <span class='ocrx_word' id='word_1_48' title='bbox 307 911 440 994; x_wconf 83' lang='lat' dir='ltr'><strong>gravior</strong></span> <span class='ocrx_word' id='word_1_49' title='bbox 462 919 551 977; x_wconf 88' lang='lat' dir='ltr'><strong>ortus</strong></span> <span class='ocrx_word' id='word_1_50' title='bbox 574 919 624 978; x_wconf 89' lang='lat' dir='ltr'><strong>est</strong></span> <span class='ocrx_word' id='word_1_51' title='bbox 646 933 745 979; x_wconf 90' lang='lat' dir='ltr'><strong>error.</strong></span> 
     </span>
    </p>

    <p class='ocr_par' dir='ltr' id='par_1_3' title="bbox 181 1013 1550 1797">
     <span class='ocr_line' id='line_1_7' title="bbox 268 1013 1549 1100; baseline 0 -22"><span class='ocrx_word' id='word_1_52' title='bbox 268 1013 301 1078; x_wconf 89' lang='grc' dir='ltr'><em>Π</em></span> <span class='ocrx_word' id='word_1_53' title='bbox 324 1014 368 1079; x_wconf 99' lang='grc'>20</span> <span class='ocrx_word' id='word_1_54' title='bbox 392 1025 403 1075; x_wconf 96' lang='lat' dir='ltr'><strong>l</strong></span> <span class='ocrx_word' id='word_1_55' title='bbox 428 1013 647 1100; x_wconf 76' lang='grc' dir='ltr'>Ἀναξίμανδρος</span> <span class='ocrx_word' id='word_1_56' title='bbox 675 1017 779 1080; x_wconf 82' lang='grc' dir='ltr'><strong>κύκλον</strong></span> <span class='ocrx_word' id='word_1_57' title='bbox 805 1013 877 1079; x_wconf 82' lang='grc' dir='ltr'><strong>εἶναι</strong></span> <span class='ocrx_word' id='word_1_58' title='bbox 901 1017 1272 1082; x_wconf 83' lang='grc' dir='ltr'><strong>ὀκτωκαιεικοσαπλασίονα</strong></span> <span class='ocrx_word' id='word_1_59' title='bbox 1293 1020 1347 1100; x_wconf 78' lang='grc' dir='ltr'><strong>τῆς</strong></span> <span class='ocrx_word' id='word_1_60' title='bbox 1368 1019 1433 1099; x_wconf 69' lang='grc' dir='ltr'><strong>γῆς·</strong></span> <span class='ocrx_word' id='word_1_61' title='bbox 1466 1014 1549 1079; x_wconf 84' lang='lat' dir='ltr'><strong>haee</strong></span> 
     </span>
     <span class='ocr_line' id='line_1_8' title="bbox 183 1114 1481 1203; baseline -0.001 -24"><span class='ocrx_word' id='word_1_62' title='bbox 183 1114 296 1181; x_wconf 87' lang='lat' dir='ltr'><strong>recte&#39;</strong></span> <span class='ocrx_word' id='word_1_63' title='bbox 319 1116 511 1181; x_wconf 80' lang='lat' dir='ltr'><strong>Plutarchus</strong></span> <span class='ocrx_word' id='word_1_64' title='bbox 534 1124 566 1183; x_wconf 92' lang='lat' dir='ltr'><strong>et</strong></span> <span class='ocrx_word' id='word_1_65' title='bbox 588 1116 757 1182; x_wconf 88' lang='lat' dir='ltr'><strong>Stobaeus.</strong></span> <span class='ocrx_word' id='word_1_66' title='bbox 785 1117 850 1182; x_wconf 91' lang='lat' dir='ltr'><strong>iam</strong></span> <span class='ocrx_word' id='word_1_67' title='bbox 872 1118 928 1183; x_wconf 92' lang='lat' dir='ltr'><strong>ille</strong></span> <span class='ocrx_word' id='word_1_68' title='bbox 947 1138 1033 1183; x_wconf 84' lang='lat' dir='ltr'><strong>novo</strong></span> <span class='ocrx_word' id='word_1_69' title='bbox 1050 1119 1156 1203; x_wconf 91' lang='lat' dir='ltr'><strong>capite</strong></span> <span class='ocrx_word' id='word_1_70' title='bbox 1171 1121 1211 1184; x_wconf 98' lang='grc'>21</span> <span class='ocrx_word' id='word_1_71' title='bbox 1232 1116 1481 1200; x_wconf 64' lang='lat' dir='ltr'><strong>rauracus&lt;</strong></span> 
     </span>
     <span class='ocr_line' id='line_1_9' title="bbox 182 1216 1550 1305; baseline 0.001 -25"><span class='ocrx_word' id='word_1_72' title='bbox 182 1219 231 1280; x_wconf 82' lang='grc' dir='ltr'><strong>τὸν</strong></span> <span class='ocrx_word' id='word_1_73' title='bbox 247 1218 352 1282; x_wconf 80' lang='grc' dir='ltr'><strong>κύκλον</strong></span> <span class='ocrx_word' id='word_1_74' title='bbox 369 1262 420 1282; x_wconf 78' lang='grc'><strong>...</strong></span> <span class='ocrx_word' id='word_1_75' title='bbox 436 1220 776 1283; x_wconf 81' lang='grc' dir='ltr'><strong>ἑπτακαιεικοσαπλασίιυ</strong></span> <span class='ocrx_word' id='word_1_76' title='bbox 798 1224 851 1303; x_wconf 75' lang='grc' dir='ltr'><strong>τῆς</strong></span> <span class='ocrx_word' id='word_1_77' title='bbox 866 1225 929 1304; x_wconf 76' lang='grc' dir='ltr'><strong>γῆς.</strong></span> <span class='ocrx_word' id='word_1_78' title='bbox 952 1228 986 1285; x_wconf 84' lang='lat' dir='ltr'><strong>at</strong></span> <span class='ocrx_word' id='word_1_79' title='bbox 1002 1220 1162 1288; x_wconf 78' lang='lat' dir='ltr'><strong>stobaeus</strong></span> <span class='ocrx_word' id='word_1_80' title='bbox 1177 1218 1338 1305; x_wconf 80' lang='lat' dir='ltr'><strong>prioribus</strong></span> <span class='ocrx_word' id='word_1_81' title='bbox 1353 1216 1550 1283; x_wconf 79' lang='lat' dir='ltr'><strong>continuatis</strong></span> 
     </span>
     <span class='ocr_line' id='line_1_10' title="bbox 185 1317 1549 1408; baseline -0.002 -24"><span class='ocrx_word' id='word_1_82' title='bbox 185 1339 391 1386; x_wconf 90' lang='lat' dir='ltr'><strong>numerorum</strong></span> <span class='ocrx_word' id='word_1_83' title='bbox 414 1321 624 1387; x_wconf 89' lang='lat' dir='ltr'><strong>similitudine</strong></span> <span class='ocrx_word' id='word_1_84' title='bbox 643 1320 745 1386; x_wconf 86' lang='lat' dir='ltr'><strong>falsus</strong></span> <span class='ocrx_word' id='word_1_85' title='bbox 767 1321 978 1405; x_wconf 84' lang='lat' dir='ltr'><strong>neglegenter</strong></span> <span class='ocrx_word' id='word_1_86' title='bbox 999 1324 1128 1408; x_wconf 89' lang='lat' dir='ltr'><strong>scripsit</strong></span> <span class='ocrx_word' id='word_1_87' title='bbox 1149 1325 1198 1387; x_wconf 83' lang='grc' dir='ltr'><strong>τὸν</strong></span> <span class='ocrx_word' id='word_1_88' title='bbox 1220 1324 1254 1386; x_wconf 77' lang='grc' dir='ltr'><strong>δὲ</strong></span> <span class='ocrx_word' id='word_1_89' title='bbox 1275 1322 1381 1386; x_wconf 80' lang='grc' dir='ltr'><strong>κύκλον</strong></span> <span class='ocrx_word' id='word_1_90' title='bbox 1401 1363 1410 1380; x_wconf 87' lang='grc'><strong>.</strong></span> <span class='ocrx_word' id='word_1_91' title='bbox 1427 1367 1435 1382; x_wconf 95' lang='grc'><strong>.</strong></span> <span class='ocrx_word' id='word_1_92' title='bbox 1453 1362 1462 1379; x_wconf 87' lang='grc'><strong>.</strong></span> <span class='ocrx_word' id='word_1_93' title='bbox 1477 1317 1549 1383; x_wconf 76' lang='grc' dir='ltr'><strong>εἶναι</strong></span> 
     </span>
     <span class='ocr_line' id='line_1_11' title="bbox 182 1420 1550 1508; baseline 0.001 -24"><span class='ocrx_word' id='word_1_94' title='bbox 182 1427 233 1485; x_wconf 84' lang='grc' dir='ltr'><strong>τοῦ</strong></span> <span class='ocrx_word' id='word_1_95' title='bbox 267 1424 476 1508; x_wconf 79' lang='grc' dir='ltr'><strong>προειρημένου</strong></span> <span class='ocrx_word' id='word_1_96' title='bbox 510 1425 660 1508; x_wconf 75' lang='grc' dir='ltr'><strong>μεγέθους.</strong></span> <span class='ocrx_word' id='word_1_97' title='bbox 702 1429 800 1505; x_wconf 79' lang='lat' dir='ltr'><strong>atque</strong></span> <span class='ocrx_word' id='word_1_98' title='bbox 832 1425 950 1489; x_wconf 82' lang='lat' dir='ltr'><strong>erroris</strong></span> <span class='ocrx_word' id='word_1_99' title='bbox 976 1423 1082 1489; x_wconf 81' lang='lat' dir='ltr'><strong>socios</strong></span> <span class='ocrx_word' id='word_1_100' title='bbox 1111 1423 1225 1490; x_wconf 80' lang='lat' dir='ltr'><strong>hebuit</strong></span> <span class='ocrx_word' id='word_1_101' title='bbox 1253 1444 1324 1490; x_wconf 89' lang='lat' dir='ltr'><strong>oum</strong></span> <span class='ocrx_word' id='word_1_102' title='bbox 1353 1420 1550 1488; x_wconf 71' lang='lat' dir='ltr'><strong>recentiores</strong></span> 
     </span>
     <span class='ocr_line' id='line_1_12' title="bbox 183 1522 1548 1613; baseline 0 -24"><span class='ocrx_word' id='word_1_103' title='bbox 183 1522 270 1590; x_wconf 85' lang='lat' dir='ltr'><strong>viros</strong></span> <span class='ocrx_word' id='word_1_104' title='bbox 293 1524 407 1591; x_wconf 90' lang='lat' dir='ltr'><strong>doctos</strong></span> <span class='ocrx_word' id='word_1_105' title='bbox 429 1547 510 1609; x_wconf 90' lang='lat' dir='ltr'><strong>quos</strong></span> <span class='ocrx_word' id='word_1_106' title='bbox 531 1526 614 1609; x_wconf 81' lang='lat' dir='ltr'><strong>fugit</strong></span> <span class='ocrx_word' id='word_1_107' title='bbox 635 1524 775 1608; x_wconf 87' lang='lat' dir='ltr'><strong>Rospsri</strong></span> <span class='ocrx_word' id='word_1_108' title='bbox 796 1525 967 1609; x_wconf 86' lang='lat' dir='ltr'><strong>ingeniosa</strong></span> <span class='ocrx_word' id='word_1_109' title='bbox 988 1526 1162 1609; x_wconf 82' lang='lat' dir='ltr'><strong>explicatio</strong></span> <span class='ocrx_word' id='word_1_110' title='bbox 1184 1523 1352 1613; x_wconf 88' lang='lat' dir='ltr'><strong>[Zeitschr.</strong></span> <span class='ocrx_word' id='word_1_111' title='bbox 1371 1523 1393 1590; x_wconf 83' lang='lat' dir='ltr'><strong>f.</strong></span> <span class='ocrx_word' id='word_1_112' title='bbox 1408 1522 1548 1590; x_wconf 84' lang='lat' dir='ltr'><strong>Alterth.</strong></span> 
     </span>
     <span class='ocr_line' id='line_1_13' title="bbox 184 1626 1550 1715; baseline 0.002 -25"><span class='ocrx_word' id='word_1_113' title='bbox 184 1626 267 1692; x_wconf 82' lang='grc'>1852</span> <span class='ocrx_word' id='word_1_114' title='bbox 289 1649 320 1711; x_wconf 93' lang='lat' dir='ltr'><strong>p.</strong></span> <span class='ocrx_word' id='word_1_115' title='bbox 336 1631 411 1715; x_wconf 82' lang='grc'>442,</span> <span class='ocrx_word' id='word_1_116' title='bbox 434 1630 486 1713; x_wconf 90' lang='lat' dir='ltr'><strong>qui</strong></span> <span class='ocrx_word' id='word_1_117' title='bbox 502 1637 611 1696; x_wconf 88' lang='lat' dir='ltr'><strong>tamen</strong></span> <span class='ocrx_word' id='word_1_118' title='bbox 634 1649 699 1694; x_wconf 92' lang='lat' dir='ltr'><strong>non</strong></span> <span class='ocrx_word' id='word_1_119' title='bbox 722 1628 830 1693; x_wconf 90' lang='lat' dir='ltr'><strong>omnia</strong></span> <span class='ocrx_word' id='word_1_120' title='bbox 852 1636 940 1695; x_wconf 89' lang='lat' dir='ltr'><strong>recte</strong></span> <span class='ocrx_word' id='word_1_121' title='bbox 962 1626 1149 1714; x_wconf 78' lang='lat' dir='ltr'><strong>expedivitl,</strong></span> <span class='ocrx_word' id='word_1_122' title='bbox 1172 1635 1239 1694; x_wconf 92' lang='lat' dir='ltr'><strong>tum</strong></span> <span class='ocrx_word' id='word_1_123' title='bbox 1261 1627 1393 1694; x_wconf 81' lang='lat' dir='ltr'><strong>Eusebii</strong></span> <span class='ocrx_word' id='word_1_124' title='bbox 1420 1626 1550 1694; x_wconf 86' lang='lat' dir='ltr'><strong>codices</strong></span> 
     </span>
     <span class='ocr_line' id='line_1_14' title="bbox 181 1728 452 1797; baseline 0.007 -4"><span class='ocrx_word' id='word_1_125' title='bbox 181 1728 359 1797; x_wconf 90' lang='lat' dir='ltr'><strong>deteriores</strong></span> <span class='ocrx_word' id='word_1_126' title='bbox 381 1731 452 1796; x_wconf 83' lang='grc' dir='ltr'><strong>ΒΕ.</strong></span> 
     </span>
    </p>

    <p class='ocr_par' dir='ltr' id='par_1_4' title="bbox 179 1819 1548 2633">
     <span class='ocr_line' id='line_1_15' title="bbox 266 1819 1548 1918; baseline 0.001 -21"><span class='ocrx_word' id='word_1_127' title='bbox 266 1832 335 1898; x_wconf 88' lang='lat' dir='ltr'><strong>Has</strong></span> <span class='ocrx_word' id='word_1_128' title='bbox 356 1832 454 1916; x_wconf 81' lang='lat' dir='ltr'><strong>igitur</strong></span> <span class='ocrx_word' id='word_1_129' title='bbox 474 1832 742 1916; x_wconf 81' lang='lat' dir='ltr'><strong>interpolationes</strong></span> <span class='ocrx_word' id='word_1_130' title='bbox 764 1834 914 1918; x_wconf 90' lang='lat' dir='ltr'><strong>aperiunt</strong></span> <span class='ocrx_word' id='word_1_131' title='bbox 936 1833 1131 1900; x_wconf 73' lang='lat' dir='ltr'><strong>Plutarchus</strong></span> <span class='ocrx_word' id='word_1_132' title='bbox 1153 1840 1187 1900; x_wconf 90' lang='lat' dir='ltr'><strong>et</strong></span> <span class='ocrx_word' id='word_1_133' title='bbox 1209 1819 1444 1900; x_wconf 83' lang='lat' dir='ltr'><strong>Theodoretus</strong></span> <span class='ocrx_word' id='word_1_134' title='bbox 1489 1832 1548 1898; x_wconf 91' lang='lat' dir='ltr'><strong>sed</strong></span> 
     </span>
     <span class='ocr_line' id='line_1_16' title="bbox 182 1933 1546 2020; baseline 0.001 -23"><span class='ocrx_word' id='word_1_135' title='bbox 182 1933 285 2017; x_wconf 89' lang='lat' dir='ltr'><strong>ipsius</strong></span> <span class='ocrx_word' id='word_1_136' title='bbox 307 1954 436 2017; x_wconf 87' lang='lat' dir='ltr'><strong>quoque</strong></span> <span class='ocrx_word' id='word_1_137' title='bbox 453 1934 586 2002; x_wconf 90' lang='lat' dir='ltr'><strong>Stobaei</strong></span> <span class='ocrx_word' id='word_1_138' title='bbox 602 1933 820 2001; x_wconf 80' lang='lat' dir='ltr'><strong>inconstantia</strong></span> <span class='ocrx_word' id='word_1_139' title='bbox 834 1936 955 2001; x_wconf 86' lang='lat' dir='ltr'><strong>factum</strong></span> <span class='ocrx_word' id='word_1_140' title='bbox 971 1943 1031 2018; x_wconf 82' lang='lat' dir='ltr'><strong>est,</strong></span> <span class='ocrx_word' id='word_1_141' title='bbox 1054 1943 1089 2002; x_wconf 91' lang='lat' dir='ltr'><strong>ut</strong></span> <span class='ocrx_word' id='word_1_142' title='bbox 1103 1935 1241 2020; x_wconf 88' lang='lat' dir='ltr'><strong>pristina</strong></span> <span class='ocrx_word' id='word_1_143' title='bbox 1256 1934 1360 2002; x_wconf 85' lang='lat' dir='ltr'><strong>forma</strong></span> <span class='ocrx_word' id='word_1_144' title='bbox 1374 1936 1546 2020; x_wconf 82' lang='lat' dir='ltr'><strong>polluceat</strong></span> 
     </span>
     <span class='ocr_line' id='line_1_17' title="bbox 180 2037 1548 2123; baseline -0.001 -21"><span class='ocrx_word' id='word_1_145' title='bbox 180 2056 256 2102; x_wconf 87' lang='lat' dir='ltr'><strong>nam</strong></span> <span class='ocrx_word' id='word_1_146' title='bbox 271 2037 467 2103; x_wconf 78' lang='lat' dir='ltr'><strong>Placitorum</strong></span> <span class='ocrx_word' id='word_1_147' title='bbox 489 2038 521 2103; x_wconf 94' lang='lat' dir='ltr'><strong>Il</strong></span> <span class='ocrx_word' id='word_1_148' title='bbox 537 2039 578 2103; x_wconf 80' lang='lat'><strong>25</strong></span> <span class='ocrx_word' id='word_1_149' title='bbox 594 2038 659 2122; x_wconf 79' lang='grc' dir='ltr'><strong>περὶ</strong></span> <span class='ocrx_word' id='word_1_150' title='bbox 681 2038 781 2109; x_wconf 83' lang='grc' dir='ltr'><strong>οὐσίας</strong></span> <span class='ocrx_word' id='word_1_151' title='bbox 797 2042 920 2123; x_wconf 74' lang='grc' dir='ltr'><strong>σελήνης</strong></span> <span class='ocrx_word' id='word_1_152' title='bbox 941 2040 984 2103; x_wconf 90' lang='grc'>26</span> <span class='ocrx_word' id='word_1_153' title='bbox 999 2041 1063 2123; x_wconf 81' lang='grc' dir='ltr'><strong>περὶ</strong></span> <span class='ocrx_word' id='word_1_154' title='bbox 1086 2038 1228 2121; x_wconf 76' lang='grc' dir='ltr'><strong>μεγέθους</strong></span> <span class='ocrx_word' id='word_1_155' title='bbox 1250 2039 1290 2104; x_wconf 81' lang='grc'>27</span> <span class='ocrx_word' id='word_1_156' title='bbox 1307 2039 1371 2123; x_wconf 85' lang='grc' dir='ltr'><strong>περὶ</strong></span> <span class='ocrx_word' id='word_1_157' title='bbox 1394 2039 1548 2123; x_wconf 80' lang='grc' dir='ltr'><strong>σχήματος</strong></span> 
     </span>
     <span class='ocr_line' id='line_1_18' title="bbox 181 2138 1547 2223; baseline -0.001 -18"><span class='ocrx_word' id='word_1_158' title='bbox 181 2139 295 2206; x_wconf 88' lang='lat' dir='ltr'><strong>ecdem</strong></span> <span class='ocrx_word' id='word_1_159' title='bbox 318 2140 415 2206; x_wconf 89' lang='lat' dir='ltr'><strong>modo</strong></span> <span class='ocrx_word' id='word_1_160' title='bbox 439 2159 501 2222; x_wconf 92' lang='lat' dir='ltr'><strong>quo</strong></span> <span class='ocrx_word' id='word_1_161' title='bbox 525 2138 634 2222; x_wconf 90' lang='lat' dir='ltr'><strong>capita</strong></span> <span class='ocrx_word' id='word_1_162' title='bbox 656 2138 697 2203; x_wconf 91' lang='lat' dir='ltr'><strong>de</strong></span> <span class='ocrx_word' id='word_1_163' title='bbox 720 2140 789 2206; x_wconf 88' lang='lat' dir='ltr'><strong>sols</strong></span> <span class='ocrx_word' id='word_1_164' title='bbox 804 2139 1060 2223; x_wconf 89' lang='lat' dir='ltr'><strong>comprehcndit.</strong></span> <span class='ocrx_word' id='word_1_165' title='bbox 1093 2145 1128 2203; x_wconf 90' lang='lat' dir='ltr'><strong>at</strong></span> <span class='ocrx_word' id='word_1_166' title='bbox 1145 2139 1277 2205; x_wconf 88' lang='lat' dir='ltr'><strong>tandem</strong></span> <span class='ocrx_word' id='word_1_167' title='bbox 1293 2138 1408 2205; x_wconf 89' lang='lat' dir='ltr'><strong>infiniti</strong></span> <span class='ocrx_word' id='word_1_168' title='bbox 1424 2138 1547 2204; x_wconf 87' lang='lat' dir='ltr'><strong>laboris</strong></span> 
     </span>
     <span class='ocr_line' id='line_1_19' title="bbox 180 2240 1547 2328; baseline -0.002 -21"><span class='ocrx_word' id='word_1_169' title='bbox 180 2248 350 2324; x_wconf 87' lang='lat' dir='ltr'><strong>pertaesus</strong></span> <span class='ocrx_word' id='word_1_170' title='bbox 370 2241 497 2322; x_wconf 81' lang='lat' dir='ltr'><strong>integra</strong></span> <span class='ocrx_word' id='word_1_171' title='bbox 515 2240 624 2323; x_wconf 89' lang='lat' dir='ltr'><strong>capita</strong></span> <span class='ocrx_word' id='word_1_172' title='bbox 634 2240 774 2305; x_wconf 78' lang='lat' dir='ltr'><strong>Aetiana</strong></span> <span class='ocrx_word' id='word_1_173' title='bbox 796 2241 838 2306; x_wconf 85' lang='grc'>28</span> <span class='ocrx_word' id='word_1_174' title='bbox 852 2243 917 2327; x_wconf 79' lang='grc' dir='ltr'><strong>περὶ</strong></span> <span class='ocrx_word' id='word_1_175' title='bbox 933 2248 1092 2328; x_wconf 81' lang='grc' dir='ltr'><strong>φωτισμῶν</strong></span> <span class='ocrx_word' id='word_1_176' title='bbox 1107 2245 1231 2327; x_wconf 79' lang='grc' dir='ltr'><strong>σελήνης</strong></span> <span class='ocrx_word' id='word_1_177' title='bbox 1253 2241 1295 2306; x_wconf 89' lang='grc'>29</span> <span class='ocrx_word' id='word_1_178' title='bbox 1309 2243 1373 2326; x_wconf 81' lang='grc' dir='ltr'><strong>περὶ</strong></span> <span class='ocrx_word' id='word_1_179' title='bbox 1389 2242 1547 2326; x_wconf 75' lang='grc' dir='ltr'><strong>ἐκλείψεως</strong></span> 
     </span>
     <span class='ocr_line' id='line_1_20' title="bbox 180 2343 1548 2429; baseline -0.001 -20"><span class='ocrx_word' id='word_1_180' title='bbox 180 2345 223 2409; x_wconf 82' lang='grc'><strong>30</strong></span> <span class='ocrx_word' id='word_1_181' title='bbox 233 2346 297 2428; x_wconf 79' lang='grc' dir='ltr'><strong>περὶ</strong></span> <span class='ocrx_word' id='word_1_182' title='bbox 309 2345 464 2429; x_wconf 77' lang='grc' dir='ltr'><strong>ἐμφάσεως</strong></span> <span class='ocrx_word' id='word_1_183' title='bbox 474 2343 566 2426; x_wconf 75' lang='grc' dir='ltr'><strong>αὐτῆς</strong></span> <span class='ocrx_word' id='word_1_184' title='bbox 578 2343 617 2406; x_wconf 86' lang='grc'><strong>31</strong></span> <span class='ocrx_word' id='word_1_185' title='bbox 632 2343 696 2426; x_wconf 81' lang='grc' dir='ltr'><strong>περὶ</strong></span> <span class='ocrx_word' id='word_1_186' title='bbox 712 2348 769 2405; x_wconf 81' lang='grc' dir='ltr'><strong>τῶν</strong></span> <span class='ocrx_word' id='word_1_187' title='bbox 785 2345 1018 2429; x_wconf 83' lang='grc' dir='ltr'><strong>ἀπροστημοὶτιυν</strong></span> <span class='ocrx_word' id='word_1_188' title='bbox 1030 2344 1207 2427; x_wconf 85' lang='lat' dir='ltr'><strong>proposuit.</strong></span> <span class='ocrx_word' id='word_1_189' title='bbox 1229 2344 1315 2409; x_wconf 85' lang='lat' dir='ltr'><strong>idem</strong></span> <span class='ocrx_word' id='word_1_190' title='bbox 1330 2351 1439 2409; x_wconf 86' lang='lat' dir='ltr'><strong>tamen</strong></span> <span class='ocrx_word' id='word_1_191' title='bbox 1454 2343 1548 2408; x_wconf 88' lang='lat' dir='ltr'><strong>mira·</strong></span> 
     </span>
     <span class='ocr_line' id='line_1_21' title="bbox 179 2444 1548 2531; baseline 0.001 -20"><span class='ocrx_word' id='word_1_192' title='bbox 179 2446 236 2511; x_wconf 94' lang='lat' dir='ltr'><strong>bili</strong></span> <span class='ocrx_word' id='word_1_193' title='bbox 251 2446 385 2512; x_wconf 88' lang='lat' dir='ltr'><strong>artificio</strong></span> <span class='ocrx_word' id='word_1_194' title='bbox 401 2444 634 2511; x_wconf 82' lang='lat' dir='ltr'><strong>continuationi</strong></span> <span class='ocrx_word' id='word_1_195' title='bbox 650 2446 819 2511; x_wconf 89' lang='lat' dir='ltr'><strong>consuluit.</strong></span> <span class='ocrx_word' id='word_1_196' title='bbox 842 2447 1013 2530; x_wconf 89' lang='lat' dir='ltr'><strong>unicuique</strong></span> <span class='ocrx_word' id='word_1_197' title='bbox 1029 2447 1114 2512; x_wconf 93' lang='lat' dir='ltr'><strong>enim</strong></span> <span class='ocrx_word' id='word_1_198' title='bbox 1130 2447 1223 2513; x_wconf 88' lang='lat' dir='ltr'><strong>titulo</strong></span> <span class='ocrx_word' id='word_1_199' title='bbox 1239 2448 1271 2511; x_wconf 84' lang='grc' dir='ltr'><strong>δέ</strong></span> <span class='ocrx_word' id='word_1_200' title='bbox 1286 2447 1367 2511; x_wconf 93' lang='lat' dir='ltr'><strong>illud</strong></span> <span class='ocrx_word' id='word_1_201' title='bbox 1382 2448 1548 2531; x_wconf 84' lang='lat' dir='ltr'><strong>suppleto·</strong></span> 
     </span>
     <span class='ocr_line' id='line_1_22' title="bbox 179 2547 1476 2633; baseline 0.001 -20"><span class='ocrx_word' id='word_1_202' title='bbox 179 2549 261 2614; x_wconf 90' lang='lat' dir='ltr'><strong>rium</strong></span> <span class='ocrx_word' id='word_1_203' title='bbox 283 2547 418 2632; x_wconf 85' lang='lat' dir='ltr'><strong>addidit,</strong></span> <span class='ocrx_word' id='word_1_204' title='bbox 441 2568 504 2631; x_wconf 92' lang='lat' dir='ltr'><strong>quo</strong></span> <span class='ocrx_word' id='word_1_205' title='bbox 528 2547 656 2631; x_wconf 86' lang='lat' dir='ltr'><strong>singula</strong></span> <span class='ocrx_word' id='word_1_206' title='bbox 678 2568 806 2631; x_wconf 88' lang='lat' dir='ltr'><strong>quoque</strong></span> <span class='ocrx_word' id='word_1_207' title='bbox 827 2550 972 2615; x_wconf 90' lang='lat' dir='ltr'><strong>membra</strong></span> <span class='ocrx_word' id='word_1_208' title='bbox 994 2549 1186 2633; x_wconf 90' lang='lat' dir='ltr'><strong>placitorum</strong></span> <span class='ocrx_word' id='word_1_209' title='bbox 1208 2550 1361 2633; x_wconf 88' lang='lat' dir='ltr'><strong>copulare</strong></span> <span class='ocrx_word' id='word_1_210' title='bbox 1381 2550 1476 2614; x_wconf 92' lang='lat' dir='ltr'><strong>solet.</strong></span> 
     </span>
    </p>

    <p class='ocr_par' dir='ltr' id='par_1_5' title="bbox 178 2649 1545 2939">
     <span class='ocr_line' id='line_1_23' title="bbox 265 2649 1545 2735; baseline 0.002 -21"><span class='ocrx_word' id='word_1_211' title='bbox 265 2651 431 2716; x_wconf 88' lang='lat' dir='ltr'><strong>Interdum</strong></span> <span class='ocrx_word' id='word_1_212' title='bbox 454 2650 649 2717; x_wconf 86' lang='lat' dir='ltr'><strong>contrarium</strong></span> <span class='ocrx_word' id='word_1_213' title='bbox 671 2649 789 2715; x_wconf 90' lang='lat' dir='ltr'><strong>accidit</strong></span> <span class='ocrx_word' id='word_1_214' title='bbox 810 2658 846 2716; x_wconf 91' lang='lat' dir='ltr'><strong>ut</strong></span> <span class='ocrx_word' id='word_1_215' title='bbox 868 2652 1068 2718; x_wconf 88' lang='lat' dir='ltr'><strong>continentia</strong></span> <span class='ocrx_word' id='word_1_216' title='bbox 1089 2652 1296 2735; x_wconf 79' lang='lat' dir='ltr'><strong>discerperet</strong></span> <span class='ocrx_word' id='word_1_217' title='bbox 1339 2651 1385 2718; x_wconf 86' lang='lat' dir='ltr'><strong>sic</strong></span> <span class='ocrx_word' id='word_1_218' title='bbox 1407 2653 1498 2717; x_wconf 86' lang='lat' dir='ltr'><strong>Plac.</strong></span> <span class='ocrx_word' id='word_1_219' title='bbox 1512 2652 1545 2717; x_wconf 93' lang='lat'><strong>11</strong></span> 
     </span>
     <span class='ocr_line' id='line_1_24' title="bbox 178 2752 1544 2838; baseline 0.002 -21"><span class='ocrx_word' id='word_1_220' title='bbox 178 2756 200 2817; x_wconf 85' lang='lat'>4</span> <span class='ocrx_word' id='word_1_221' title='bbox 213 2774 281 2835; x_wconf 87' lang='lat' dir='ltr'><strong>sqq.</strong></span> <span class='ocrx_word' id='word_1_222' title='bbox 296 2753 414 2838; x_wconf 87' lang='lat' dir='ltr'><strong>partim</strong></span> <span class='ocrx_word' id='word_1_223' title='bbox 430 2753 488 2819; x_wconf 93' lang='lat' dir='ltr'><strong>ccl.</strong></span> <span class='ocrx_word' id='word_1_224' title='bbox 505 2753 520 2817; x_wconf 97' lang='lat' dir='ltr'><strong>l</strong></span> <span class='ocrx_word' id='word_1_225' title='bbox 536 2754 579 2818; x_wconf 87' lang='grc'>20</span> <span class='ocrx_word' id='word_1_226' title='bbox 593 2752 710 2837; x_wconf 90' lang='lat' dir='ltr'><strong>partim</strong></span> <span class='ocrx_word' id='word_1_227' title='bbox 726 2755 766 2819; x_wconf 90' lang='grc'>21</span> <span class='ocrx_word' id='word_1_228' title='bbox 790 2753 1006 2819; x_wconf 82' lang='lat' dir='ltr'><strong>inveniuntur.</strong></span> <span class='ocrx_word' id='word_1_229' title='bbox 1041 2775 1104 2838; x_wconf 89' lang='lat' dir='ltr'><strong>quc</strong></span> <span class='ocrx_word' id='word_1_230' title='bbox 1119 2754 1154 2819; x_wconf 91' lang='lat' dir='ltr'><strong>in</strong></span> <span class='ocrx_word' id='word_1_231' title='bbox 1168 2773 1287 2836; x_wconf 82' lang='lat' dir='ltr'><strong>genere</strong></span> <span class='ocrx_word' id='word_1_232' title='bbox 1303 2753 1401 2820; x_wconf 91' lang='lat' dir='ltr'><strong>etiam</strong></span> <span class='ocrx_word' id='word_1_233' title='bbox 1417 2752 1544 2836; x_wconf 62' lang='lat' dir='ltr'><strong>mario</strong></span> 
     </span>
     <span class='ocr_line' id='line_1_25' title="bbox 179 2854 891 2939; baseline 0.003 -19"><span class='ocrx_word' id='word_1_234' title='bbox 179 2875 246 2921; x_wconf 88' lang='lat' dir='ltr'><strong>rem</strong></span> <span class='ocrx_word' id='word_1_235' title='bbox 268 2855 551 2939; x_wconf 87' lang='lat' dir='ltr'><strong>interpolationem</strong></span> <span class='ocrx_word' id='word_1_236' title='bbox 574 2877 640 2921; x_wconf 90' lang='lat' dir='ltr'><strong>non</strong></span> <span class='ocrx_word' id='word_1_237' title='bbox 661 2854 891 2922; x_wconf 84' lang='lat' dir='ltr'><strong>reformidavit.</strong></span> 
     </span>
    </p>

    <p class='ocr_par' dir='ltr' id='par_1_6' title="bbox 176 2957 1543 3760">
     <span class='ocr_line' id='line_1_26' title="bbox 263 2957 1543 3045; baseline 0.002 -24"><span class='ocrx_word' id='word_1_238' title='bbox 263 2957 294 3022; x_wconf 91' lang='grc' dir='ltr'><strong>ΙΙ</strong></span> <span class='ocrx_word' id='word_1_239' title='bbox 310 2959 331 3023; x_wconf 80' lang='lat'>5</span> <span class='ocrx_word' id='word_1_240' title='bbox 346 2966 363 3020; x_wconf 86' lang='grc'>3</span> <span class='ocrx_word' id='word_1_241' title='bbox 380 2958 506 3040; x_wconf 84' lang='lat' dir='ltr'><strong>legerat</strong></span> <span class='ocrx_word' id='word_1_242' title='bbox 520 2958 553 3023; x_wconf 87' lang='lat' dir='ltr'><strong>in</strong></span> <span class='ocrx_word' id='word_1_243' title='bbox 569 2958 664 3024; x_wconf 65' lang='lat' dir='ltr'><strong>Aetio</strong></span> <span class='ocrx_word' id='word_1_244' title='bbox 684 2959 830 3028; x_wconf 84' lang='grc' dir='ltr'><strong>Φιλόλαος</strong></span> <span class='ocrx_word' id='word_1_245' title='bbox 845 2960 942 3043; x_wconf 82' lang='grc' dir='ltr'><strong>διττὴν</strong></span> <span class='ocrx_word' id='word_1_246' title='bbox 957 2958 1030 3022; x_wconf 78' lang='grc' dir='ltr'><strong>εἶναι</strong></span> <span class='ocrx_word' id='word_1_247' title='bbox 1045 2960 1098 3044; x_wconf 82' lang='grc' dir='ltr'><strong>τὴν</strong></span> <span class='ocrx_word' id='word_1_248' title='bbox 1113 2960 1238 3045; x_wconf 83' lang='grc' dir='ltr'><strong>φθοράν,</strong></span> <span class='ocrx_word' id='word_1_249' title='bbox 1253 2960 1286 3022; x_wconf 77' lang='grc' dir='ltr'><strong>τὸ</strong></span> <span class='ocrx_word' id='word_1_250' title='bbox 1302 2959 1354 3042; x_wconf 78' lang='grc' dir='ltr'><strong>μὲν</strong></span> <span class='ocrx_word' id='word_1_251' title='bbox 1370 2959 1400 3028; x_wconf 69' lang='grc' dir='ltr'><strong>ἐξ</strong></span> <span class='ocrx_word' id='word_1_252' title='bbox 1416 2959 1543 3045; x_wconf 75' lang='grc' dir='ltr'><strong>οὐρανοῦ</strong></span> 
     </span>
     <span class='ocr_line' id='line_1_27' title="bbox 178 3060 1543 3148; baseline 0 -24"><span class='ocrx_word' id='word_1_253' title='bbox 178 3061 268 3144; x_wconf 79' lang='grc' dir='ltr'><strong>πυρὸς</strong></span> <span class='ocrx_word' id='word_1_254' title='bbox 294 3061 423 3146; x_wconf 74' lang='grc' dir='ltr'><strong>ῥυέντος,</strong></span> <span class='ocrx_word' id='word_1_255' title='bbox 451 3064 485 3124; x_wconf 81' lang='grc' dir='ltr'><strong>τὸ</strong></span> <span class='ocrx_word' id='word_1_256' title='bbox 508 3060 529 3125; x_wconf 77' lang='grc' dir='ltr'><strong>δ’</strong></span> <span class='ocrx_word' id='word_1_257' title='bbox 556 3061 586 3129; x_wconf 76' lang='grc' dir='ltr'><strong>ἐξ</strong></span> <span class='ocrx_word' id='word_1_258' title='bbox 609 3063 712 3132; x_wconf 78' lang='grc' dir='ltr'><strong>ὕδατος</strong></span> <span class='ocrx_word' id='word_1_259' title='bbox 738 3065 909 3145; x_wconf 82' lang='grc' dir='ltr'><strong>σεληνιακοῦ</strong></span> <span class='ocrx_word' id='word_1_260' title='bbox 937 3068 1116 3148; x_wconf 78' lang='grc' dir='ltr'><strong>περιστροφῇ</strong></span> <span class='ocrx_word' id='word_1_261' title='bbox 1138 3065 1190 3124; x_wconf 78' lang='grc' dir='ltr'><strong>τοῦ</strong></span> <span class='ocrx_word' id='word_1_262' title='bbox 1212 3060 1299 3144; x_wconf 76' lang='grc' dir='ltr'><strong>ἀέρος</strong></span> <span class='ocrx_word' id='word_1_263' title='bbox 1319 3062 1543 3146; x_wconf 76' lang='grc' dir='ltr'><strong>ἀποχυθέντος·</strong></span> 
     </span>
     <span class='ocr_line' id='line_1_28' title="bbox 178 3163 1543 3249; baseline 0.003 -24"><span class='ocrx_word' id='word_1_264' title='bbox 178 3163 225 3226; x_wconf 79' lang='grc' dir='ltr'><strong>καὶ</strong></span> <span class='ocrx_word' id='word_1_265' title='bbox 248 3163 357 3226; x_wconf 81' lang='grc' dir='ltr'><strong>τούτων</strong></span> <span class='ocrx_word' id='word_1_266' title='bbox 379 3163 451 3228; x_wconf 76' lang='grc' dir='ltr'><strong>εἶναι</strong></span> <span class='ocrx_word' id='word_1_267' title='bbox 473 3165 524 3233; x_wconf 79' lang='grc' dir='ltr'><strong>τὰς</strong></span> <span class='ocrx_word' id='word_1_268' title='bbox 546 3165 755 3248; x_wconf 76' lang='grc' dir='ltr'><strong>ἀναθυμιάσεις</strong></span> <span class='ocrx_word' id='word_1_269' title='bbox 777 3165 886 3249; x_wconf 78' lang='grc' dir='ltr'><strong>τροφὰς</strong></span> <span class='ocrx_word' id='word_1_270' title='bbox 907 3168 958 3227; x_wconf 79' lang='grc' dir='ltr'><strong>τοῦ</strong></span> <span class='ocrx_word' id='word_1_271' title='bbox 981 3166 1104 3247; x_wconf 80' lang='grc' dir='ltr'><strong>κόσμου.</strong></span> <span class='ocrx_word' id='word_1_272' title='bbox 1138 3163 1202 3228; x_wconf 84' lang='lat' dir='ltr'><strong>iem</strong></span> <span class='ocrx_word' id='word_1_273' title='bbox 1225 3183 1297 3228; x_wconf 86' lang='lat' dir='ltr'><strong>oum</strong></span> <span class='ocrx_word' id='word_1_274' title='bbox 1319 3169 1352 3228; x_wconf 78' lang='lat' dir='ltr'><strong>et</strong></span> <span class='ocrx_word' id='word_1_275' title='bbox 1374 3163 1489 3249; x_wconf 80' lang='grc' dir='ltr'><strong>φθοράν</strong></span> <span class='ocrx_word' id='word_1_276' title='bbox 1508 3172 1543 3229; x_wconf 81' lang='lat' dir='ltr'><strong>et</strong></span> 
     </span>
     <span class='ocr_line' id='line_1_29' title="bbox 177 3264 1543 3351; baseline 0.003 -24"><span class='ocrx_word' id='word_1_277' title='bbox 177 3267 284 3350; x_wconf 79' lang='grc' dir='ltr'><strong>τροφάς</strong></span> <span class='ocrx_word' id='word_1_278' title='bbox 314 3271 564 3331; x_wconf 80' lang='lat' dir='ltr'><strong>commemorata</strong></span> <span class='ocrx_word' id='word_1_279' title='bbox 593 3266 733 3350; x_wconf 84' lang='lat' dir='ltr'><strong>videret,</strong></span> <span class='ocrx_word' id='word_1_280' title='bbox 767 3265 801 3330; x_wconf 90' lang='lat' dir='ltr'><strong>in</strong></span> <span class='ocrx_word' id='word_1_281' title='bbox 831 3286 857 3330; x_wconf 91' lang='lat' dir='ltr'><strong>c.</strong></span> <span class='ocrx_word' id='word_1_282' title='bbox 879 3265 921 3330; x_wconf 82' lang='lat'><strong>20</strong></span> <span class='ocrx_word' id='word_1_283' title='bbox 948 3267 1013 3349; x_wconf 79' lang='grc' dir='ltr'><strong>περὶ</strong></span> <span class='ocrx_word' id='word_1_284' title='bbox 1042 3267 1181 3349; x_wconf 67' lang='grc' dir='ltr'><strong>γενέσεως</strong></span> <span class='ocrx_word' id='word_1_285' title='bbox 1211 3268 1259 3330; x_wconf 84' lang='grc' dir='ltr'><strong>καὶ</strong></span> <span class='ocrx_word' id='word_1_286' title='bbox 1290 3266 1404 3351; x_wconf 81' lang='grc' dir='ltr'><strong>φθορᾶς</strong></span> <span class='ocrx_word' id='word_1_287' title='bbox 1431 3264 1543 3348; x_wconf 80' lang='lat' dir='ltr'><strong>priora</strong></span> 
     </span>
     <span class='ocr_line' id='line_1_30' title="bbox 177 3366 1542 3454; baseline 0.001 -22"><span class='ocrx_word' id='word_1_288' title='bbox 177 3368 344 3450; x_wconf 89' lang='lat' dir='ltr'><strong>usquead</strong></span> <span class='ocrx_word' id='word_1_289' title='bbox 366 3370 566 3454; x_wconf 69' lang='grc' dir='ltr'><strong>ἀποχυθέντος</strong></span> <span class='ocrx_word' id='word_1_290' title='bbox 588 3368 768 3453; x_wconf 83' lang='lat' dir='ltr'><strong>descripsit,</strong></span> <span class='ocrx_word' id='word_1_291' title='bbox 791 3387 876 3451; x_wconf 83' lang='lat' dir='ltr'><strong>quac</strong></span> <span class='ocrx_word' id='word_1_292' title='bbox 898 3376 1090 3451; x_wconf 89' lang='lat' dir='ltr'><strong>supererant</strong></span> <span class='ocrx_word' id='word_1_293' title='bbox 1109 3368 1183 3435; x_wconf 89' lang='lat' dir='ltr'><strong>ficto</strong></span> <span class='ocrx_word' id='word_1_294' title='bbox 1206 3367 1362 3452; x_wconf 90' lang='lat' dir='ltr'><strong>principio</strong></span> <span class='ocrx_word' id='word_1_295' title='bbox 1385 3385 1413 3431; x_wconf 92' lang='lat' dir='ltr'><strong>c.</strong></span> <span class='ocrx_word' id='word_1_296' title='bbox 1429 3368 1469 3433; x_wconf 90' lang='grc'><strong>21</strong></span> <span class='ocrx_word' id='word_1_297' title='bbox 1495 3366 1542 3433; x_wconf 84' lang='lat' dir='ltr'><strong>sic</strong></span> 
     </span>
     <span class='ocr_line' id='line_1_31' title="bbox 177 3468 1541 3556; baseline -0.002 -20"><span class='ocrx_word' id='word_1_298' title='bbox 177 3470 322 3538; x_wconf 81' lang='lat' dir='ltr'><strong>exhibuit</strong></span> <span class='ocrx_word' id='word_1_299' title='bbox 351 3471 496 3540; x_wconf 78' lang='grc' dir='ltr'><strong>Φιλόλαος</strong></span> <span class='ocrx_word' id='word_1_300' title='bbox 529 3469 621 3556; x_wconf 85' lang='grc' dir='ltr'><strong>ἔφησε</strong></span> <span class='ocrx_word' id='word_1_301' title='bbox 647 3473 681 3534; x_wconf 85' lang='grc' dir='ltr'><strong>τὸ</strong></span> <span class='ocrx_word' id='word_1_302' title='bbox 716 3472 767 3552; x_wconf 86' lang='grc' dir='ltr'><strong>μὲν</strong></span> <span class='ocrx_word' id='word_1_303' title='bbox 794 3470 824 3541; x_wconf 77' lang='grc' dir='ltr'><strong>ἐξ</strong></span> <span class='ocrx_word' id='word_1_304' title='bbox 851 3470 973 3555; x_wconf 82' lang='grc' dir='ltr'><strong>οὐρανοῦ</strong></span> <span class='ocrx_word' id='word_1_305' title='bbox 1002 3475 1092 3556; x_wconf 84' lang='grc' dir='ltr'><strong>πυρὸς</strong></span> <span class='ocrx_word' id='word_1_306' title='bbox 1120 3472 1233 3556; x_wconf 79' lang='grc' dir='ltr'><strong>ῥυέντος</strong></span> <span class='ocrx_word' id='word_1_307' title='bbox 1259 3473 1292 3535; x_wconf 79' lang='grc' dir='ltr'><strong>τὸ</strong></span> <span class='ocrx_word' id='word_1_308' title='bbox 1320 3471 1353 3533; x_wconf 79' lang='grc' dir='ltr'><strong>δὲ</strong></span> <span class='ocrx_word' id='word_1_309' title='bbox 1378 3468 1408 3539; x_wconf 71' lang='grc' dir='ltr'><strong>ἐξ</strong></span> <span class='ocrx_word' id='word_1_310' title='bbox 1436 3470 1541 3540; x_wconf 78' lang='grc' dir='ltr'><strong>ὕδατος</strong></span> 
     </span>
     <span class='ocr_line' id='line_1_32' title="bbox 176 3572 1540 3659; baseline -0.001 -22"><span class='ocrx_word' id='word_1_311' title='bbox 176 3576 347 3657; x_wconf 82' lang='grc' dir='ltr'><strong>σεληνιακοῦ</strong></span> <span class='ocrx_word' id='word_1_312' title='bbox 371 3577 549 3659; x_wconf 75' lang='grc' dir='ltr'><strong>περιστροφῇ</strong></span> <span class='ocrx_word' id='word_1_313' title='bbox 572 3577 623 3635; x_wconf 84' lang='grc' dir='ltr'><strong>τοῦ</strong></span> <span class='ocrx_word' id='word_1_314' title='bbox 645 3572 731 3656; x_wconf 82' lang='grc' dir='ltr'><strong>ἀέρος</strong></span> <span class='ocrx_word' id='word_1_315' title='bbox 753 3573 953 3659; x_wconf 69' lang='grc' dir='ltr'><strong>ἀποχυθέντος</strong></span> <span class='ocrx_word' id='word_1_316' title='bbox 974 3573 1046 3637; x_wconf 75' lang='grc' dir='ltr'><strong>εἶναι</strong></span> <span class='ocrx_word' id='word_1_317' title='bbox 1069 3575 1120 3644; x_wconf 79' lang='grc' dir='ltr'><strong>τὰς</strong></span> <span class='ocrx_word' id='word_1_318' title='bbox 1143 3576 1350 3656; x_wconf 69' lang='grc' dir='ltr'><strong>ἀναθυμιάσεις</strong></span> <span class='ocrx_word' id='word_1_319' title='bbox 1363 3573 1472 3658; x_wconf 74' lang='grc' dir='ltr'><strong>τροφὰς</strong></span> <span class='ocrx_word' id='word_1_320' title='bbox 1487 3577 1540 3636; x_wconf 82' lang='grc' dir='ltr'><strong>τοῦ</strong></span> 
     </span>
     <span class='ocr_line' id='line_1_33' title="bbox 177 3674 1435 3760; baseline 0.002 -21"><span class='ocrx_word' id='word_1_321' title='bbox 177 3677 299 3757; x_wconf 84' lang='grc' dir='ltr'><strong>κόσμου.</strong></span> <span class='ocrx_word' id='word_1_322' title='bbox 343 3675 509 3759; x_wconf 81' lang='lat' dir='ltr'><strong>perspexit</strong></span> <span class='ocrx_word' id='word_1_323' title='bbox 530 3674 697 3757; x_wconf 80' lang='lat' dir='ltr'><strong>anthologi</strong></span> <span class='ocrx_word' id='word_1_324' title='bbox 719 3675 860 3759; x_wconf 87' lang='lat' dir='ltr'><strong>ineptias</strong></span> <span class='ocrx_word' id='word_1_325' title='bbox 882 3675 1067 3742; x_wconf 88' lang='lat' dir='ltr'><strong>Boeckhius</strong></span> <span class='ocrx_word' id='word_1_326' title='bbox 1091 3676 1232 3743; x_wconf 90' lang='lat' dir='ltr'><strong>Philolai</strong></span> <span class='ocrx_word' id='word_1_327' title='bbox 1252 3676 1291 3742; x_wconf 85' lang='lat' dir='ltr'><strong>fr.</strong></span> <span class='ocrx_word' id='word_1_328' title='bbox 1314 3698 1345 3760; x_wconf 89' lang='lat' dir='ltr'><strong>p.</strong></span> <span class='ocrx_word' id='word_1_329' title='bbox 1363 3677 1435 3741; x_wconf 90' lang='grc'>111.</span> 
     </span>
    </p>

    <p class='ocr_par' dir='ltr' id='par_1_7' title="bbox 261 3776 1542 3863">
     <span class='ocr_line' id='line_1_34' title="bbox 261 3776 1542 3863; baseline 0.002 -21"><span class='ocrx_word' id='word_1_330' title='bbox 261 3777 363 3842; x_wconf 88' lang='lat' dir='ltr'><strong>Nobis</strong></span> <span class='ocrx_word' id='word_1_331' title='bbox 384 3776 512 3842; x_wconf 79' lang='lat' dir='ltr'><strong>Aetium</strong></span> <span class='ocrx_word' id='word_1_332' title='bbox 536 3778 731 3844; x_wconf 84' lang='lat' dir='ltr'><strong>restituturis</strong></span> <span class='ocrx_word' id='word_1_333' title='bbox 751 3778 866 3844; x_wconf 88' lang='lat' dir='ltr'><strong>fraude</strong></span> <span class='ocrx_word' id='word_1_334' title='bbox 888 3785 1003 3862; x_wconf 87' lang='lat' dir='ltr'><strong>aperta</strong></span> <span class='ocrx_word' id='word_1_335' title='bbox 1025 3780 1072 3845; x_wconf 89' lang='lat' dir='ltr'><strong>sic</strong></span> <span class='ocrx_word' id='word_1_336' title='bbox 1094 3799 1191 3862; x_wconf 82' lang='lat' dir='ltr'><strong>agere</strong></span> <span class='ocrx_word' id='word_1_337' title='bbox 1214 3779 1336 3863; x_wconf 89' lang='lat' dir='ltr'><strong>placuit</strong></span> <span class='ocrx_word' id='word_1_338' title='bbox 1364 3785 1399 3844; x_wconf 91' lang='lat' dir='ltr'><strong>ut</strong></span> <span class='ocrx_word' id='word_1_339' title='bbox 1426 3781 1542 3845; x_wconf 82' lang='lat' dir='ltr'><strong>luxata</strong></span> 
     </span>
    </p>
   </div>
   <div class='ocr_carea' id='block_1_3' title="bbox 171 3963 1542 5001">
    <p class='ocr_par' dir='ltr' id='par_1_8' title="bbox 174 3963 1542 4299">
     <span class='ocr_line' id='line_1_35' title="bbox 249 3963 1542 4038; baseline 0.004 -22"><span class='ocrx_word' id='word_1_340' title='bbox 249 3968 255 3998; x_wconf 87' lang='lat'><strong>¹</strong></span> <span class='ocrx_word' id='word_1_341' title='bbox 276 3972 345 4032; x_wconf 88' lang='lat' dir='ltr'><strong>quod</strong></span> <span class='ocrx_word' id='word_1_342' title='bbox 369 3971 410 4020; x_wconf 88' lang='lat' dir='ltr'><strong>hic</strong></span> <span class='ocrx_word' id='word_1_343' title='bbox 433 3972 526 4020; x_wconf 80' lang='lat' dir='ltr'><strong>iactum</strong></span> <span class='ocrx_word' id='word_1_344' title='bbox 550 3978 589 4020; x_wconf 88' lang='lat' dir='ltr'><strong>cst</strong></span> <span class='ocrx_word' id='word_1_345' title='bbox 612 3978 639 4019; x_wconf 91' lang='lat' dir='ltr'><strong>ut</strong></span> <span class='ocrx_word' id='word_1_346' title='bbox 662 3972 764 4033; x_wconf 81' lang='lat' dir='ltr'><strong>gemino</strong></span> <span class='ocrx_word' id='word_1_347' title='bbox 791 3972 903 4020; x_wconf 83' lang='lat' dir='ltr'><strong>lemmati</strong></span> <span class='ocrx_word' id='word_1_348' title='bbox 923 3963 1083 4038; x_wconf 78' lang='grc' dir='ltr'><strong>Ἡράκλειτος</strong></span> <span class='ocrx_word' id='word_1_349' title='bbox 1105 3969 1149 4021; x_wconf 81' lang='grc' dir='ltr'><strong>καὶ</strong></span> <span class='ocrx_word' id='word_1_350' title='bbox 1162 3963 1293 4027; x_wconf 83' lang='grc' dir='ltr'><strong>Ἑκαταῖος</strong></span> <span class='ocrx_word' id='word_1_351' title='bbox 1312 3972 1437 4021; x_wconf 81' lang='lat' dir='ltr'><strong>Heracliti</strong></span> <span class='ocrx_word' id='word_1_352' title='bbox 1458 3972 1542 4022; x_wconf 77' lang='lat' dir='ltr'><strong>solius</strong></span> 
     </span>
     <span class='ocr_line' id='line_1_36' title="bbox 174 4058 1541 4123; baseline 0.001 -16"><span class='ocrx_word' id='word_1_353' title='bbox 174 4060 227 4108; x_wconf 82' lang='lat' dir='ltr'><strong>alia</strong></span> <span class='ocrx_word' id='word_1_354' title='bbox 251 4060 364 4123; x_wconf 83' lang='lat' dir='ltr'><strong>capitula</strong></span> <span class='ocrx_word' id='word_1_355' title='bbox 388 4059 597 4119; x_wconf 72' lang='lat' dir='ltr'><strong>adsectarentur,</strong></span> <span class='ocrx_word' id='word_1_356' title='bbox 621 4059 648 4107; x_wconf 92' lang='lat' dir='ltr'><strong>id</strong></span> <span class='ocrx_word' id='word_1_357' title='bbox 671 4074 749 4122; x_wconf 82' lang='lat' dir='ltr'><strong>saepe</strong></span> <span class='ocrx_word' id='word_1_358' title='bbox 774 4061 843 4107; x_wconf 87' lang='lat' dir='ltr'><strong>viros</strong></span> <span class='ocrx_word' id='word_1_359' title='bbox 867 4058 957 4107; x_wconf 89' lang='lat' dir='ltr'><strong>doctos</strong></span> <span class='ocrx_word' id='word_1_360' title='bbox 979 4059 1076 4108; x_wconf 82' lang='lat' dir='ltr'><strong>fefellit</strong></span> <span class='ocrx_word' id='word_1_361' title='bbox 1120 4060 1155 4108; x_wconf 86' lang='lat' dir='ltr'><strong>sic</strong></span> <span class='ocrx_word' id='word_1_362' title='bbox 1178 4058 1284 4109; x_wconf 83' lang='lat' dir='ltr'><strong>Stobael</strong></span> <span class='ocrx_word' id='word_1_363' title='bbox 1308 4060 1383 4122; x_wconf 81' lang='lat' dir='ltr'><strong>culpa</strong></span> <span class='ocrx_word' id='word_1_364' title='bbox 1405 4065 1444 4108; x_wconf 79' lang='lat' dir='ltr'><strong>cst</strong></span> <span class='ocrx_word' id='word_1_365' title='bbox 1468 4058 1541 4122; x_wconf 86' lang='lat' dir='ltr'><strong>quod</strong></span> 
     </span>
     <span class='ocr_line' id='line_1_37' title="bbox 176 4138 1542 4210; baseline -0.001 -15"><span class='ocrx_word' id='word_1_366' title='bbox 176 4145 204 4195; x_wconf 93' lang='lat'><strong>11</strong></span> <span class='ocrx_word' id='word_1_367' title='bbox 223 4142 256 4198; x_wconf 88' lang='grc'>26</span> <span class='ocrx_word' id='word_1_368' title='bbox 275 4156 286 4192; x_wconf 88' lang='grc'>1</span> <span class='ocrx_word' id='word_1_369' title='bbox 304 4147 350 4195; x_wconf 89' lang='lat' dir='ltr'><strong>sub</strong></span> <span class='ocrx_word' id='word_1_370' title='bbox 370 4148 488 4196; x_wconf 86' lang='lat' dir='ltr'><strong>lemmate</strong></span> <span class='ocrx_word' id='word_1_371' title='bbox 508 4138 671 4201; x_wconf 77' lang='grc' dir='ltr'><strong>Ποσειδώνιος</strong></span> <span class='ocrx_word' id='word_1_372' title='bbox 689 4144 733 4195; x_wconf 85' lang='grc' dir='ltr'><strong>καὶ</strong></span> <span class='ocrx_word' id='word_1_373' title='bbox 752 4142 902 4195; x_wconf 76' lang='grc' dir='ltr'><strong>οἱπλεῖστοι</strong></span> <span class='ocrx_word' id='word_1_374' title='bbox 921 4149 973 4195; x_wconf 81' lang='grc' dir='ltr'><strong>τῶν</strong></span> <span class='ocrx_word' id='word_1_375' title='bbox 992 4138 1115 4194; x_wconf 82' lang='grc' dir='ltr'><strong>Στωικῶν</strong></span> <span class='ocrx_word' id='word_1_376' title='bbox 1134 4148 1223 4210; x_wconf 83' lang='grc' dir='ltr'><strong>ορίπίο</strong></span> <span class='ocrx_word' id='word_1_377' title='bbox 1242 4148 1346 4196; x_wconf 84' lang='lat' dir='ltr'><strong>minlmc</strong></span> <span class='ocrx_word' id='word_1_378' title='bbox 1359 4146 1542 4197; x_wconf 75' lang='lat' dir='ltr'><strong>Posidoniana</strong></span> 
     </span>
     <span class='ocr_line' id='line_1_38' title="bbox 175 4229 872 4299; baseline 0.001 -17"><span class='ocrx_word' id='word_1_379' title='bbox 175 4231 219 4294; x_wconf 88' lang='lat' dir='ltr'><strong>[ci.</strong></span> <span class='ocrx_word' id='word_1_380' title='bbox 239 4236 326 4284; x_wconf 86' lang='lat' dir='ltr'><strong>Hirzcl</strong></span> <span class='ocrx_word' id='word_1_381' title='bbox 346 4234 491 4285; x_wconf 84' lang='lat' dir='ltr'><strong>untsrauch.</strong></span> <span class='ocrx_word' id='word_1_382' title='bbox 511 4249 532 4283; x_wconf 88' lang='lat' dir='ltr'><strong>z.</strong></span> <span class='ocrx_word' id='word_1_383' title='bbox 553 4233 607 4283; x_wconf 85' lang='lat' dir='ltr'><strong>Cic.</strong></span> <span class='ocrx_word' id='word_1_384' title='bbox 625 4233 639 4282; x_wconf 92' lang='lat'>1</span> <span class='ocrx_word' id='word_1_385' title='bbox 661 4229 738 4296; x_wconf 77' lang='lat'>193²]</span> <span class='ocrx_word' id='word_1_386' title='bbox 757 4241 872 4299; x_wconf 86' lang='lat' dir='ltr'><strong>apparet.</strong></span> 
     </span>
    </p>

    <p class='ocr_par' dir='ltr' id='par_1_9' title="bbox 171 4318 1542 5001">
     <span class='ocr_line' id='line_1_39' title="bbox 245 4318 1541 4387; baseline 0 -16"><span class='ocrx_word' id='word_1_387' title='bbox 245 4318 255 4350; x_wconf 83' lang='lat'>²</span> <span class='ocrx_word' id='word_1_388' title='bbox 274 4337 334 4371; x_wconf 89' lang='lat' dir='ltr'><strong>nam</strong></span> <span class='ocrx_word' id='word_1_389' title='bbox 353 4322 549 4372; x_wconf 87' lang='lat' dir='ltr'><strong>Teichmuelleri</strong></span> <span class='ocrx_word' id='word_1_390' title='bbox 568 4329 594 4370; x_wconf 87' lang='lat' dir='ltr'><strong>ct</strong></span> <span class='ocrx_word' id='word_1_391' title='bbox 612 4321 705 4371; x_wconf 87' lang='lat' dir='ltr'><strong>Zelleri</strong></span> <span class='ocrx_word' id='word_1_392' title='bbox 725 4321 911 4371; x_wconf 80' lang='lat' dir='ltr'><strong>dubitationem</strong></span> <span class='ocrx_word' id='word_1_393' title='bbox 930 4336 982 4370; x_wconf 89' lang='lat' dir='ltr'><strong>non</strong></span> <span class='ocrx_word' id='word_1_394' title='bbox 1002 4322 1132 4386; x_wconf 76' lang='lat' dir='ltr'><strong>intellego.</strong></span> <span class='ocrx_word' id='word_1_395' title='bbox 1160 4325 1204 4384; x_wconf 90' lang='lat' dir='ltr'><strong>qui</strong></span> <span class='ocrx_word' id='word_1_396' title='bbox 1223 4322 1283 4372; x_wconf 91' lang='lat' dir='ltr'><strong>dum</strong></span> <span class='ocrx_word' id='word_1_397' title='bbox 1297 4322 1431 4387; x_wconf 80' lang='lat' dir='ltr'><strong>Hippolyti</strong></span> <span class='ocrx_word' id='word_1_398' title='bbox 1450 4322 1541 4371; x_wconf 82' lang='lat' dir='ltr'><strong>lectio·</strong></span> 
     </span>
     <span class='ocr_line' id='line_1_40' title="bbox 173 4405 1542 4477; baseline -0.001 -18"><span class='ocrx_word' id='word_1_399' title='bbox 173 4425 233 4459; x_wconf 88' lang='lat' dir='ltr'><strong>nem</strong></span> <span class='ocrx_word' id='word_1_400' title='bbox 246 4409 259 4458; x_wconf 93' lang='lat'><em>1</em></span> <span class='ocrx_word' id='word_1_401' title='bbox 273 4410 288 4461; x_wconf 88' lang='grc'>6</span> <span class='ocrx_word' id='word_1_402' title='bbox 301 4420 314 4457; x_wconf 85' lang='grc' dir='ltr'><strong>υ</strong></span> <span class='ocrx_word' id='word_1_403' title='bbox 331 4407 373 4460; x_wconf 79' lang='grc' dir='ltr'><strong>τὸν</strong></span> <span class='ocrx_word' id='word_1_404' title='bbox 385 4405 479 4460; x_wconf 82' lang='grc' dir='ltr'><strong>κθκλον</strong></span> <span class='ocrx_word' id='word_1_405' title='bbox 491 4410 536 4458; x_wconf 77' lang='grc' dir='ltr'><strong>τοῦ</strong></span> <span class='ocrx_word' id='word_1_406' title='bbox 548 4405 620 4477; x_wconf 78' lang='grc' dir='ltr'><strong>ηλέου</strong></span> <span class='ocrx_word' id='word_1_407' title='bbox 633 4406 949 4459; x_wconf 77' lang='grc' dir='ltr'><strong>ἑπτακαιεικοσαπλασίονα</strong></span> <span class='ocrx_word' id='word_1_408' title='bbox 966 4410 1011 4474; x_wconf 82' lang='grc' dir='ltr'><strong>τῆς</strong></span> <span class='ocrx_word' id='word_1_409' title='bbox 1031 4405 1135 4476; x_wconf 73' lang='grc' dir='ltr'><strong>σελήνης</strong></span> <span class='ocrx_word' id='word_1_410' title='bbox 1154 4417 1239 4460; x_wconf 87' lang='lat' dir='ltr'><strong>tuctur</strong></span> <span class='ocrx_word' id='word_1_411' title='bbox 1257 4406 1289 4459; x_wconf 81' lang='lat'><strong>1⁴</strong></span> <span class='ocrx_word' id='word_1_412' title='bbox 1307 4407 1358 4461; x_wconf 79' lang='grc'>207</span> <span class='ocrx_word' id='word_1_413' title='bbox 1377 4409 1456 4459; x_wconf 77' lang='lat' dir='ltr'><strong>dicit:</strong></span> <span class='ocrx_word' id='word_1_414' title='bbox 1469 4407 1542 4459; x_wconf 67' lang='lat' dir='ltr'><strong>duca</strong></span> 
     </span>
     <span class='ocr_line' id='line_1_41' title="bbox 173 4493 1540 4562; baseline 0 -15"><span class='ocrx_word' id='word_1_415' title='bbox 173 4495 216 4547; x_wconf 80' lang='lat' dir='ltr'><strong>dia</strong></span> <span class='ocrx_word' id='word_1_416' title='bbox 236 4495 343 4547; x_wconf 65' lang='lat' dir='ltr'><strong>terrare</strong></span> <span class='ocrx_word' id='word_1_417' title='bbox 366 4495 584 4560; x_wconf 77' lang='lat' dir='ltr'><strong>[Senneabcdo]</strong></span> <span class='ocrx_word' id='word_1_418' title='bbox 607 4495 675 4546; x_wconf 79' lang='lat' dir='ltr'><strong>blora</strong></span> <span class='ocrx_word' id='word_1_419' title='bbox 698 4495 794 4547; x_wconf 80' lang='grc' dir='ltr'><strong>28παὶ</strong></span> <span class='ocrx_word' id='word_1_420' title='bbox 817 4512 845 4546; x_wconf 77' lang='grc' dir='ltr'><strong>σο</strong></span> <span class='ocrx_word' id='word_1_421' title='bbox 863 4512 939 4562; x_wconf 69' lang='lat' dir='ltr'><strong>precs</strong></span> <span class='ocrx_word' id='word_1_422' title='bbox 961 4495 1019 4546; x_wconf 79' lang='lat' dir='ltr'><strong>ocia</strong></span> <span class='ocrx_word' id='word_1_423' title='bbox 1047 4494 1121 4546; x_wconf 77' lang='lat' dir='ltr'><strong>sollte</strong></span> <span class='ocrx_word' id='word_1_424' title='bbox 1149 4494 1191 4545; x_wconf 78' lang='lat' dir='ltr'><strong>cla</strong></span> <span class='ocrx_word' id='word_1_425' title='bbox 1214 4495 1258 4547; x_wconf 81' lang='lat' dir='ltr'><strong>die</strong></span> <span class='ocrx_word' id='word_1_426' title='bbox 1283 4493 1540 4555; x_wconf 71' lang='grc' dir='ltr'><strong>Βυαπσπεολσίθσ,</strong></span> 
     </span>
     <span class='ocr_line' id='line_1_42' title="bbox 173 4580 1539 4651; baseline -0.001 -18"><span class='ocrx_word' id='word_1_427' title='bbox 173 4583 356 4635; x_wconf 74' lang='lat' dir='ltr'><strong>widerato-citet</strong></span> <span class='ocrx_word' id='word_1_428' title='bbox 375 4585 433 4636; x_wconf 77' lang='lat' dir='ltr'><strong>dem</strong></span> <span class='ocrx_word' id='word_1_429' title='bbox 452 4582 635 4651; x_wconf 72' lang='grc' dir='ltr'><strong>Αιιρσοσαλεὶπ</strong></span> <span class='ocrx_word' id='word_1_430' title='bbox 652 4598 685 4634; x_wconf 75' lang='grc' dir='ltr'><strong>ιιι</strong></span> <span class='ocrx_word' id='word_1_431' title='bbox 704 4584 867 4651; x_wconf 79' lang='lat' dir='ltr'><strong>auffclleod,</strong></span> <span class='ocrx_word' id='word_1_432' title='bbox 892 4585 933 4634; x_wconf 77' lang='lat' dir='ltr'><strong>cla</strong></span> <span class='ocrx_word' id='word_1_433' title='bbox 952 4582 1016 4633; x_wconf 78' lang='lat' dir='ltr'><strong>dara</strong></span> <span class='ocrx_word' id='word_1_434' title='bbox 1034 4582 1084 4632; x_wconf 82' lang='lat' dir='ltr'><strong>wir</strong></span> <span class='ocrx_word' id='word_1_435' title='bbox 1104 4583 1308 4634; x_wconf 69' lang='lat' dir='ltr'><strong>Anaximander</strong></span> <span class='ocrx_word' id='word_1_436' title='bbox 1326 4582 1398 4634; x_wconf 75' lang='lat' dir='ltr'><strong>dicte</strong></span> <span class='ocrx_word' id='word_1_437' title='bbox 1421 4580 1539 4634; x_wconf 72' lang='lat' dir='ltr'><strong>Varated-</strong></span> 
     </span>
     <span class='ocr_line' id='line_1_43' title="bbox 172 4670 1537 4737; baseline -0.001 -17"><span class='ocrx_word' id='word_1_438' title='bbox 172 4670 236 4737; x_wconf 74' lang='grc' dir='ltr'><strong>ἱυπρ</strong></span> <span class='ocrx_word' id='word_1_439' title='bbox 260 4683 387 4723; x_wconf 68' lang='lat' dir='ltr'><strong>carractere</strong></span> <span class='ocrx_word' id='word_1_440' title='bbox 406 4673 533 4723; x_wconf 81' lang='lat' dir='ltr'><strong>kcconso.</strong></span> <span class='ocrx_word' id='word_1_441' title='bbox 561 4681 589 4722; x_wconf 86' lang='lat' dir='ltr'><strong>at</strong></span> <span class='ocrx_word' id='word_1_442' title='bbox 610 4673 672 4721; x_wconf 84' lang='lat' dir='ltr'><strong>solia</strong></span> <span class='ocrx_word' id='word_1_443' title='bbox 696 4673 765 4722; x_wconf 87' lang='lat' dir='ltr'><strong>orbis</strong></span> <span class='ocrx_word' id='word_1_444' title='bbox 788 4688 842 4722; x_wconf 88' lang='lat' dir='ltr'><strong>non</strong></span> <span class='ocrx_word' id='word_1_445' title='bbox 868 4681 978 4737; x_wconf 85' lang='lat' dir='ltr'><strong>quantus</strong></span> <span class='ocrx_word' id='word_1_446' title='bbox 1001 4680 1126 4737; x_wconf 85' lang='lat' dir='ltr'><strong>appareat</strong></span> <span class='ocrx_word' id='word_1_447' title='bbox 1149 4673 1195 4723; x_wconf 85' lang='lat' dir='ltr'><strong>sed</strong></span> <span class='ocrx_word' id='word_1_448' title='bbox 1229 4680 1338 4736; x_wconf 83' lang='lat' dir='ltr'><strong>quantus</strong></span> <span class='ocrx_word' id='word_1_449' title='bbox 1363 4688 1391 4723; x_wconf 89' lang='lat' dir='ltr'><strong>rc</strong></span> <span class='ocrx_word' id='word_1_450' title='bbox 1419 4685 1483 4721; x_wconf 83' lang='lat' dir='ltr'><strong>rara</strong></span> <span class='ocrx_word' id='word_1_451' title='bbox 1504 4672 1537 4720; x_wconf 84' lang='lat' dir='ltr'><strong>sit</strong></span> 
     </span>
     <span class='ocr_line' id='line_1_44' title="bbox 172 4758 1536 4825; baseline -0.001 -16"><span class='ocrx_word' id='word_1_452' title='bbox 172 4759 301 4820; x_wconf 88' lang='lat' dir='ltr'><strong>&lt;nimirum</strong></span> <span class='ocrx_word' id='word_1_453' title='bbox 327 4769 410 4810; x_wconf 87' lang='lat' dir='ltr'><strong>terrae</strong></span> <span class='ocrx_word' id='word_1_454' title='bbox 437 4761 561 4809; x_wconf 84' lang='lat' dir='ltr'><strong>ambitum</strong></span> <span class='ocrx_word' id='word_1_455' title='bbox 587 4760 690 4822; x_wconf 84' lang='lat' dir='ltr'><strong>aequat)</strong></span> <span class='ocrx_word' id='word_1_456' title='bbox 718 4760 916 4823; x_wconf 78' lang='lat' dir='ltr'><strong>intellegendus.</strong></span> <span class='ocrx_word' id='word_1_457' title='bbox 953 4775 1015 4823; x_wconf 83' lang='lat' dir='ltr'><strong>crgo</strong></span> <span class='ocrx_word' id='word_1_458' title='bbox 1038 4763 1059 4810; x_wconf 91' lang='lat' dir='ltr'><strong>si</strong></span> <span class='ocrx_word' id='word_1_459' title='bbox 1083 4760 1233 4811; x_wconf 80' lang='lat' dir='ltr'><strong>offendisset</strong></span> <span class='ocrx_word' id='word_1_460' title='bbox 1257 4761 1321 4811; x_wconf 90' lang='lat' dir='ltr'><strong>illud</strong></span> <span class='ocrx_word' id='word_1_461' title='bbox 1344 4758 1536 4825; x_wconf 84' lang='lat' dir='ltr'><strong>philosophum,</strong></span> 
     </span>
     <span class='ocr_line' id='line_1_45' title="bbox 173 4846 1534 4911; baseline -0.001 -15"><span class='ocrx_word' id='word_1_462' title='bbox 173 4872 205 4882; x_wconf 56' lang='lat'><strong>*—</strong></span> <span class='ocrx_word' id='word_1_463' title='bbox 220 4848 292 4911; x_wconf 85' lang='lat' dir='ltr'><strong>qrrcd</strong></span> <span class='ocrx_word' id='word_1_464' title='bbox 305 4863 358 4897; x_wconf 87' lang='lat' dir='ltr'><strong>non</strong></span> <span class='ocrx_word' id='word_1_465' title='bbox 373 4859 428 4898; x_wconf 84' lang='lat' dir='ltr'><strong>crat</strong></span> <span class='ocrx_word' id='word_1_466' title='bbox 439 4864 484 4898; x_wconf 86' lang='lat' dir='ltr'><strong>cnr</strong></span> <span class='ocrx_word' id='word_1_467' title='bbox 496 4848 592 4897; x_wconf 80' lang='lat' dir='ltr'><strong>taceret</strong></span> <span class='ocrx_word' id='word_1_468' title='bbox 607 4874 637 4883; x_wconf 93' lang='lat'>—</span> <span class='ocrx_word' id='word_1_469' title='bbox 653 4855 742 4905; x_wconf 86' lang='lat' dir='ltr'><strong>tamen</strong></span> <span class='ocrx_word' id='word_1_470' title='bbox 758 4848 847 4897; x_wconf 83' lang='lat' dir='ltr'><strong>eadem</strong></span> <span class='ocrx_word' id='word_1_471' title='bbox 861 4847 971 4897; x_wconf 80' lang='lat' dir='ltr'><strong>offensio</strong></span> <span class='ocrx_word' id='word_1_472' title='bbox 988 4850 1015 4897; x_wconf 91' lang='lat' dir='ltr'><strong>in</strong></span> <span class='ocrx_word' id='word_1_473' title='bbox 1034 4849 1112 4898; x_wconf 85' lang='lat' dir='ltr'><strong>lunae</strong></span> <span class='ocrx_word' id='word_1_474' title='bbox 1134 4849 1219 4899; x_wconf 87' lang='lat' dir='ltr'><strong>orbita</strong></span> <span class='ocrx_word' id='word_1_475' title='bbox 1232 4849 1332 4898; x_wconf 80' lang='lat' dir='ltr'><strong>Zellcrc</strong></span> <span class='ocrx_word' id='word_1_476' title='bbox 1351 4846 1534 4911; x_wconf 69' lang='lat' dir='ltr'><strong>adgnoscenda</strong></span> 
     </span>
     <span class='ocr_line' id='line_1_46' title="bbox 171 4936 1336 5001; baseline 0.001 -20"><span class='ocrx_word' id='word_1_477' title='bbox 171 4942 234 4985; x_wconf 80' lang='lat' dir='ltr'><strong>erat</strong></span> <span class='ocrx_word' id='word_1_478' title='bbox 262 4950 327 4998; x_wconf 86' lang='lat' dir='ltr'><strong>quac</strong></span> <span class='ocrx_word' id='word_1_479' title='bbox 347 4936 494 4985; x_wconf 79' lang='lat' dir='ltr'><strong>undeviciea</strong></span> <span class='ocrx_word' id='word_1_480' title='bbox 514 4942 614 4985; x_wconf 87' lang='lat' dir='ltr'><strong>tantum</strong></span> <span class='ocrx_word' id='word_1_481' title='bbox 633 4936 696 4986; x_wconf 81' lang='lat' dir='ltr'><strong>solis</strong></span> <span class='ocrx_word' id='word_1_482' title='bbox 716 4937 804 4986; x_wconf 76' lang='lat' dir='ltr'><strong>orbem</strong></span> <span class='ocrx_word' id='word_1_483' title='bbox 823 4937 894 4994; x_wconf 86' lang='lat' dir='ltr'><strong>(nam</strong></span> <span class='ocrx_word' id='word_1_484' title='bbox 914 4943 983 4985; x_wconf 85' lang='lat' dir='ltr'><strong>tarra</strong></span> <span class='ocrx_word' id='word_1_485' title='bbox 1000 4936 1081 4985; x_wconf 83' lang='lat' dir='ltr'><strong>solem</strong></span> <span class='ocrx_word' id='word_1_486' title='bbox 1101 4936 1206 5000; x_wconf 80' lang='lat' dir='ltr'><strong>aequat)</strong></span> <span class='ocrx_word' id='word_1_487' title='bbox 1225 4945 1336 5001; x_wconf 82' lang='lat' dir='ltr'><strong>superat.</strong></span> 
     </span>
    </p>
   </div>
   <div class='ocr_carea' id='block_1_4' title="bbox 0 0 1726 5588">
    <p class='ocr_par' dir='ltr' id='par_1_10' title="bbox 0 0 1726 5588">
     <span class='ocr_line' id='line_1_47' title="bbox 0 0 1726 5588; baseline 0 3"><span class='ocrx_word' id='word_1_488' title='bbox 0 0 1726 5588; x_wconf 95' lang='lat' dir='ltr'><strong> </strong></span> 
     </span>
    </p>
   </div>
  </div>
 </body>
</html>
