3464 5586
181 324 221 387 38
464 327 477 375 Ι
512 326 561 374 DE
581 325 850 375 recrescente
868 323 1053 375 EPITOMES
1073 323 1246 373 MEMORIA

181 494 251 558 loco
279 500 366 559 recte
388 493 554 576 ἀνημμένου
581 491 719 558 correxit
744 497 801 556 aut
829 490 916 573 quod
938 488 1041 572 magis
1069 488 1199 555 credam
1228 508 1267 553 ex
1296 488 1408 554 codice
1436 491 1542 572 qualis

180 594 277 659 fuitB
292 595 502 678 transcripsit
535 614 641 677 neque
656 593 741 660 enim
756 592 827 658 sine
841 591 982 658 codiceI
999 593 1039 656 13
1057 606 1089 660 18
1111 592 1330 676 ἀγκιστροειδεῖς
1353 597 1542 675 ceterasque

180 696 325 762 seminini
347 697 475 779 generis
496 697 618 762 formas
640 694 878 780 superscribere
899 694 1014 778 potuit.

266 797 400 864 Ceteros
426 798 601 880 vulgaris
626 796 769 863 familiae
797 795 924 862 codices
950 816 1062 861 omnes
1089 802 1146 861 aut
1171 816 1212 861 ex
1234 796 1403 861 Planudeo
1431 796 1542 863 codice

181 898 351 983 deperdito
374 906 432 964 aut
460 921 502 965 ex
527 898 725 985 apographis
751 898 820 965 eius
843 896 1024 981 descriptos
1046 916 1118 962 esse
1140 917 1212 962 oum
1234 898 1409 964 lectionum
1435 897 1542 963 simili·

181 1001 293 1067 tudine
309 1003 316 1034 ¹
337 1008 404 1066 tum
419 1002 607 1067 lacunarum
622 998 661 1087 [V
676 1001 716 1065 27
737 996 780 1086 2],
804 999 925 1066 ordinis
940 996 1205 1085 [transponuntur
1220 1001 1248 1064 V
1263 1001 1305 1065 23
1321 1006 1354 1065 et
1369 998 1432 1086 24],
1448 999 1543 1065 inter-

182 1103 381 1187 polationum
404 1100 447 1189 [II
462 1105 506 1169 20
523 1112 553 1165 12
576 1101 841 1189 προσονομάζομεν]
865 1100 1091 1167 communione
1110 1103 1313 1185 exploratum
1328 1108 1387 1167 est.
1420 1102 1463 1167 de
1477 1102 1543 1166 vul-

182 1214 330 1289 gatorum
355 1206 500 1272 codicum
524 1205 619 1271 turba
640 1206 739 1288 paulo
766 1204 879 1269 melior
908 1210 958 1269 est
987 1202 1138 1268 Petavii
1165 1203 1297 1286 quidam
1324 1203 1419 1286 liber,
1455 1204 1545 1268 cuius

182 1309 402 1391 discrepantia
429 1307 563 1374 editioni
590 1305 850 1373 Francofurtensi
879 1307 963 1370 1620
992 1304 1105 1369 addita
1132 1311 1190 1371 est.
1235 1305 1385 1370 nimirum
1410 1305 1544 1372 alterius

182 1411 296 1476 classis
319 1410 422 1475 codex
444 1410 488 1474 ad
511 1409 735 1491 corrigendum
757 1410 899 1475 adscitus
922 1407 1021 1472 fuisse
1043 1406 1179 1472 videtur.
1222 1407 1308 1472 idem
1331 1407 1419 1473 cadit
1438 1408 1472 1473 in
1494 1428 1544 1473 co·

183 1514 288 1578 dicem
310 1511 458 1577 biblioth.
482 1512 608 1594 collegii
632 1511 708 1576 novi
731 1509 959 1576 Oxoniensis
981 1530 1012 1573 n.
1029 1510 1090 1574 233
1113 1527 1134 1572 a
1156 1508 1407 1594 Wyttenbachio
1423 1510 1544 1593 passim

183 1615 357 1680 conlatum.
392 1612 512 1679 codicis
529 1614 554 1678 Ο
576 1614 757 1678 simillimus
780 1619 830 1678 est
850 1611 919 1676 cod.
942 1611 1157 1676 Marcianus
1171 1611 1236 1676 248
1255 1629 1277 1674 a
1291 1610 1415 1677 Ioanne
1436 1611 1544 1676 Rhoso

184 1714 331 1780 Cretensi
354 1732 384 1778 a.
403 1716 485 1779 1455
509 1714 541 1778 in
557 1714 760 1780 Bessarionis
784 1734 875 1778 usum
898 1713 1089 1778 nitidissime
1104 1712 1251 1795 scriptus,
1274 1711 1364 1777 cuius
1386 1714 1405 1779 l.
1424 1713 1453 1777 V
1473 1714 1545 1778 Pla·

186 1815 321 1880 citorum
339 1814 476 1898 inspexi.
511 1816 654 1882 eiusdem
670 1816 788 1883 aetatis
803 1823 852 1881 est
868 1816 939 1880 cod.
955 1814 1237 1880 Laurentianus
1252 1813 1295 1878 80
1307 1822 1339 1874 11
1356 1814 1547 1881 chartaceus

183 1919 224 1982 39
247 1917 366 1999 scripta
382 1917 546 1982 Plutarchi
570 1918 749 1986 continens.
784 1939 824 1983 ex
847 1919 951 1982 altera
974 1917 1077 1982 classe
1100 1922 1261 1980 correctus
1284 1921 1343 1999 est,
1366 1916 1393 1980 si
1416 1916 1545 1999 quidem

182 2020 231 2084 III
248 2019 314 2083 133
329 2018 363 2083 in
379 2026 532 2085 contextu
547 2021 712 2104 ἑνιζυμένην
728 2020 761 2085 in
776 2019 920 2101 margine
935 2038 1033 2082 manu
1048 2017 1162 2083 eadem
1173 2019 1435 2103 [Ρένιζιυνισμένην
1451 2016 1500 2104 [ef.
1507 2017 1547 2105 Α]

184 2120 325 2187 exhibet.
360 2120 532 2202 singularis
548 2128 598 2188 est
612 2123 757 2188 condicio
773 2121 953 2187 Vossiani
969 2119 1109 2185 chartac.
1126 2118 1181 2183 Gr.
1199 2118 1236 2197 Q.
1253 2121 1273 2184 2
1295 2119 1349 2201 qui
1368 2120 1545 2185 Alexandri

183 2223 278 2286 Pauli
303 2221 359 2287 lilii
382 2223 507 2288 Petavii
537 2225 697 2290 senatoris
719 2223 910 2289 Parisiensis
932 2242 962 2286 a.
981 2222 1062 2285 1639
1089 2220 1149 2285 fuit
1175 2218 1335 2306 [catalog.
1359 2220 1434 2286 bibl.
1457 2221 1545 2305 publ.

184 2325 335 2406 Lugdun.
353 2326 436 2389 1116
461 2347 492 2408 p.
510 2326 583 2409 395,
606 2327 826 2392 Moutlaucon.
849 2324 924 2390 bibl.
948 2345 1023 2388 mss.
1047 2343 1121 2388 nov.
1143 2323 1197 2387 tl
1219 2325 1392 2389 Puellae
1414 2345 1445 2408 p.
1461 2321 1546 2411 675]

185 2434 358 2492 contextus
372 2427 524 2492 Vossiani
547 2450 572 2493 s.
588 2430 648 2494 XV
670 2429 772 2495 nitide
787 2427 986 2511 conscriptus
1009 2447 1081 2490 cum
1102 2426 1247 2509 vulgata,
1269 2427 1397 2508 qualem
1412 2426 1548 2510 praebet

184 2528 224 2612 0,
256 2528 404 2594 omnibus
434 2529 530 2596 rebus
556 2533 740 2597 concordat.
785 2530 922 2614 scriptus
952 2536 1001 2594 est
1023 2527 1104 2594 liber
1129 2527 1412 2610 neglegentissime
1438 2527 1547 2594 multis

184 2631 321 2697 omissis.
366 2632 425 2697 sed
451 2633 614 2715 margines
641 2632 762 2699 crebris
788 2632 873 2697 notis
899 2638 974 2696 sunt
1000 2629 1127 2714 repleti.
1172 2630 1360 2697 correctoris
1388 2637 1438 2695 est
1459 2629 1547 2714 prior

184 2753 298 2799 manus
320 2753 406 2816 quae
428 2734 579 2800 subfusco
601 2741 782 2801 atramento
805 2734 905 2800 utitur
927 2740 960 2799 et
986 2733 1132 2798 rotundis
1161 2732 1276 2798 litteris
1303 2731 1441 2798 dirersis
1469 2738 1547 2797 tem·

185 2834 315 2919 poribus
336 2836 483 2920 duplices
505 2843 600 2902 notas
622 2835 804 2920 adscripsit.
851 2835 989 2920 primum
1016 2834 1058 2900 de
1080 2835 1265 2900 coniectura
1290 2842 1347 2901 aut
1368 2834 1441 2899 aliis
1462 2834 1547 2900 codi-

184 2937 298 3002 cibus'
321 2937 408 3002 vitiis
430 2938 552 3004 mederi
575 2937 707 3021 studuit,
731 2947 847 3022 postea
869 2959 887 3004 e
910 2937 1027 3003 Galeni
1049 2937 1184 3002 historia
1206 2937 1399 3021 philosopha
1421 2939 1544 3020 largam

184 3038 446 3104 emendationum
469 3047 502 3105 et
524 3041 822 3123 supplementorum
843 3040 958 3105 silvam
981 3039 1013 3102 in
1037 3038 1213 3120 marginem
1235 3040 1407 3121 congessit.
1439 3041 1546 3106 altera

184 3159 298 3204 manus
320 3141 478 3207 recentior
500 3141 591 3223 nigro
615 3143 722 3207 colore
745 3149 778 3208 et
800 3142 960 3223 angulosa
975 3140 1133 3223 scriptura
1148 3141 1323 3225 conspicua
1344 3163 1385 3208 ox
1403 3143 1545 3225 vulgatis

184 3240 273 3305 libris
295 3261 379 3322 quae
395 3243 514 3309 omissa
529 3250 621 3309 erant
637 3244 809 3327 supplevit.
839 3243 974 3308 interest
988 3249 1110 3325 nostra,
1134 3248 1169 3307 ut
1186 3243 1227 3308 de
1244 3243 1350 3326 priore
1365 3251 1544 3311 correctore

183 3343 364 3409 accuratius
397 3344 605 3427 inquiramus.
661 3365 735 3409 nam
769 3353 826 3409 aut
859 3344 955 3410 fallor
987 3345 1118 3427 egregie
1151 3352 1208 3410 aut
1238 3344 1389 3410 Guilelmi
1421 3345 1544 3412 Budaei

184 3445 360 3510 doctissimi
389 3445 450 3510 viri
477 3466 607 3512 manum
635 3454 721 3512 recte
743 3447 919 3529 adgnosco.
963 3445 1086 3511 iudices
1109 3447 1205 3512 velim
1227 3447 1298 3531 ipse
1320 3448 1450 3512 conlata
1472 3447 1542 3513 eius

184 3549 287 3613 latina
310 3547 475 3632 versione,
504 3568 587 3631 quae
609 3548 744 3631 primum
768 3548 887 3632 prodiit
916 3550 1002 3631 quod
1031 3548 1130 3614 sciam
1159 3548 1292 3614 Parisiis
1315 3551 1414 3615 1595.
1456 3550 1545 3615 velut

184 3652 198 3715 l
234 3653 273 3714 15
304 3661 319 3711 7
359 3651 525 3733 vulgatam
560 3658 669 3717 tuetur
700 3650 852 3717 Vossiani
888 3659 1058 3718 contextus
1096 3657 1153 3714 τῶν
1180 3656 1304 3733 τροπῶν.
1354 3671 1465 3715 verum
1494 3659 1544 3717 est

183 3759 307 3837 τροφῶν.
342 3759 377 3817 at
398 3752 535 3835 margini
559 3753 756 3837 adscriptum
779 3760 829 3818 est
850 3773 948 3818 manu
971 3753 1162 3819 correctoris
1185 3753 1224 3831 ’1.
1246 3754 1343 3816 τὸτοιν
1365 3772 1384 3817 e
1406 3752 1542 3819 Galeno.

182 3853 335 3919 Budaeus
352 3855 449 3919 vertit
470 3862 628 3938 propter
650 3856 822 3920 locorum
845 3857 1115 3937 coelorumque
1136 3854 1358 3919 varietates.
1384 3853 1541 3919 Galerium

183 3955 285 4038 enim,
320 3974 415 4037 quern
445 3955 532 4021 haud
558 3957 659 4021 semel
685 3956 797 4023 citavit
823 3966 984 4023 corrector
1014 3955 1056 4043 [Π
1079 3959 1168 4022 1312
1196 3957 1388 4023 (11Πῖ011
1415 3956 1545 4039 Γαληνὸς

183 4059 213 4120 ἐν
235 4065 272 4140 τῇ
296 4056 474 4143 φιλοσόρ<ιρ>
496 4057 618 4145 ἱστορίᾳ]
642 4080 706 4124 non
729 4060 832 4123 solum
854 4059 1019 4142 apposuit,
1045 4059 1104 4124 sed
1126 4059 1225 4132 etiam
1247 4057 1432 4124 emendavit
1454 4058 1543 4123 velut

182 4160 225 4224 ad
247 4162 292 4226 IV
310 4164 350 4225 15
373 4171 384 4221 1
410 4158 527 4225 Galeni
542 4161 604 4228 hoo
619 4161 874 4226 additamentum
891 4160 928 4247 Ιο.
941 4158 994 4246 96]
1010 4159 1203 4242 castigatum
1219 4161 1309 4227 dedit
1324 4162 1356 4223 rh
1373 4162 1424 4242 μὲν
1440 4161 1543 4231 σκότος

182 4263 317 4325 συνάπτει
340 4258 448 4348 [vulgo
471 4263 595 4350 συνάγει]
618 4266 666 4328 καὶ
689 4264 829 4348 συγκρίνει
853 4263 961 4351 [vulgo
980 4260 1115 4350 συγκινεῖ]
1137 4267 1190 4349 τὴν
1213 4265 1310 4348 ὅρασιν
1334 4264 1381 4326 καὶ
1404 4264 1542 4347 ἀμβλύνει

182 4405 240 4424 ...
263 4365 310 4428 διὰ
331 4369 417 4429 τοῦτο
439 4363 547 4451 [vulgo
570 4367 618 4430 διὰ
639 4364 683 4452 τὸ]
707 4369 747 4452 μὴ
771 4369 839 4452 ὁρᾶν
863 4369 940 4450 ἡμᾶς
963 4367 1050 4452 ἐντῷ
1067 4368 1174 4432 σκότει.
1207 4365 1359 4430 Budaeus
1380 4363 1414 4428 in
1436 4364 1541 4447 ipsum

254 4552 260 4582 ¹
280 4553 327 4605 13
346 4565 358 4602 8
380 4557 485 4620 vulgata
508 4559 635 4607 consentit
660 4559 686 4607 in
710 4558 749 4606 his
773 4555 816 4607 καὶ
838 4554 912 4608 ἵππον
935 4555 977 4608 ἕνα
996 4555 1090 4624 μόνον
1108 4558 1220 4621 νοοῦμεν.
1246 4556 1331 4604 omisit
1354 4552 1428 4620 μόνον
1451 4557 1543 4605 melior

915 4643 990 4710 μόνον

181 4712 305 4760 memoria
324 4712 380 4761 ΑΒ.
399 4714 525 4775 originem
544 4714 705 4776 glossematis
723 4722 849 4764 monstrat
866 4715 887 4764 C
906 4711 949 4764 ἕνα
968 4716 1079 4780 νοοῦμεν.

253 4793 263 4825 ²
281 4800 444 4848 coniunctum
468 4798 547 4847 habes
567 4810 701 4863 utrumque
720 4800 761 4849 Ill
783 4800 813 4849 le
832 4811 851 4863 l,
876 4801 918 4852 ubi
938 4804 970 4851 ad
991 4803 1120 4864 vulgarem
1139 4802 1274 4851 lectionem
1294 4800 1338 4859 (=
1352 4801 1384 4860 C)
1403 4796 1541 4865 παρατυλί·

182 4896 243 4937 σασα
263 4886 287 4934 in
308 4888 423 4951 margine
441 4886 580 4936 adnotatur
598 4884 786 4955 crapulatione«
805 4887 847 4950 <=
863 4891 886 4937 rt
897 4889 929 4948 B)
948 4886 964 4954 ἦ
984 4885 1154 4955 παραλυκίσαν
1174 4890 1197 4950 (c
1216 4889 1383 4947 coniectura).
