3442 5588
646 331 923 382 enoueoonnun
1400 336 1461 399 ⁶207

95 493 294 577 religiositas
317 494 457 560 hicnon
482 493 634 561 substitit.
666 498 730 563 ab
758 499 797 561 de
817 500 1038 580 insipnicribas
1060 505 1391 582 orpnmentotionibas,
1417 503 1463 567 in-

96 597 177 681 quit,
200 600 261 661 em't
277 601 370 661 etiam
385 600 442 662 illo
458 598 541 680 qaod
555 617 643 662 omne
657 619 772 680 corpas
795 605 1012 682 corporalibus
1027 605 1072 667 ali
1087 605 1224 667 indicent
1238 609 1374 669 animam
1388 627 1463 670 cero

95 710 129 763 at
151 701 382 782 incorporalem
398 703 651 782 incorporalibus
665 705 839 784 sapientiae
852 706 970 768 scilicet
984 707 1106 770 studiis.
1140 708 1196 770 sed
1210 728 1266 771 nec
1280 710 1330 771 bic
1343 711 1462 789 prodas

95 804 191 867 stabit
212 805 306 867 etiam
328 804 475 869 Sorano
504 806 734 869 methodicae
761 807 966 872 medicinae
995 812 1286 873 instructissimo
1309 823 1463 876 auctore

95 907 302 988 respondente
323 909 459 971 unimam
480 909 699 989 corporolibus
721 927 841 991 qaoque
863 912 908 973 ali
931 958 938 973 .
963 958 970 974 .
993 958 1001 975 .
1024 915 1071 976 ita
1092 915 1184 976 etiam
1205 916 1273 994 ipse
1294 915 1462 978 Soranus

93 1009 311 1090 plenissime
331 1029 445 1092 saper
467 1014 596 1076 animo
619 1020 883 1077 commentatas
905 1026 1069 1096 quatuor
1089 1017 1336 1080 colitminibas
1350 1028 1379 1081 el
1394 1039 1463 1081 cnm

96 1112 240 1176 mooe
258 1113 511 1195 pbilosophorum
531 1118 692 1179 sententiis
718 1125 864 1196 ecpertns
891 1119 1087 1198 corporalem
1114 1121 1236 1182 aniame
1257 1121 1464 1184 srrbstantiam

94 1215 238 1278 uindicat
258 1218 317 1279 etsi
337 1217 425 1281 illam
445 1218 679 1282 immortalitate
699 1219 872 1298 fraudavit.

183 1316 327 1384 Soranus
343 1317 441 1401 igitur
455 1318 563 1385 clerus
577 1319 780 1387 methodicos
793 1321 944 1405 idemque
959 1322 1103 1388 eruditus
1122 1322 1307 1407 philologus
1322 1323 1463 1391 Traiano

96 1439 222 1505 suppar
247 1420 425 1504 pretiosum
452 1420 543 1487 illum
570 1422 757 1508 opinionum
781 1423 970 1490 thesaurum
1000 1425 1147 1508 collegit,
1178 1425 1268 1490 cuius
1296 1427 1392 1495 heres
1414 1434 1463 1493 est

95 1520 205 1590 iectus
226 1523 456 1589 Tertullianus.
490 1523 566 1590 hinc
587 1544 653 1591 non
675 1524 772 1591 modo
795 1544 879 1608 quae
899 1526 1090 1593 nominatim
1112 1527 1290 1592 afferuntur
1313 1548 1340 1594 c.
1356 1530 1386 1596 8.
1411 1530 1461 1594 13.

95 1625 151 1710 25,
173 1623 233 1691 sed
253 1631 412 1710 quotquot
437 1626 479 1692 de
506 1627 640 1694 medicis
667 1632 701 1692 et
725 1625 927 1711 philosophis
954 1629 1052 1714 paulo
1079 1629 1221 1694 melioris
1249 1635 1346 1696 notae
1374 1628 1463 1698 inve·

94 1727 239 1814 ciuntur,
259 1734 412 1794 accurate
434 1749 494 1812 pro
517 1735 614 1814 captu
636 1728 827 1796 Tertulliani
849 1729 1083 1796 describuntur.
1123 1729 1212 1796 dices
1233 1729 1340 1796 ‘credo
1364 1731 1463 1797 medi·

96 1849 165 1916 cos,
188 1829 248 1897 sed
262 1829 476 1916 philosophos
489 1831 576 1899 unde
591 1849 613 1896 a
628 1830 754 1898 Sorano
777 1850 874 1915 quam
888 1850 910 1897 a
925 1833 1125 1899 Tertulliano
1146 1853 1189 1901 ex
1206 1832 1301 1898 Aeso
1323 1832 1462 1901 fortasse

95 1940 301 2002 trsumectos
315 1932 467 2000 arbitrari
481 1933 620 2000 mavist'
653 1952 785 2017 possum
799 1932 842 2000 de
856 1932 942 2001 fideli
959 1934 1133 2001 eoncordia
1148 1954 1290 2018 monere,
1313 1954 1377 2028 qua
1393 1935 1463 2002 sine

95 2035 309 2104 commissura
330 2035 447 2104 medici
469 2041 503 2103 et
517 2033 702 2120 philosophi
719 2034 894 2101 miscentur
909 2036 929 2120 ¹,
951 2057 1085 2121 possum
1100 2036 1334 2103 Tertullianum
1349 2037 1463 2104 testari

94 2138 152 2224 qni
174 2158 249 2207 cum
273 2161 342 2204 cum
363 2139 503 2206 naseas
522 2140 774 2220 pbilosophorum
795 2143 956 2204 sententiis
978 2149 1137 2221 emperiam
1159 2137 1251 2221 dicit,
1278 2139 1337 2204 sed
1358 2147 1394 2205 tu
1415 2140 1463 2207 rei

94 2240 309 2326 mvhsimae
330 2260 450 2325 magna
472 2239 640 2307 desideras
660 2246 694 2306 et
714 2239 836 2306 invicta
861 2248 1062 2325 argumente.
1107 2239 1205 2323 quid?
1238 2239 1265 2304 si
1294 2238 1381 2305 idem
1404 2240 1463 2306 tibi

93 2350 196 2428 caput
215 2346 281 2431 περὶ
303 2346 488 2429 ἡγεμονικοῦ,
510 2342 597 2410 unde
618 2341 781 2426 proiectus
803 2362 888 2428 sum,
911 2365 952 2410 ex
974 2342 1119 2410 eiusdem
1141 2341 1258 2407 Sorani
1289 2340 1372 2407 libro
1399 2344 1463 2428 περὶ

93 2447 291 2531 ἐτυμολογῶν
312 2449 365 2509 τοῦ
387 2447 523 2528 σώματος
543 2449 596 2508 τοῦ
618 2445 776 2530 ἀνθρώπου
790 2464 965 2531 apponam,
987 2445 1134 2512 riotusne
1148 2443 1243 2508 dabis
1263 2445 1400 2509 manus?
1422 2465 1463 2511 en

93 2549 271 2617 Pollucis
292 2553 480 2631 excerptum
502 2566 574 2611 eum
596 2546 729 2613 Placitis
748 2547 865 2614 iterum
887 2548 1059 2614 conlatum.

233 2649 357 2716 Pollae
372 2668 480 2716 onom.
496 2649 528 2714 Π
544 2648 618 2714 226.
994 2649 1066 2714 Aet.
1083 2649 1171 2714 Plac.
1187 2648 1233 2713 Ν
1247 2649 1277 2714 5.

135 2752 188 2816 καλ
215 2750 292 2816 ἔστιν
318 2753 339 2836 ἡ
365 2752 447 2837 ψυχὴ
475 2755 588 2833 πνεῦμα
610 2750 631 2834 ἢ
653 2752 752 2836 napa
848 2750 961 2817 lvci
993 2750 1183 2835 Ἱπποκράτης
1206 2752 1258 2834 μὲν
1273 2752 1327 2837 γὰρ
1343 2753 1391 2816 καὶ
1407 2753 1462 2837 Δη-

90 2854 169 2937 αἶμα
191 2854 212 2939 ἢ
235 2854 280 2918 ὅτι
302 2851 337 2917 ἂν
360 2855 433 2937 δοκῇ
456 2857 530 2923 τοῖς
553 2858 753 2938 σοφοῖς...
806 2853 939 2938 μόκριτος
977 2855 1025 2917 καὶ
1063 2851 1208 2917 Πλάτων
1241 2854 1272 2917 ἐν
1308 2855 1462 2941 ἐγκεφαλιμ

135 2958 187 3022 καὶ
210 2959 227 3021 δ
249 2957 302 3039 pti
323 2959 390 3025 νυός
411 2955 460 3019 καὶ
474 2957 611 3039 λογισμὸς
625 2954 674 3019 καλ
690 2957 753 3040 ἡγε.
805 2960 892 3019 τοῦτο
915 2955 1052 3041 tepescet
1072 2955 1231 3039 εἰρήκασιν.

91 3059 232 3143 μονυιδν,
268 3055 328 3120 sice
365 3057 430 3142 περὶ
463 3055 647 3142 δγκεραλνμ·
678 3059 753 3122 κατὰ
847 3057 979 3122 Ivem
1013 3056 1343 3142 Πυδαγδρας...τδ
1366 3062 1462 3124 δὲλο·

91 3159 309 3246 Πυθαγόραν
331 3161 379 3224 καὶ
403 3159 570 3224 Πλάτωνα
593 3159 752 3244 ἱδρυμένος.
803 3161 882 3242 γικδν
905 3161 953 3224 καὶ
976 3161 1073 3244 νοερὸν
1096 3159 1160 3243 περὶ
1182 3160 1234 3243 τὴν
1257 3164 1398 3246 κεφαλήν.

138 3262 191 3328 εἴτ’
219 3264 250 3327 ἐν
276 3260 688 3347 ταρεγκοφσλίδιῆμήνιγίιν
712 3265 753 3332 ιὶις
846 3261 971 3326 IV53
1005 3259 1272 3347 Ἐρασίστρατος
1308 3265 1372 3348 περὶ
1409 3267 1461 3349 τὴν

90 3370 216 3437 πολλοῖς
237 3370 296 3429 τῶν
319 3364 425 3449 ἰατρῶν
448 3367 536 3428 δοκεῖ.
804 3364 927 3447 μήνιγγα
952 3369 1004 3427 τοῦ
1030 3365 1191 3448 ἐγκεφαλου
1218 3366 1254 3448 ἣν
1277 3366 1324 3428 καὶ
1347 3366 1462 3450 incapa-

804 3465 868 3529 uiha
891 3466 977 3549 λέγει.

138 3569 198 3634 εἴτε
230 3569 306 3634 κατὰ
338 3570 372 3632 τδ
405 3570 568 3655 μεσόφρυον
600 3571 642 3638 ὥς
671 3566 752 3651 ἔλεγε
846 3566 962 3632 lvci
996 3567 1162 3652 Στράτων
1185 3567 1216 3631 ἐν
1240 3570 1408 3655 μεσοφρύῳ.

91 3672 272 3757 Στράτων.

137 3775 198 3840 elce
218 3774 435 3860 implebatque
458 3777 498 3844 ὣς
516 3771 753 3858 Ἐμπεδοκλῆς
846 3772 892 3837 Ν
912 3773 968 3836 58
1010 3769 1254 3857 Ἐμπεδοκλῆς
1283 3775 1313 3837 ἐν
1342 3780 1380 3857 τῇ
1409 3779 1461 3838 τοῦ

91 3899 127 3941 rs
146 3877 198 3941 καὶ
217 3875 471 3963 Ἀριστοτέλης.
804 3873 925 3956 αἵματος
948 3875 1093 3938 συστάσει.
1127 3873 1167 3939 ci.
1197 3874 1391 3942 Theodorei.

136 3977 197 4042 εἴτε
218 3980 283 4065 περὶ
300 3980 354 4065 τὴν
376 3975 495 4064 καρδίαν
518 3980 559 4047 ὡς
580 3980 600 4062 ἡ
623 3977 710 4041 Στοά.
846 3975 891 4040 Ν
907 3977 961 4039 56
996 3977 1023 4038 ci
1052 3975 1176 4040 Στωικοὶ
1207 3979 1311 4047 πάντες
1344 3978 1373 4040 ἐν
1404 3979 1460 4062 tuq

804 4083 841 4160 τῇ
865 4078 978 4162 καρδίᾳ.

182 4181 366 4249 Similitudo
388 4189 510 4266 quanta
532 4182 574 4248 sit
594 4180 695 4248 vides
741 4181 799 4248 sed
822 4179 982 4247 rationem
1003 4179 1123 4263 debeo,
1150 4199 1205 4244 cur
1229 4179 1366 4248 Soranei
1389 4181 1462 4246 libri

91 4284 240 4370 vestiga
260 4284 438 4353 certissime
458 4284 659 4366 adgnoscere
681 4281 760 4348 mihi
782 4282 905 4350 videar.
950 4282 1017 4348 iam
1042 4281 1076 4346 in
1104 4281 1142 4347 Ε.
1164 4280 1290 4348 Rohdei
1319 4282 1361 4348 de
1388 4282 1462 4349 Iulii

168 4475 177 4507 ¹
197 4477 270 4527 velut
287 4476 408 4527 Moschis
426 4492 448 4526 c.
464 4473 505 4527 15.
524 4477 545 4525 is
564 4476 612 4525 fuit
630 4476 791 4526 methodicos
809 4483 869 4525 ante
889 4476 1016 4534 Plinium,
1040 4474 1141 4524 Sorano
1160 4475 1249 4535 utique
1267 4481 1344 4523 notus
1363 4476 1411 4524 etsi
1430 4474 1461 4524 de

91 4565 185 4617 libello
203 4562 261 4632 τιιρλ
278 4566 331 4614 τῶν
349 4560 495 4631 γυναικείων
514 4557 605 4613 ποδῶν
623 4563 785 4613 Moschiccis
804 4564 847 4626 qui
866 4576 898 4612 ex
923 4563 1005 4612 labne
1025 4576 1113 4611 versus
1131 4560 1277 4624 Scrsnique
1296 4564 1410 4612 eiusdem
1429 4564 1460 4612 ti·

88 4653 139 4702 mli
159 4653 251 4702 libello
274 4659 314 4702 est
331 4651 484 4712 simillimus,
502 4650 619 4700 nondum
636 4652 699 4700 cath
718 4657 826 4700 cenetam
863 4649 908 4698 sed
932 4651 993 4699 citat
1016 4648 1131 4700 Soranus
1151 4649 1332 4700 Moschioncm
1354 4647 1393 4700 bui
1416 4649 1461 4698 τοῦ

87 4739 253 4806 αοσμητιαοῦ
272 4739 343 4803 apud
362 4739 453 4791 (islen-
473 4737 527 4788 ΧΠ
545 4734 607 4788 416.

163 4821 175 4855 ²
192 4839 274 4890 supra
292 4841 320 4890 p.
333 4821 385 4876 203
403 4832 458 4876 erat
474 4823 504 4874 in
522 4822 616 4886 capite.
648 4825 695 4873 ced
714 4825 778 4874 haec
796 4831 835 4873 est
852 4831 976 4888 perpetue
994 4824 1111 4873 conlusio
1131 4824 1201 4871 velut
1218 4823 1374 4873 Plutarchus
1394 4838 1459 4884 quo·

85 4929 139 4977 quc
161 4915 179 4962 l.
200 4930 224 4962 e.
244 4911 272 4962 is
290 4915 324 4980 τῇ
343 4908 443 4980 κεφαλῇ
461 4913 492 4962 ci.
512 4912 551 4961 IV
571 4908 587 4961 5
607 4920 637 4960 ιι.
