3442 5588
659 350 933 402 ruouuoorruus
1453 344 1473 406 3

107 518 297 587 Aristotelis
309 517 449 585 Zenonis
462 517 566 603 Philo,
578 519 710 585 eosdem
724 517 929 582 Plutarchus:
944 517 1073 600 ignorat
1085 515 1229 581 Thaletis
1241 513 1473 581 Anaximandri

103 621 321 688 Anaximonis
336 621 560 702 Anaxagorae
575 626 686 703 patres
701 640 773 686 cum
787 619 854 686 illo.
881 620 1044 703 discrepat
1060 618 1381 701 unns'Empedocles,
1397 636 1473 682 nam

103 725 255 789 Platonis
277 723 360 788 ratio
384 722 492 806 paulo
515 722 656 788 diversa.

196 828 283 909 Ergo
305 823 501 889 Plutarchus
524 824 726 907 compilatur,
749 824 807 890 sed
830 844 894 889 non
917 843 938 888 a
960 823 1107 889 Philone.
1145 823 1222 905 quid
1244 823 1364 904 igitur?
1385 821 1474 886 dubi-

105 929 286 994 taudunrne
316 926 358 992 de
389 925 479 991 libris
510 926 551 992 de
577 926 800 1010 providentia,
832 924 885 1008 qni
916 932 1070 1007 quantum
1101 925 1167 990 scio
1196 925 1228 989 in
1256 924 1472 1008 suspicionem

106 1051 285 1114 numquam
311 1028 518 1094 inciderunt?
550 1028 692 1094 minime.
736 1034 853 1112 parata
883 1037 932 1093 est
960 1028 1062 1092 lenior·
1093 1045 1131 1093 ac
1163 1027 1359 1112 probabilior
1380 1026 1471 1090 ratio.

107 1135 163 1216 qui
187 1134 241 1198 rel
264 1132 378 1198 leviter
400 1129 547 1195 Philonei
570 1130 635 1194 stili
659 1131 889 1213 proprietatem
911 1129 1105 1212 gustaverit,
1128 1131 1284 1196 eiusmodi
1308 1131 1472 1195 nouriuunr

107 1236 227 1301 seriem
249 1253 333 1316 quae
348 1252 369 1297 a
384 1232 524 1314 catalogi
548 1233 693 1298 siccitate
715 1231 795 1295 nihil
817 1231 916 1297 distat
937 1232 971 1295 iu
994 1233 1059 1296 ullo
1083 1253 1216 1314 usquam
1235 1234 1316 1298 libro
1335 1231 1472 1298 inveniri

107 1336 251 1418 negabit.
295 1334 478 1400 accuratius
498 1354 576 1400 vero
597 1332 736 1400 intuenti
766 1333 879 1397 mirum
908 1333 1010 1400 videri
1041 1334 1151 1417 debet,
1183 1355 1279 1417 quam
1308 1356 1373 1400 nou
1401 1355 1472 1398 cum

107 1437 269 1521 prioribus
291 1445 389 1518 atque
411 1436 655 1518 insequentibus
676 1435 740 1500 ista
761 1437 961 1501 enumeratio
984 1437 1165 1503 cohaereat.
1203 1458 1244 1501 ne
1267 1438 1377 1520 multa,
1402 1437 1473 1500 Plri-

108 1541 225 1605 loneae
241 1538 378 1605 orationi
394 1539 533 1603 insertus
550 1545 600 1604 est
616 1557 742 1621 pannus
758 1558 798 1604 ex
813 1538 1015 1604 Plutarcheis
1031 1545 1192 1603 consutus.
1218 1559 1257 1602 ac
1272 1537 1340 1603 lieri
1356 1550 1473 1623 potest,

107 1649 141 1706 ut
157 1642 306 1707 Platonis
327 1640 482 1707 memoria
504 1639 670 1704 librarium
692 1639 856 1723 impulerit
879 1649 913 1704 ιιι
935 1641 1053 1705 similia
1075 1641 1109 1705 in
1132 1641 1278 1723 margine
1296 1641 1471 1722 colligeret,

106 1762 193 1825 quae
216 1751 282 1808 tum
305 1744 430 1810 utheri
453 1744 537 1808 solet
559 1741 592 1805 in
615 1742 801 1808 continuam
829 1743 1019 1827 scripturam
1047 1744 1253 1825 irrepserunt.
1297 1763 1397 1824 quare
1420 1742 1474 1807 ad·

106 1845 240 1909 modum
262 1845 362 1910 miror
384 1846 420 1911 Ο.
436 1843 729 1928 Wachsmutlrium,
752 1847 805 1929 qui
821 1846 987 1912 Plutarchi
1009 1845 1177 1910 immemor
1198 1843 1306 1910 ‘Zeno
1321 1882 1364 1890 -
1380 1865 1473 1910 corrr-

108 1947 282 2029 positurn’
298 1956 452 2030 tanquam
463 1947 609 2029 ignotum
622 1947 838 2031 fragmentum
850 1946 1072 2013 Zenonearurrr
1087 1946 1293 2028 reliquiarum
1307 1947 1473 2031 spicilegio

107 2070 168 2113 suo
196 2047 445 2134 [commentatl
468 2050 511 2115 de
533 2049 665 2116 Zenone
692 2049 825 2115 Citiensi
849 2057 882 2114 et
904 2049 1063 2114 Cleanthe
1084 2047 1190 2112 Assio.
1214 2046 1356 2130 Gotting.
1391 2051 1474 2115 leil

107 2171 138 2232 p.
155 2151 187 2214 8.
211 2172 242 2216 a.
258 2148 290 2237 b]
313 2152 461 2217 inseruit.
505 2151 644 2217 fortasse
666 2151 829 2227 schedulis
858 2150 925 2216 suis
946 2149 1025 2216 lisus
1052 2150 1166 2215 librum
1193 2170 1257 2214 uon
1285 2150 1401 2216 iterum
1429 2152 1473 2215 in·

104 2252 227 2334 spreuit.
270 2252 392 2336 alioqui
422 2252 634 2336 obstipuisset
660 2274 724 2336 quo
747 2253 902 2320 orationis
924 2273 1043 2335 genere
1072 2251 1197 2316 inistis
1224 2253 1384 2335 excerptis
1411 2254 1473 2319 dici

106 2360 222 2436 posset
248 2353 431 2421 ‘ceterum
452 2355 492 2421 in
514 2355 790 2439 superioribus
812 2356 891 2420 suis
914 2354 1043 2420 verbis
1064 2353 1239 2419 dicebat'.
1284 2355 1377 2436 quis?
1409 2377 1472 2438 quo

104 2454 140 2518 in
159 2455 266 2520 libro?
289 2457 559 2538 quemadmodum
582 2457 822 2542 superioribus?
842 2456 875 2520 in
892 2455 1066 2521 Plutarcho
1088 2462 1176 2521 certe
1193 2475 1361 2539 nusquam,
1385 2458 1475 2523 cuius

104 2557 257 2639 eclogam
279 2578 344 2622 non
369 2561 453 2624 ultra
477 2567 516 2626 et
537 2560 732 2626 elementa
754 2567 917 2642 quatuor
938 2557 1090 2641 progredi
1112 2559 1323 2624 certissimum
1339 2568 1397 2624 est.
1435 2581 1473 2624 ac

104 2678 149 2723 ne
172 2658 254 2724 illud
276 2661 405 2741 quidem
430 2662 633 2728 dubitatione
655 2672 757 2748 caret,
787 2683 863 2728 num
885 2670 974 2727 recte
996 2669 1070 2744 post
1092 2661 1342 2744 compositum
1365 2661 1474 2728 verbis

106 2759 222 2826 relatis
249 2761 292 2826 ab
322 2763 470 2830 Auchero
498 2763 570 2829 finis
601 2765 642 2830 sit
668 2765 846 2849 impositus.
895 2784 970 2829 nam
997 2764 1029 2828 iu
1056 2762 1248 2828 armeniacis
1275 2763 1367 2829 deest
1397 2763 1473 2829 talis

105 2862 312 2944 significatio.
356 2865 453 2930 immo
476 2866 553 2931 mihi
576 2867 705 2949 quidem
729 2868 828 2933 multo
850 2865 969 2933 rectius
992 2873 1066 2949 post
1087 2864 1323 2947 corruptioni
1346 2865 1472 2946 virgula

108 2966 188 3048 poni
211 2966 348 3050 videtur,
370 2974 406 3032 ut
427 2968 575 3052 proxima
597 2970 662 3035 sint
678 2970 843 3053 scriptoris
858 2975 1058 3052 argumenta
1094 2974 1129 3032 at
1150 2967 1222 3049 quis
1243 2967 1375 3032 tandem
1393 2966 1471 3030 illud

106 3068 260 3152 superius
274 3067 377 3134 dixit?
402 3090 519 3154 nempe
541 3072 636 3137 Philo
652 3072 732 3155 ipse.
750 3072 757 3104 ¹
792 3072 924 3136 revolve
947 3070 1073 3153 librum,
1095 3088 1170 3135 ecce
1192 3070 1307 3134 eadem
1328 3068 1393 3131 ianr
1416 3069 1472 3146 §9

108 3171 175 3253 pti
191 3177 350 3253 occupata
371 3169 524 3237 ‘etenim
540 3172 570 3237 si
587 3192 674 3256 pars
697 3173 932 3257 corruptioni
953 3171 1117 3238 obnoxia
1139 3177 1209 3252 est,
1232 3169 1471 3253 corruptioni

109 3271 318 3337 obnoxium
352 3281 390 3338 et
428 3281 550 3339 totum
583 3273 633 3339 sit
666 3275 842 3358 oportet'.
892 3274 1006 3340 iterum
1037 3276 1057 3355 ξ
1084 3276 1124 3338 13
1145 3274 1228 3357 pi:
1260 3270 1472 3355 ‘corruptio

109 3374 388 3455 particularum
403 3374 568 3441 alieuius
584 3375 708 3459 partis
723 3382 760 3441 et
782 3376 918 3442 iterum
933 3375 1131 3458 corruptio
1152 3373 1329 3439 minimae
1352 3374 1472 3458 partis

109 3475 222 3539 huius
233 3465 449 3560 particulae
464 3477 495 3542 si
510 3497 555 3542 ex
569 3477 653 3560 ipsa
668 3486 804 3544 natura
817 3486 930 3560 atque
945 3476 1114 3544 essentia
1128 3475 1302 3560 corporis
1318 3475 1472 3556 oriatur,

108 3577 336 3660 praesignat
351 3579 636 3662 corruptionem
652 3600 798 3663 quoque
813 3580 976 3645 futuram
999 3578 1172 3663 corporis
1195 3579 1331 3644 torius?
1354 3599 1473 3644 necse-

107 3698 165 3742 cus
184 3681 205 3758 ξ
220 3681 272 3744 14:
296 3678 368 3761 ‘qui
384 3699 472 3762 ergo
488 3729 496 3745 .
511 3730 518 3746 .
534 3682 659 3748 sidet
674 3681 929 3748 conditionem
944 3680 1192 3746 animantium
1208 3730 1215 3746 .
1229 3730 1236 3747 .
1251 3730 1258 3746 .
1271 3688 1307 3746 et
1324 3680 1473 3745 unirer·-

107 3779 182 3843 sim
205 3781 368 3846 omnium
389 3803 512 3849 rerum
535 3804 631 3866 quae
654 3784 690 3848 iu
720 3783 854 3849 mundo
883 3789 970 3847 suut
999 3801 1041 3847 ac
1072 3781 1179 3848 fuere
1209 3783 1308 3865 quod
1337 3802 1473 3866 nempe

107 3882 146 3947 in
170 3881 280 3946 fluxu
306 3884 404 3968 sint,
443 3905 568 3951 noune
592 3886 807 3951 universum
834 3884 1010 3950 mundum
1040 3884 1088 3949 ad
1118 3905 1287 3950 normam
1311 3885 1473 3968 partium

106 4004 263 4050 suarum
288 3985 505 4052 habiturum
526 4007 612 4054 esse
634 3987 914 4070 corruptionem
929 3985 1134 4052 fatebitur?
1156 3988 1232 4053 item
1248 3986 1386 4069 deniqne
1402 3989 1471 4065 §11

106 4089 193 4170 pli:
228 4085 361 4168 ‘quum
383 4088 482 4154 enim
505 4096 544 4154 ut
567 4088 719 4155 ostendi
749 4099 886 4172 partes
916 4089 1043 4154 muudi
1076 4109 1142 4172 per
1171 4089 1473 4155 destructionem

104 4189 308 4273 corrumpi
330 4188 499 4273 videam,
522 4212 588 4256 cur
609 4211 682 4255 nou
705 4189 868 4255 maiores
890 4211 1038 4274 qnoque
1061 4200 1098 4257 et
1119 4192 1182 4256 vel
1204 4191 1289 4275 ipsa
1312 4191 1475 4255 elemen-

104 4299 145 4356 ta
169 4340 177 4356 .
203 4340 211 4355 .
237 4340 245 4355 .
274 4291 515 4358 destruenda
536 4291 625 4358 fore
648 4291 873 4374 concedam,
898 4313 1008 4375 quum
1031 4294 1107 4359 iam
1133 4295 1178 4359 de
1202 4293 1366 4378 partium
1388 4314 1475 4357 cor-

104 4392 300 4478 ruptione
328 4412 459 4459 omnes
485 4393 768 4461 consentiant‘l’
802 4413 909 4476 neque
930 4395 1031 4461 semel
1052 4414 1091 4460 ac
1107 4394 1166 4477 bis,
1188 4396 1246 4460 sed
1268 4416 1475 4480 peromnem

180 4685 187 4715 ¹
210 4688 237 4734 in
257 4685 336 4749 plane
356 4685 425 4735 idem
443 4686 510 4738 ultro
529 4689 619 4738 incidit
631 4688 850 4747 Gildemeisterus,
869 4688 956 4749 quiet
975 4688 1029 4751 ipse
1048 4688 1173 4749 virgulam
1194 4697 1250 4750 post
1269 4690 1475 4753 corruptioni

103 4774 255 4838 ponendam
268 4772 402 4822 monebat.
433 4781 557 4837 quantum
571 4777 630 4824 insit
643 4777 669 4825 irr
683 4776 794 4826 Philone
807 4774 953 4824 Stoicorum
973 4774 1162 4837 philosophiae,
1183 4774 1257 4823 docet
1272 4775 1386 4825 Zellcrus
1406 4776 1445 4824 Ill
1460 4775 1475 4823 2

104 4878 129 4924 p.
142 4858 197 4912 342
206 4859 221 4917 ¹.
236 4856 290 4911 352
301 4875 340 4922 sq.
360 4859 489 4924 Sieglried
503 4860 579 4911 Philo
594 4863 670 4911 Alex.
683 4879 708 4927 p.
722 4859 778 4911 140.
797 4861 841 4909 scd
856 4870 962 4924 possunt
974 4863 1052 4911 multa
1066 4862 1180 4911 addida
1194 4860 1282 4911 Stoica
1296 4865 1394 4924 origine
1408 4863 1475 4911 illius

103 4949 250 5012 syllogismi
262 4955 408 4996 constater
420 4948 525 4996 Laertio
536 4949 587 4998 vll
600 4949 662 4999 141:
683 4945 781 5016 ἀρέσκει
791 4941 809 4995 δ’
822 4944 904 5003 αὺτοῖς
915 4947 957 4997 καὶ
968 4946 1077 5016 φθαρτὸν
1091 4945 1151 4996 εἶναι
1164 4945 1205 4996 τὸν
1218 4945 1311 5013 κόσμον
1324 4945 1378 5011 [ἅτε
1392 4966 1474 5018 γεννη-

1224 5036 1240 5098 1
1250 5034 1275 5114 Ιιι
