3464 5586
263 322 324 387 192
533 323 598 372 xvl
633 324 682 373 DE
704 326 804 374 sunu
824 321 1059 373 PLACITORUM
1079 320 1350 372 COMPOSITIONu

261 491 346 556 hano
367 490 546 555 doctrinam
567 490 785 572 Anaxagorae
807 496 841 555 ot
859 489 1050 574 Hippoorati
1073 489 1234 572 persuasit
1256 489 1295 554 οί.
1315 489 1444 570 Meuag.
1464 487 1507 553 ad
1524 490 1618 573 Diog.

259 592 338 657 119.
364 593 474 675 itaque
496 598 585 658 reete
606 590 1038 676 ΡΙασίῐκλίΉἈναξαγίρας
1054 591 1235 676 Παρμενίδης
1255 592 1292 655 τὰ
1314 591 1367 672 μὲν
1389 590 1422 654 ἐκ
1444 594 1502 653 τῶν
1520 591 1619 662 δεξιῶν

261 696 494 779 καταβαλλεσδαι
516 694 557 764 είς
577 695 614 757 τὰ
636 693 714 763 δεξιὰ
736 693 810 779 μέρη
832 702 885 780 τῆς
908 698 1018 781 μήτρας
1041 692 1120 781 [soil.
1143 702 1210 759 tum
1232 713 1338 759 mares
1353 690 1463 779 gigni],
1485 695 1522 759 τὰ
1539 694 1565 759 δ’
1586 695 1620 759 ἐκ

260 802 318 861 τῶν
341 799 499 883 ἀριστερῶν
522 796 563 867 είς
584 797 621 861 τὰ
638 797 775 883 ἀριστερά
796 795 851 885 [so.
866 796 1015 885 feminas]
1039 797 1078 863 of.
1103 796 1299 864 Censorinus
1319 796 1390 879 ipso
1405 796 1468 862 V2
1491 799 1622 862 Parme·

259 902 349 965 nider
370 909 432 963 tum
454 921 494 964 σο
517 901 636 963 dextris
658 907 721 962 lum
738 919 783 962 aa
805 900 903 965 laeuis
916 902 1059 982 portibus
1073 901 1153 963 oriri
1166 902 1295 980 putarit.
1328 898 1415 964 idem
1436 898 1478 964 de
1491 899 1622 966 Anaxa-

260 1021 340 1085 gora
361 991 553 1068 Aristoieles
576 1001 617 1067 de
640 1020 748 1085 gener.
771 1002 869 1068 anim.
885 1004 930 1068 IV
947 1007 964 1069 1
988 1024 1019 1086 p.
1036 1003 1116 1067 763¹>
1139 1002 1177 1066 31
1279 1001 1339 1064 olor
1358 999 1549 1088 Ἀναξαγόρας
1571 1005 1619 1068 καὶ

260 1105 351 1190 ἕτεροι
373 1110 432 1169 τῶν
454 1103 646 1191 φυσιολόγων.
673 1105 810 1187 Ὕγίνεσθαί
830 1129 862 1170 τε
882 1106 937 1190 γὰρ
959 1105 993 1169 ἐκ
1015 1109 1066 1169 τοῦ
1088 1103 1206 1188 ἄρρενος
1227 1105 1261 1167 rb
1284 1105 1408 1189 σπέρμα,
1431 1106 1464 1169 τδ
1487 1107 1520 1168 δὲ
1542 1106 1620 1191 θῆλυ

259 1210 397 1295 παρέχειν
419 1211 468 1274 τὸν
490 1207 578 1271 τόπον
601 1207 649 1271 καὶ
671 1205 798 1273 εἶναιτὸ
822 1210 874 1292 μὲν
896 1207 981 1294 ἄρρεν
1008 1209 1042 1272 ἐκ
1067 1211 1126 1270 τῶν
1149 1204 1248 1275 δεξιῶν
1274 1208 1364 1271 roret
1391 1208 1468 1292 θῆλυ
1497 1209 1531 1273 ἐκ
1560 1214 1620 1274 τῶν

260 1313 418 1398 ἀριστερῶν
448 1312 497 1377 καὶ
520 1316 573 1396 τῆς
601 1311 721 1396 ὑστέρας
749 1311 786 1375 τὰ
809 1313 861 1393 μὲν
884 1310 989 1397 ἄρρενα
1010 1311 1041 1375 ἐν
1063 1315 1123 1380 τοῖς
1144 1309 1245 1380 δεξιοῖς
1267 1309 1338 1374 εἶναι
1360 1311 1396 1375 τὰ
1418 1312 1450 1374 δὲ
1472 1312 1568 1397 δήλεσ
1589 1314 1620 1378 ἄν

259 1419 319 1485 τοῖς
340 1417 511 1500 ἀριστεροῖς·
546 1413 585 1479 σί.
608 1412 735 1499 Philop.
757 1416 800 1480 ad
823 1414 853 1480 h.
877 1413 898 1479 l.
921 1413 1050 1500 (Venet.
1073 1414 1171 1497 1526)
1193 1413 1215 1479 s.
1230 1414 1293 1478 81*
1318 1416 1368 1479 16.

346 1516 552 1600 Empedoclis
579 1515 741 1583 sententia
768 1536 864 1600 quam
898 1515 1063 1598 ooniungit
1093 1516 1291 1583 Censorinus
1319 1519 1418 1601 plane
1444 1517 1511 1583 alia
1538 1526 1619 1602 erat,

258 1618 529 1702 quemadmodum
557 1638 629 1683 oum
655 1617 712 1682 alii
737 1625 805 1684 tum
831 1618 1024 1685 Aristoteles
1047 1620 1067 1684 l.
1083 1639 1109 1684 o.
1133 1619 1265 1685 dooet.¹
1310 1639 1385 1685 nam
1411 1619 1455 1685 ad
1476 1620 1618 1686 oalorem

258 1722 367 1788 omnia
388 1723 511 1788 rettulit
525 1720 748 1804 Empedocles.
782 1720 825 1786 ad
847 1721 932 1787 bano
953 1723 1057 1786 luoem
1079 1740 1233 1804 eompara
1248 1722 1419 1788 Censorini
1442 1721 1543 1788 verba
1561 1724 1582 1787 6
1602 1731 1619 1784 5

258 1838 292 1892 ot
311 1831 391 1891 inter
412 1849 447 1892 εσ
468 1837 590 1891 cataro
604 1860 645 1870 -
660 1825 874 1906 Λκσπσμοταα
894 1824 1156 1906 Empedoclorquo
1178 1829 1378 1889 consentium.
1416 1825 1513 1908 quid?
1543 1845 1617 1890 oon·

258 1930 400 1996 cordiam
427 1928 521 1995 finxit
549 1925 746 1993 Censorinus
773 1926 857 1992 inter
886 1947 942 1993 eos
970 1946 1052 2010 quos
1078 1926 1261 1994 contrariae
1288 1929 1423 1994 rationis
1452 1936 1617 2011 tamquam

257 2031 456 2116 exemplaria
479 2029 613 2115 opponit
633 2027 849 2094 Aristoteles?
881 2028 970 2113 atqui
996 2035 1084 2095 reete
1109 2029 1143 2093 in
1165 2030 1313 2113 proxima
1335 2032 1389 2113 §7
1412 2029 1618 2114 Empedoolis

257 2134 410 2218 plaoitum
433 2133 504 2216 ipse
526 2130 724 2198 Censorinus
746 2130 930 2215 explioavit.
964 2151 1026 2215 age
1049 2138 1212 2197 mutentur
1233 2132 1322 2198 vioes
1343 2131 1618 2215 Parmenidesque

215 2254 218 2258 ·
256 2235 290 2300 in
312 2233 519 2320 llmpedoolis
541 2233 647 2300 looum
676 2232 897 2298 substituatur.
935 2239 1003 2298 tum
1029 2252 1141 2300 veram
1168 2233 1305 2300 habebis
1332 2241 1364 2300 et
1386 2234 1517 2300 Plaoitis
1546 2254 1619 2299 oon-

256 2356 370 2403 sonam
393 2335 588 2420 opinionem.
621 2333 828 2418 Empedoolis
850 2336 969 2401 lemma
991 2341 1048 2401 ant
1070 2335 1234 2402 residuum
1257 2341 1306 2401 est
1328 2335 1448 2402 omissa
1465 2335 1618 2420 opinione

256 2444 312 2504 aut
334 2438 507 2523 repetitum
529 2458 570 2505 ox
591 2436 774 2520 insequenti
790 2438 1008 2523 paragrapho,
1031 2457 1114 2520 quae
1130 2437 1173 2503 ab
1188 2437 1385 2520 Empedoole
1406 2438 1527 2523 incipit
1558 2437 1618 2504 sed

256 2539 344 2625 prior
373 2539 536 2607 sententia
564 2559 649 2605 nuno
674 2540 828 2606 lemmate
855 2548 952 2607 earet.
998 2538 1148 2623 quooiroa
1171 2540 1391 2606 Democritum
1418 2540 1618 2608 descendere

255 2640 434 2726 iubeamus,
457 2641 547 2708 ouius
569 2640 677 2708 vioina
697 2639 732 2705 in
754 2640 887 2708 Plaoitis
909 2649 941 2709 et
963 2642 1138 2708 Aristotele
1165 2642 1321 2707 memoria
1349 2643 1444 2709 aliter
1465 2647 1618 2708 aoourato

256 2762 329 2809 oum
351 2743 530 2812 Censorino
552 2765 619 2810 non
641 2749 748 2829 potest
772 2743 947 2811 oonoiliari.
992 2749 1134 2811 ueterum
1160 2742 1204 2808 ad
1230 2744 1368 2810 eundem
1394 2745 1533 2810 fortasse
1555 2742 1617 2809 De

257 2846 424 2913 moeritum
446 2845 610 2931 pertinent
631 2864 715 2928 quae
733 2844 853 2912 Stoiois
874 2847 963 2931 apud
976 2844 1148 2911 Aeuumv
1164 2847 1203 2909 11
1224 2853 1240 2906 3
1262 2867 1415 2930 perverse
1430 2847 1617 2914 oontinuan-

221 3023 223 3027 Α
257 2956 309 3014 tur
330 2950 484 3034 προίεσθαι
507 2950 611 3014 δὲκαὶ
633 2950 686 3034 τὴν
708 2953 828 3031 γυναῖκα
850 2950 978 3035 σπέρμα·
1002 2947 1055 3012 κᾶν
1079 2947 1131 3029 μὲν
1154 2948 1334 3032 ἐπικρατήσῃ
1356 2951 1390 3013 τὸ
1411 2956 1463 3036 τῆς
1483 2952 1617 3035 γυναικὸς

257 3052 357 3135 ὅμοιον
380 3052 451 3116 εἶναι
474 3054 507 3116 τδ
529 3054 706 3135 γεννώμενον
728 3055 765 3134 τῇ
791 3054 888 3137 μητρί,
910 3053 961 3117 ἐὰν
983 3052 1016 3115 δὲ
1037 3054 1071 3114 τδ
1094 3055 1145 3115 τοῦ
1167 3051 1270 3135 ἀνδρὸς
1288 3058 1330 3137 τῷ
1346 3055 1433 3140 πατρί
1453 3053 1492 3119 of.
1509 3054 1537 3119 V
1552 3056 1573 3120 ὃ
1592 3063 1617 3115 1.

256 3154 442 3220 Demoorito
464 3153 561 3237 igitur
581 3152 616 3219 in
639 3151 787 3236 proxima
810 3154 945 3222 traiecto
968 3158 1042 3238 post
1056 3151 1240 3235 Hipponem
1263 3154 1318 3236 §5
1340 3174 1406 3220 una
1425 3155 1618 3238 relinquitur

255 3255 409 3341 anonymi
432 3255 608 3341 sententia,
637 3274 734 3338 quam
760 3247 829 3321 noli
850 3276 922 3322 oum
944 3252 1104 3338 Hipponis
1126 3254 1231 3319 altera
1250 3254 1285 3320 in
1307 3257 1440 3323 Plaoitis
1464 3256 1616 3340 opinione

255 3360 309 3443 §l
333 3359 359 3423 sl
382 3359 434 3441 μὲν
449 3360 469 3443 ἠ
485 3360 555 3444 γονὴ
576 3360 746 3444 κρατήσειεν
769 3357 864 3444 ἄρρεν,
887 3360 913 3423 εί
935 3358 960 3423 δ’
982 3356 1111 3443 ἠτρορὴ
1134 3357 1212 3439 δῆλα
1236 3378 1439 3444 componere.
1472 3358 1531 3426 sed
1545 3359 1616 3425 fieri

255 3467 363 3545 potest
393 3466 429 3525 ut
456 3460 578 3546 duplex
611 3460 681 3527 eius
714 3460 870 3526 memoria
896 3457 1107 3526 Censorinum
1133 3456 1168 3522 in
1195 3461 1360 3526 oculorum
1395 3480 1536 3528 errorem
1569 3461 1616 3525 in-

254 3561 393 3648 duxerit,
414 3582 510 3646 quem
532 3569 661 3630 ceterae
682 3561 798 3628 turbae
819 3567 935 3646 sponte
950 3559 1177 3643 sequebantur.
1213 3581 1313 3645 pergo
1330 3563 1526 3628 Plaoitorum
1541 3581 1615 3627 uon-

255 3671 382 3731 oentum
404 3663 638 3732 demonstrare.

297 3767 352 3832 66
387 3786 516 3849 quorum
545 3771 708 3851 opiniones
733 3777 767 3829 at
789 3766 827 3829 de
847 3765 908 3828 ίνσσ
1003 3767 1089 3831 Plau.
1106 3764 1135 3830 V
1151 3767 1190 3829 11
1225 3766 1316 3830 robes
1337 3768 1460 3850 γίνονται
1488 3772 1547 3832 τῶν
1568 3791 1614 3852 γο-

255 3871 358 3950 speeie
372 3889 529 3952 coaptatae
543 3874 590 3935 ila
604 3873 643 3934 ιίσ
656 3869 908 3933 similitudine
959 3868 1032 3931 νέων
1054 3869 1084 3931 αἱ
1112 3870 1266 3951 ὁμοιώσεις
1295 3870 1342 3933 καὶ
1369 3875 1428 3934 τῶν
1455 3871 1614 3956 προγόνων.

257 3973 459 4036 liberorum
481 3975 649 4056 dispariles

294 4094 389 4156 saper
414 4095 477 4158 qua
506 4098 542 4142 re
569 4074 772 4159 Empedoclea
797 4073 906 4153 δῶρα-
1001 4071 1118 4136 Vlll
1154 4070 1353 4160 Ἐμπεδοκλῆς
1379 4076 1553 4160 epitom:
1573 4077 1614 4159 γί-

252 4186 320 4241 tata
342 4180 466 4243 rationu
495 4181 576 4245 talia
602 4180 765 4261 profatur:
791 4176 821 4238 ai
844 4193 907 4256 pot·
930 4205 933 4257 Ι
958 4174 1059 4238 νεσδαι
1082 4172 1146 4238 κατ’
1174 4176 1354 4262 ἐπικράτειαν
1376 4182 1434 4241 τῶν
1460 4199 1614 4262 σπερματι·

324 4366 332 4398 ¹
352 4370 533 4421 Parmenidem
545 4376 572 4419 et
583 4368 766 4433 Empedoclem
778 4381 868 4431 parum
880 4367 942 4415 scite
956 4364 1086 4430 copulavit
1098 4368 1176 4416 etiam
1188 4366 1302 4420 Galenus
1315 4369 1348 4418 ad
1361 4370 1484 4434 Hippoer.
1503 4367 1613 4433 epidem.

252 4452 456 4516 1v2,xvn1
481 4473 506 4522 p.
521 4452 627 4508 1002K.
655 4450 685 4504 τδ
711 4451 795 4520 μίντοι
818 4448 890 4519 ἄρρεν
914 4449 939 4501 iv
961 4455 998 4518 τῷ
1022 4446 1092 4519 δεξιῷ
1117 4452 1185 4521 piper
1207 4455 1253 4521 τῆς
1275 4452 1371 4522 μήτρας
1398 4451 1544 4506 κοίσκισδαι
1570 4454 1614 4505 καὶ

253 4535 323 4589 ἄλλοι
339 4543 392 4590 τῶν
410 4539 589 4593 παλαιοτάτων
606 4537 703 4608 ἀνδρῶν
721 4537 855 4608 ιίρήιιασιν.
879 4533 892 4587 δ
915 4535 960 4603 μὲν
982 4536 1028 4606 γὰρ
1052 4532 1207 4608 Παρμενίδης
1230 4537 1310 4597 οὕτως
1329 4539 1378 4610 ίφη
1398 4537 1550 4609 δεξιτεροῖσι
1569 4540 1614 4607 μὲν

252 4622 350 4696 κοῶροις
368 4624 457 4679 λαιοῖσι
475 4625 495 4679 δ’
516 4625 547 4680 αὖ
566 4623 679 4696 κοῶρας’,
697 4622 742 4677 ὁδ’
756 4620 927 4693 Ἐμπιδοκλῆς
940 4619 1021 4681 obruo<
1034 4619 1041 4638 ¹
1053 4623 1079 4675 ἐν
1091 4624 1137 4693 ηᾶρ
1150 4621 1295 4694 διρμοτίριμ
1307 4626 1336 4678 τδ
1349 4624 1408 4678 κατ’
1423 4626 1512 4697 ἄρρενα
1525 4625 1613 4680 ἄπλατα

251 4712 323 4782 γαίης
340 4714 384 4765 καὶ
402 4712 506 4782 μίλανις
527 4712 567 4766 διὰ
588 4715 663 4764 τοῦτο
685 4713 728 4765 καὶ
751 4710 943 4782 ἀνδρωδέστεροι
965 4708 1050 4780 ἄνδρας
1074 4710 1117 4762 καὶ
1135 4709 1284 4780 λαχνήενττς
1302 4711 1405 4780 μᾶλλον.
1424 4718 1451 4766 in
1470 4731 1549 4766 eausa
1566 4717 1615 4765 suit

251 4803 359 4856 fortasse
379 4802 449 4866 qnod
467 4802 619 4854 Aristoteles
637 4802 655 4851 l.
674 4817 695 4852 o.
714 4818 739 4866 p.
751 4798 819 4854 765·
833 4798 868 4852 35
891 4809 1024 4863 utramque
1049 4801 1176 4850 rationem
1200 4816 1247 4851 suo
1271 4802 1395 4853 arbitratu
1419 4801 1613 4864 quodammodo

252 4891 391 4940 conciliare
410 4895 516 4939 conatus
535 4898 581 4939 est.
