3442 5588
630 321 907 372 suonucounun
1388 323 1448 385 117

83 491 340 575 ὑπολαμβάνοντες
363 491 393 554 ἐν
418 492 572 554 ἀλλοιώσει
595 491 724 574 γίνεσθαι
747 490 780 554 in
803 491 828 554 P
851 510 948 555 mauu
971 491 1075 574 prima
1095 493 1214 557 omissa
1228 513 1301 560 esee
1316 496 1452 561 adnotat

80 591 285 658 Brandisius.
320 601 435 677 postea
457 593 553 676 igitur
575 593 727 677 suppleta
753 598 836 658 sunt.
871 593 1016 659 omisisse
1038 613 1078 659 ea
1101 593 1240 659 etiamF
1263 596 1348 662 idem
1364 600 1451 665 clare

81 701 232 761 metatur.
267 701 303 760 at
325 703 433 761 exstat
455 696 714 778 supplementum
738 695 770 758 iu
794 696 953 760 Vossiano
977 696 1197 779 Camotioque.
1235 698 1311 780 quid
1334 701 1451 782 igitur?

82 797 234 882 patiarne
256 803 390 882 propter
413 798 497 862 hunc
520 796 597 861 mihi
621 797 726 862 locum
749 803 851 861 totam
873 798 1030 864 rationem
1054 800 1217 883 perverti?
1243 801 1372 867 minime
1389 825 1448 886 ego

80 900 225 984 quidem,
247 901 324 965 dnm
347 899 380 963 in
403 898 615 963 Laurentiani
639 899 784 981 margine
807 901 1022 983 supplementi
1037 922 1080 967 ne
1095 902 1223 966 lituram
1239 902 1368 985 quddam
1384 907 1448 971 iam

81 1009 215 1069 exstare
237 1003 354 1086 aliquis
377 1001 444 1066 suis
465 1000 568 1066 oeulis
590 1001 716 1067 viderit.
762 1022 837 1066 nam
861 1003 998 1068 Parisini
1022 1004 1184 1086 quandam
1208 1005 1354 1070 notitiam
1378 1008 1448 1073 istis

81 1105 145 1171 boc
177 1126 243 1171 uno
269 1107 342 1171 loco
372 1110 502 1189 praesto
534 1102 633 1169 luisse
661 1124 774 1188 parum
804 1105 968 1171 credibile.
1013 1112 1202 1170 curantem
1234 1128 1274 1172 en
1303 1110 1448 1191 margine

78 1209 345 1292 supplementum
367 1207 501 1292 petitum
524 1204 648 1289 dicam,
678 1226 742 1270 non
765 1206 987 1273 dissimulabo.
1026 1229 1101 1273 ecce
1124 1210 1275 1275 Vossiani
1298 1211 1449 1279 01111101ἰὶ-

77 1331 145 1394 que
168 1310 374 1395 scripturam:

256 1421 292 1500 τῆ
316 1413 458 1499 ἀπορροία
479 1413 584 1494 γίνεται
607 1412 640 1473 τὸ
663 1410 685 1474 δ’
714 1413 814 1495 ὅμοιον
837 1413 955 1495 φέρεται
978 1414 1049 1495 πρὸς
1072 1416 1105 1477 τὸ
1129 1415 1228 1497 ὅμοιον

256 1519 283 1581 οἱ
306 1518 412 1601 δὲτὴν
439 1514 576 1598 αἴσθησιν
604 1516 855 1600 ὑπολαμβάνοντες
881 1514 911 1576 ἐν
938 1515 1092 1579 ἀλλοιώσει
1119 1519 1248 1599 γίνεσθαι

255 1626 291 1704 τῆ
316 1619 457 1702 ἀπορροία
478 1619 596 1701 γίνεται.
624 1617 706 1681 τὸδ’
736 1618 835 1699 ὅμοιον
859 1616 975 1700 φέρεται
1000 1620 1070 1701 πρὸς
1093 1620 1125 1681 rb
1150 1621 1248 1701 ὅμοιον

256 1724 360 1787 καὶτὸ
384 1723 436 1805 μὲν
459 1723 558 1803 ὅμοιον
582 1720 706 1790 ἅπαντες
730 1722 786 1785 ὑπὸ
809 1724 860 1783 τοῦ
884 1719 986 1802 ὁμοίου
1008 1722 1069 1782 κτλ.

80 1829 205 1912 primus
225 1824 405 1893 versiculus
427 1822 644 1906 quadraginta
663 1829 814 1906 quattuor
830 1821 1019 1906 litterarum,
1042 1822 1095 1905 qui
1110 1845 1263 1891 numerus
1280 1827 1445 1895 observari

79 1937 189 2016 potest
208 1930 242 1995 in
261 1927 369 1993 multis
384 1926 509 2010 graecis
524 1925 690 1991 codicibus
710 1923 760 2011 [cf.
778 1946 808 1990 n.
820 1924 928 2008 jahrb.
943 1925 964 1989 1.
979 1926 1017 1989 cl.
1035 1925 1118 1992 Phil.
1135 1927 1190 1992 CV
1210 1931 1289 1994 1872
1305 1953 1336 2014 p.
1351 1935 1412 1998 193
1420 1934 1444 2017 ⁴]

79 2034 217 2098 iteratur
239 2030 335 2097 tertio
359 2029 441 2094 loco.
478 2049 596 2112 nempe
617 2030 721 2094 altero
744 2048 784 2093 ex
808 2027 953 2109 margine
975 2028 1096 2094 inserto
1120 2029 1288 2096 scribentis
1310 2037 1393 2100 oculi
1410 2047 1445 2103 ut

78 2135 147 2202 fieri
177 2135 263 2201 solet
294 2131 495 2198 aberrarunt.
540 2152 611 2196 cum
641 2151 729 2196 error
757 2129 915 2194 Vossiano
944 2129 1154 2214 Camotioque
1185 2133 1226 2198 sit
1256 2141 1443 2225 communis,

77 2238 174 2304 simul
195 2236 382 2318 intelleges,
409 2255 466 2299 our
491 2253 550 2318 per
573 2234 738 2299 traducem
767 2253 808 2298 ex
833 2232 1010 2315 exemplari
1039 2234 1137 2316 paulo
1165 2238 1341 2306 vetustiore
1368 2262 1444 2326 apo-

77 2339 207 2425 grapha
228 2345 413 2423 propagata
434 2337 574 2403 credam.

162 2442 280 2508 Restat
294 2447 330 2505 ut
352 2439 565 2505 Parisinum
581 2439 665 2504 2073
681 2445 843 2503 recentem
859 2458 1116 2523 commemorem,
1139 2441 1193 2504 uhi
1212 2444 1232 2522 ξ
1248 2440 1290 2507 66
1310 2447 1443 2528 amplio-

78 2565 144 2612 rem
167 2545 260 2610 illam
283 2544 432 2608 lacunam
455 2548 529 2625 post
550 2546 712 2626 περιφερῶν
742 2539 878 2605 inveniri
907 2541 985 2606 dicit
1008 2541 1197 2608 Brandisius
1225 2552 1258 2608 et
1285 2542 1443 2613 Ottobo-

77 2649 232 2714 nianum
252 2648 296 2712 ti)
317 2645 523 2710 chartaceum
546 2651 719 2727 recentem,
741 2663 836 2725 quem
859 2642 945 2708 idem
969 2642 1063 2729 lhhh.
1084 2645 1115 2710 d.
1133 2645 1217 2711 Berl.
1234 2647 1340 2713 Akad.
1360 2653 1439 2717 1831

79 2774 106 2837 p.
122 2752 178 2834 69,
195 2747 271 2836 121]
293 2748 327 2813 in
349 2747 456 2812 fronte
479 2747 666 2831 Θεοφράστου
689 2748 753 2828 περὶ
773 2746 941 2829 αἰσθήσεων
957 2746 1110 2812 exhibere
1132 2755 1278 2813 testatur.
1307 2751 1440 2819 Veneti

80 2855 140 2919 263
153 2873 181 2917 s.
194 2852 255 2917 XV
272 2850 436 2934 specimen
447 2848 636 2914 Brandisius
648 2848 860 2913 Camotianae
871 2848 1052 2932 adscripsit,
1069 2849 1154 2914 unde
1166 2871 1236 2915 cum
1249 2871 1289 2916 ex
1301 2854 1442 2920 Lauren·

79 2956 166 3021 tiano
189 2952 323 3018 fluxisse
346 2959 379 3017 et
398 2957 569 3034 cognatum
586 2971 658 3016 curn
675 2950 867 3015 Camotiana
882 2969 955 3015 esse
970 2958 1070 3033 patet.
1103 2972 1178 3015 nam
1202 2955 1222 3032 ξ
1237 2955 1257 3018 8
1279 2955 1326 3018 ἐπι
1342 2959 1440 3021 άπττιν

77 3058 211 3125 exbibet
232 3054 417 3136 ibidemque
438 3055 550 3138 νύκτωρ
573 3060 650 3118 ante
672 3053 947 3137 καταλαμβάνεσθαι
969 3072 1040 3116 cum
1053 3053 1212 3118 Vossiano
1229 3054 1440 3141 Camotioque

78 3159 285 3227 consentiens
314 3155 432 3221 omittit
462 3176 522 3221 nec
552 3162 661 3221 tamen
689 3155 901 3220 Oamotiauae
928 3160 963 3218 ut
993 3157 1158 3239 exemplar
1186 3157 1363 3224 subiectum
1391 3169 1441 3227 est

76 3263 160 3347 quod
184 3260 324 3327 coniecit
346 3260 370 3324 Ι.
391 3259 556 3325 Morellius
569 3259 587 3324 ¹.
611 3256 792 3323 Ottobon.
815 3257 869 3322 ille
892 3259 934 3321 lh
957 3258 995 3341 (s.
1012 3257 1086 3343 XV)
1109 3265 1142 3323 et
1164 3260 1262 3342 paulo
1282 3264 1440 3328 recentior

76 3363 250 3431 Palatin.
267 3365 319 3446 51,
342 3382 422 3444 quos
438 3381 510 3426 mea
526 3381 625 3425 causa
641 3361 681 3424 G.
696 3359 865 3425 Kaibelius
885 3358 1036 3443 inspexit,
1059 3380 1100 3425 ex
1117 3360 1266 3425 Vossiani
1290 3361 1440 3428 0111110111-

76 3486 136 3551 que
151 3472 332 3550 prototypo
347 3463 518 3528 fluxerunt.
549 3462 785 3529 Ottobonianus
808 3464 871 3546 περὶ
894 3462 1071 3546 αἰσθήσεων,
1094 3464 1177 3527 alter
1194 3465 1257 3546 περὶ
1273 3465 1439 3548 erictheam

76 3569 276 3653 inscribitur,
303 3574 437 3649 uterque
463 3568 528 3650 περὶ
555 3566 579 3629 δ’
614 3567 781 3649 αἰσθήσεως
802 3564 923 3648 incipit.
969 3568 1174 3631 consentiunt
1197 3565 1276 3630 mire
1298 3566 1381 3632 inter
1404 3588 1439 3634 se

76 3679 110 3737 ut
130 3670 275 3755 gemelli.
308 3690 349 3735 ex
364 3669 526 3733 Brundisii
541 3668 670 3734 schedis
692 3667 734 3731 ab
750 3666 927 3732 Academia
943 3667 1143 3733 Berolinensi
1167 3668 1349 3732 adservatis
1372 3669 1438 3733 scio

76 3775 144 3840 cod
172 3771 375 3838 Harleian.
403 3771 488 3834 5635
511 3769 532 3835 l.
551 3772 630 3835 150¹
655 3768 693 3834 fr.
723 3770 770 3834 de.
793 3789 878 3834 sens.
907 3769 1081 3835 continere.
1126 3771 1369 3834 Monacensis
1396 3773 1434 3836 31

78 3875 196 3960 [Hardt
206 3875 223 3939 I
235 3873 313 3954 463]
331 3871 530 3954 chartaceus,
545 3871 648 3937 forma
663 3871 796 3955 maiore,
812 3871 960 3935 loliorum
973 3873 1046 3954 250,
1063 3872 1204 3937 continet
1219 3872 1439 3937 Alexandrum

79 3978 175 4062 Aphr.
193 3976 228 4042 in
243 3974 376 4041 Aristot.
393 3973 587 4057 metaphys,
602 3979 669 4038 turn
686 3974 945 4056 Theophrastum
962 3976 1025 4057 περὶ
1041 3975 1208 4058 αἰσθήσεως
1223 3973 1244 4038 f.
1258 3975 1437 4040 ula-458.

80 4080 202 4146 initium
226 4085 278 4144 est
300 4078 364 4160 περὶ
386 4076 554 4159 αἰσθήσεως
575 4079 604 4138 οἱ
630 4077 681 4158 μὲν
704 4077 823 4142 omisso
846 4079 888 4150 δὲ,
911 4076 944 4140 in
967 4074 1030 4140 line
1052 4076 1168 4159 legitur
1190 4077 1386 4160 ἁτηκριβώϋιρ
1409 4078 1439 4147 ἐς

81 4185 108 4246 τὸ
128 4183 297 4267 ἀρχέτυπον
320 4180 486 4264 ἀνηκέστως
510 4180 541 4242 ὃν
564 4180 774 4263 διεφθαρμένον
798 4181 845 4242 διὰ
868 4182 1012 4263 μιχοιῇλος
1028 4184 1165 4262 σοφιανοῦ
1181 4178 1247 4241 οὔτε
1263 4180 1438 4260 προσθέντος

82 4327 102 4365 τι
121 4303 169 4387 ἀφ’
191 4304 298 4365 ἑαυτοῦ
321 4298 377 4363 οὔτ’
399 4300 555 4384 ἀφελόντος
578 4287 677 4388 Ιο-ιφῙβ
706 4301 803 4382 ἀτριλ.
824 4285 860 4361 κδ
884 4296 1186 4384 [ο.1).(1111.11)112],
1209 4304 1275 4361 tum
1298 4296 1438 4361 Athena-

82 4423 187 4485 goram
210 4402 232 4467 1.
254 4403 319 4467 459
341 4408 374 4467 et
396 4400 534 4483 Eunapii
564 4401 649 4466 vitas
678 4400 755 4484 phil.
780 4407 812 4466 et
834 4400 926 4484 soph.
949 4400 969 4464 1.
991 4402 1064 4465 480.
1108 4399 1222 4480 quodsi
1251 4419 1361 4464 verum
1389 4407 1438 4463 est

83 4505 161 4587 quod
176 4503 318 4569 Michael
335 4503 522 4587 Sophianus
543 4504 666 4568 adserit
688 4503 767 4567 nihil
784 4523 819 4568 se
834 4502 1009 4586 addidisse,
1024 4523 1064 4568 en
1081 4501 1272 4567 Camotiano
1289 4503 1437 4584 exemplo

84 4651 291 4662 -ύ

147 4729 155 4760 ¹
175 4731 294 4781 biblioth.
319 4746 444 4781 manuscr.
463 4731 481 4779 'I
503 4727 551 4780 143
583 4728 648 4780 liber
672 4729 704 4780 dc
727 4745 806 4780 serora
829 4737 962 4794 tantopere
985 4745 1043 4778 σαοι
1064 4728 1156 4792 prima
1180 4725 1295 4777 editione
1319 4727 1438 4776 convenit

87 4813 177 4867 icauna
200 4816 327 4881 Baptista
354 4817 468 4868 Cannutio
492 4827 600 4867 curante
616 4818 697 4883 facta
729 4811 841 4866 Venetiis
863 4831 935 4864 arina
962 4818 1029 4863 raet
1048 4823 1065 4864 t.
1091 4811 1131 4861 VI
1147 4829 1207 4881 opp.
1235 4812 1385 4865 Aristotelia
1409 4822 1437 4865 ut

88 4902 127 4951 illa
143 4919 173 4953 ex
191 4903 280 4953 codice
299 4904 346 4953 hoc
364 4919 488 4968 expressa
506 4903 593 4954 rideri
608 4905 700 4968 possit.
