3442 5588
497 323 767 375 PLUTARCHEAE
787 320 972 374 EPITOMES
991 320 1110 372 INDEX

135 496 154 548 4
191 494 247 563 περὶ
265 498 347 562 νεφῶν
365 491 444 545 ῖιετιῖιν
462 493 554 562 χιόνων
572 491 690 562 χαλαζῶν

139 580 156 634 5
193 582 249 651 τερλ
267 580 340 650 ἰριδος

139 670 156 722 6
192 669 247 738 περὶ
266 667 364 738 ῥάβδων

140 756 155 807 Ἰ
192 758 247 825 τερί
266 755 366 823 ἀνίμων

140 843 157 892 8
192 844 247 912 περὶ
265 848 389 912 χειμῶνος
407 842 451 892 καί
469 838 557 909 θέρους

139 930 155 981 9
192 931 247 998 περὶ
264 933 311 998 γῆς

124 1017 156 1068 10
192 1018 247 1086 τερί
266 1016 396 1087 σγῆματος
415 1020 460 1085 γῆς

124 1104 152 1153 11
191 1105 246 1172 περὶ
264 1101 359 1161 θέσεως
376 1107 422 1172 γῆς

125 1190 156 1242 19
192 1192 246 1260 τερί
266 1190 399 1259 ἐγκλίσεως
417 1194 462 1258 γῆς

125 1277 156 1330 13
192 1279 247 1347 περὶ
265 1278 386 1347 κινήσεως
405 1280 450 1346 γῆς

124 1366 155 1417 14
191 1367 246 1436 περὶ
264 1365 405 1435 διαιρέσεως
422 1369 468 1433 γῆς

125 1452 155 1504 15
191 1454 246 1521 περὶ
265 1459 372 1519 σεισμῶν
394 1456 439 1521 γῆς

124 1542 155 1592 16
192 1542 246 1609 τερί
265 1538 392 1608 θαλάσσης
411 1544 465 1597 πῶς
482 1539 585 1607 συνίστη
603 1538 647 1589 καί
660 1555 715 1593 τως
727 1536 778 1588 ἐστι

264 1645 306 1678 ,ιιι

124 1715 154 1765 17
191 1717 246 1770 πῶς
262 1629 406 1781 όμτίιθτιδες
424 1713 529 1781 γίνονται
549 1714 591 1764 καί
610 1711 757 1781 πλήμμυραι

124 1800 156 1851 18
191 1801 245 1869 περὶ
264 1798 318 1851 άλω

429 1977 468 2025 lv

177 2083 341 2131 Prooemium

142 2183 153 2234 1
191 2183 246 2251 τερί
266 2179 356 2234 Νείλου
375 2181 519 2250 ἀναβάσεως

140 2269 155 2320 9
192 2271 247 2338 περὶ
266 2270 349 2338 ψυχῆς

140 2358 156 2408 3
192 2356 213 2408 εἰ
232 2362 306 2424 σῶμα
324 2357 340 2425 ῆ
360 2355 430 2424 ψυχὴ
450 2357 493 2407 καί
512 2355 547 2412 τίς
566 2356 581 2425 ί,
601 2354 671 2406 αἰσία
690 2354 768 2425 αὐτῆς

140 2446 156 2496 4
192 2446 247 2514 τερί
266 2449 349 2512 μερῶν
368 2446 413 2512 τῆς
432 2441 516 2512 ψυχῆς

141 2533 157 2585 5
192 2533 248 2600 περὶ
266 2530 417 2600 ἡγεμονικοῦ

141 2622 156 2674 6
193 2619 248 2688 περὶ
267 2617 388 2687 κινῆσεως
407 2616 491 2685 ψυχῆς

140 2706 156 2758 ’ί
192 2704 248 2774 περὶ
266 2701 404 2774 ἀφθαρσίας
422 2702 506 2772 ψυχῆς

140 2795 157 2842 ὃ
193 2793 248 2862 περί
266 2789 408 2860 αἰσθήσεων
426 2790 469 2841 καί
488 2786 615 2859 αἰσθητῶν

141 2878 214 2932 9εἰ
232 2876 333 2948 ἀληθεῖς
351 2877 376 2929 αἱ
395 2873 520 2945 αἰσθήσεις
537 2877 581 2928 καί
600 2877 731 2945 φαντασίαι

127 2882 159 3017 15
195 2964 268 3017 τόσαι
286 2965 346 3017 εἰσίν
364 2964 389 3016 αἱ
408 2961 534 3033 αἰσθῆσεις

125 3053 155 3104 11
193 3057 248 3110 πῶς
264 3051 391 3191 γίνεταιῆ
375 3048 522 3122 ῆαίσθησις
540 3052 583 3103 καί
601 3051 618 3122 ῆ
638 3050 716 3104 ἔννοια
735 3054 779 3105 καί

264 3137 344 3191 δτκα
345 3139 361 3190 ὰ
380 3136 512 3190 ἐνδιάθεσιν
530 3138 609 3208 λόγος.

129 3225 161 3279 19
197 3227 244 3278 τίνι
262 3225 371 3296 διαφέρει
389 3226 510 3296 φαντασία
529 3244 640 3295 φανταστ
641 3227 668 3279 όν
687 3246 778 3297 φαντα-

265 3313 348 3366 στικδν
366 3314 498 3383 φάντασμα

127 3402 158 3453 13
195 3403 250 3470 τερί
269 3399 377 3470 δράσεως
396 3402 439 3452 καί
458 3407 512 3459 πῶς
530 3400 629 3471 δρῶμεν

126 3490 157 3540 14
194 3490 248 3558 περὶ
268 3493 430 3556 κατοπρικῶν
448 3487 580 3555 ἐμφάσεων

128 3577 160 3629 15
196 3576 217 3628 εἰ
235 3574 323 3645 δρατὸν
342 3575 370 3626 τὸ
390 3575 477 3632 σκότος

127 3664 158 3716 16
193 3663 249 3733 περὶ
268 3663 347 3731 άκοῆς

126 3751 156 3802 11
194 3752 249 3820 περὶ
267 3748 412 3819 όσφρῆσεως

126 3837 158 3888 18
194 3837 249 3906 περὶ
267 3835 373 3904 γεόσιως

127 3924 158 3976 19
195 3925 250 3993 τερί
268 3927 355 3992 φωνῆς

125 4011 158 4063 90
195 4012 215 4062 εἰ
228 4009 390 4078 όσιίιματοςῆ
404 4009 477 4079 φωνὴ
490 4010 533 4061 καί
546 4014 601 4067 πῶς
613 4009 672 4078 ῆγὼ
691 4009 781 4076 γίνεται

126 4098 158 4150 91
196 4094 272 4149 τόθεν
294 4094 429 4167 αἰσθητικὴ
453 4095 542 4164 γίνεται
561 4096 576 4165 ῆ
597 4095 667 4165 ψυχὴ
692 4097 735 4148 καὶ
758 4095 782 4147 τί

288 4181 367 4252 αἰιτῆς
386 4182 415 4234 τὸ
432 4182 579 4252 ἡγεμονικόν

125 4270 158 4320 99
196 4272 250 4339 τερί
270 4271 395 4340 ἀναπνοῆς

127 4355 161 4407 93
199 4358 253 4425 τερί
278 4354 368 4408 παθῶν
390 4362 543 4423 σωματικῶν
562 4357 605 4407 καί
628 4356 649 4407 εἰ
671 4354 785 4445 συναλγεῖ

270 4441 329 4495 τοίς
330 4460 365 4499 οις
384 4442 399 4511 ῆ
419 4442 489 4511 ξαν-γά

1143 495 1167 543 V

850 612 860 662 l
899 612 954 681 ιτερί
972 615 1094 681 μαντικῆς

845 695 862 748 9
899 703 954 755 πῶς
972 698 1059 768 όνειροι
1077 699 1184 768 γίνονται

846 783 862 835 3
899 784 936 842 τίς
953 785 970 854 ῆ
989 784 1059 837 οδσία
1078 787 1218 856 σπέρματος

846 870 862 920 4
898 869 919 922 εἰ
938 876 1012 940 σῶμα
1030 871 1059 924 τό
1077 873 1174 943 σπέρμα

847 956 863 1009 5
899 957 920 1008 εἰ
938 960 982 1010 καί
1000 959 1024 1010 αἰ
1042 957 1140 1028 θῆλειαι
1159 963 1282 1031 προΐενται
1301 961 1398 1030 σπέρμα

802 1046 863 1097 6
900 1050 954 1103 πῶς
972 1046 997 1097 αἰ
1016 1045 1149 1116 συ19ῆψεις
1168 1049 1273 1116 γίνονται

848 1132 918 1184 ’ἰπ
919 1132 1062 1203 ῶςᾶρρενα
1080 1139 1191 1202 γεννᾶται
1210 1136 1253 1186 καί
1271 1133 1352 1204 θήλεα

802 1196 805 1311 j
847 1218 917 1269 8
899 1224 954 1277 πῶς
971 1221 1062 1290 τέρατα
1080 1221 1170 1288 γίνεται

802 1306 864 1357 9
900 1304 939 1357 διὰ
963 1307 987 1358 τί
1013 1305 1132 1364 πολλάκις
1158 1309 1219 1378 γυνὴ
1247 1311 1436 1371 σινουσιόζουσα
1455 1310 1484 1362 οδ

963 1392 1128 1463 συλλαμβάνει

802 1480 864 1535 10
900 1486 955 1538 πῶς
973 1479 1061 1548 δίδυμα
1080 1483 1123 1533 καὶ
1142 1481 1245 1552 τρίδυμα
1262 1484 1353 1552 γίνεται

833 1568 860 1619 11
899 1565 975 1620 τόθεν
993 1568 1099 1637 γίνονται
1119 1575 1171 1620 τῶν
1187 1571 1281 1638 γονίων
1306 1570 1330 1622 αἰ
1354 1568 1484 1638 ὁμοιώσεις

992 1657 1105 1708 καὶτῶν
1124 1655 1251 1724 προγόνων

832 1743 863 1794 19
899 1747 953 1800 πῶς
971 1742 1054 1800 ἄλλοις
1072 1742 1178 1811 γίνονται
1197 1741 1277 1811 όμοιοι
1296 1744 1318 1795 οἰ
1337 1743 1484 1814 γεννώμενοι

974 1829 1018 1881 καλ
1036 1828 1065 1880 οδ
1083 1834 1134 1887 τοῖς
1152 1834 1262 1899 γονεῦσιν

834 1917 864 1970 13
899 1922 954 1974 πῶς
972 1921 1064 1986 στεῖραι
1081 1917 1188 1985 γίνονται
1206 1918 1231 1970 αἰ
1247 1925 1359 1986 γυναῖκες
1372 1921 1415 1970 καὶ
1428 1919 1484 1987 όγο.

975 2020 1012 2054 ναι
1030 2004 1052 2056 οἰ
1071 2003 1156 2074 ἄνδρες

834 2093 864 2144 14
900 2090 940 2143 διὰ
958 2091 981 2142 τί
999 2091 1023 2142 αἰ
1042 2091 1139 2160 ἡμίονοι
1158 2098 1248 2163 στεῖραι

802 2192 804 2205 “
835 2181 865 2233 15
901 2179 921 2231 εἰ
940 2178 968 2230 τὸ
987 2177 1094 2247 ἔμβρυον
1112 2179 1175 2249 ζῷον

834 2270 864 2331 16
901 2272 956 2324 πῶς
974 2266 1088 2335 τρέφεται
1106 2267 1138 2318 τὰ
1156 2266 1252 2337 ἔμβρυα

802 2344 805 2399 ἰ
834 2355 863 2406 17
900 2353 924 2404 τί
942 2358 1041 2422 πρῶτον
1058 2352 1259 2424 τελεσιουργεῖται
1278 2356 1303 2406 ἰν
1321 2362 1353 2426 τῆ
1372 2358 1458 2425 γαστρί

834 2443 865 2494 16
901 2441 940 2493 διὰ
958 2440 982 2492 τί
999 2441 1030 2491 τὰ
1049 2440 1214 2510 ἑπταμηνιαῖα
1232 2442 1319 2510 γόνιμα

833 2533 863 2583 19
899 2528 954 2598 τερί
978 2527 1052 2597 ζῴων
1074 2529 1191 2597 γενέσεως
1220 2535 1274 2586 πῶς
1299 2530 1409 2597 ἐγένοντο
1433 2530 1486 2600 ζῷα

971 2617 1015 2667 καί
1034 2616 1055 2667 εἰ
1073 2614 1173 2686 φθαρτά

831 2703 864 2756 90
900 2703 964 2754 πόσα
985 2703 1043 2772 γόνη
1067 2702 1140 2773 ζῴων
1162 2706 1205 2755 καί
1229 2704 1250 2756 εἰ
1273 2705 1353 2756 πάντα
1379 2702 1487 2776 αἰσθητὰ

983 2791 1027 2841 καλ
1045 2789 1134 2858 λογικά

831 2878 862 2930 91
901 2877 972 2930 όν
953 2877 1023 2946 τόσῳ
1051 2876 1133 2947 χρόνοι
1159 2881 1297 2948 μορφοῦται
1325 2878 1357 2928 τό
1384 2877 1437 2947 ζῷα
1461 2877 1487 2929 ἰν

959 2965 1045 3034 γαστρὶ
1063 2963 1122 3017 ὄντα

831 3051 864 3130 99
901 3051 930 3103 ἰκ
953 3051 1031 3103 ποίων
1058 3052 1197 3104 σινίσταται
1225 3051 1355 3119 στοιχείων
1383 3050 1486 3104 ἕκαστον

952 3145 1004 3191 τῶν
1023 3139 1048 3191 ἰν
1066 3139 1125 3208 ἡμῖν
1143 3143 1247 3208 γνεικῶν
1266 3138 1359 3209 μορίων

831 3226 865 3278 93
900 3224 996 3277 τότε
979 3243 1080 3296 αρχτται
1099 3225 1112 3277 δ
1130 3223 1261 3296 ἄνθρωπος
1279 3230 1325 3296 τῆς
1336 3225 1488 3296 τελειότητος

832 3314 865 3365 94
901 3318 956 3370 τῶς
975 3309 1049 3371 ὕπνος
1067 3313 1157 3386 γίνεται
1178 3314 1222 3365 καί
1239 3310 1346 3370 θάνατος

832 3400 866 3453 95
902 3400 1007 3469 ποτέρου
1031 3399 1096 3452 ἐστὶν
1118 3395 1193 3457 ὕπνος
1214 3400 1257 3451 καί
1278 3398 1385 3457 θάνατος
1404 3399 1488 3469 ψυχῆς

1031 3485 1184 3555 ῆσόιματος

832 3574 866 3626 96
903 3578 958 3631 τῶς
975 3571 1075 3644 ηδξῆθη
1094 3575 1126 3626 τὰ
1144 3575 1210 3643 φυτὰ
1228 3575 1271 3626 καὶ
1289 3573 1310 3625 εἰ
1329 3573 1381 3642 ζῷα

833 3661 866 3714 97
902 3662 958 3731 τερί
975 3665 1070 3732 τροφῆς
1088 3662 1132 3714 καί
1150 3660 1278 3730 αἰιξῆσεως

833 3747 868 3799 98
903 3746 979 3800 πόθεν
997 3749 1022 3800 αἰ
1040 3747 1130 3818 όρόξεις
1148 3748 1253 3816 γίνονται
1278 3753 1328 3805 τοῖς
1351 3743 1422 3816 ζῴοις
1444 3748 1488 3798 καί

997 3836 1022 3888 αἰ
1041 3834 1127 3907 ῆδοναί

833 3922 867 3975 99
903 3927 959 3981 πῶς
981 3923 1070 3991 γίνεται
1098 3922 1199 3992 πυρετός
1227 3925 1270 3975 καί
1293 3924 1314 3975 εἰ
1338 3921 1488 3990 ἐπιγέννημά

979 4010 1045 4062 ἰστιν

834 4098 868 4150 30
905 4098 959 4167 περὶ
978 4096 1059 4165 δγτίας
1077 4098 1120 4148 καί
1139 4096 1211 4148 νόσου
1228 4099 1271 4148 καί
1290 4099 1373 4167 γήρως
