3464 5586
246 311 307 375 198
511 314 577 363 XVI
612 313 662 362 DE
682 313 783 362 narn
802 311 1038 362 PLACITORUM
1059 311 1329 364 COMPOSITIONE

288 484 389 561 ipsum
410 502 511 545 semen
534 483 658 563 quidam
679 489 789 562 putant
811 500 851 544 ec
873 481 1016 543 medullis
1038 489 1169 557 tantum,
1199 482 1325 563 quidam
1352 501 1394 544 em
1421 485 1503 545 amni
1531 501 1607 545 cor-

245 602 322 663 pore
345 585 388 645 ad
409 603 518 647 uenam
539 584 700 666 penitalem
723 583 875 664 condicere
896 584 999 665 ibique
1019 603 1227 648 concrescere.
1256 591 1259 596 ’

289 704 355 748 non
377 691 486 768 potest
507 684 577 751 fieri
598 684 675 767 quin
688 684 842 749 Varronis
861 685 1074 752 eruditionem
1096 684 1404 768 [asseruerimus
1426 685 1558 752 Pimv
1572 687 1606 768 3]

246 784 440 867 adgnosces.
484 785 543 852 sed
564 806 640 853 esee
663 785 760 851 etiam
782 806 900 852 nomen

291 899 470 970 conceptum
489 892 583 971 ipitur
604 889 722 952 Varro
738 900 766 952 et
781 890 1011 953 Aristoteles
1032 892 1078 952 sic
1099 890 1169 968 fieri
1185 887 1389 953 arbitrantur.
1425 891 1513 952 aiunt
1529 890 1609 951 erum

248 1009 310 1052 rien
333 1000 449 1055 tantum
470 992 609 1055 maribus
631 994 730 1053 inesse
751 1012 853 1055 semen
873 1013 979 1055 uerum
1001 995 1094 1055 etiam
1114 992 1247 1072 seminis.
1289 999 1317 1054 et
1336 992 1410 1055 inde
1429 992 1611 1072 plerumque

249 1093 400 1156 matribus
427 1097 544 1158 similes
569 1096 743 1175 procreari.
787 1097 843 1157 sed
873 1116 980 1159 earum
1008 1096 1161 1177 scapulae
1189 1112 1256 1156 esse
1281 1102 1466 1175 pur-patum:
1498 1093 1612 1175 quodsi

249 1204 330 1257 recte
354 1216 422 1257 oum
443 1199 528 1260 uirili
550 1198 677 1258 mictum
700 1198 740 1258 sit
762 1206 892 1279 utraque
914 1207 1060 1260 concreta
1082 1206 1110 1260 et
1130 1197 1224 1260 simul
1244 1197 1412 1276 eoapulata
1433 1196 1610 1276 insecuturi.

248 1299 381 1377 primurn
403 1300 525 1380 quidem
548 1318 603 1361 cor
628 1300 911 1381 minitantium,
935 1302 1017 1382 quod
1039 1302 1072 1362 in
1094 1319 1130 1362 eo
1151 1281 1193 1363 eit
1214 1309 1242 1361 et
1263 1300 1330 1361 uita
1351 1299 1482 1362 mmtnn
1504 1306 1532 1359 et
1552 1315 1612 1359 sa-

249 1402 378 1480 pientia,
401 1402 531 1483 denique
555 1408 648 1463 totum
671 1421 750 1483 opus
773 1404 1011 1484 quadrupesimo
1033 1402 1084 1464 die
1106 1403 1323 1464 comummari.

294 1500 335 1566 de
368 1501 552 1567 Aristotelis
585 1501 732 1567 doetrina
765 1522 786 1567 a
813 1504 959 1569 Varrone
991 1510 1123 1587 recepta
1155 1501 1196 1568 oi.
1222 1502 1308 1567 Rose
1340 1499 1395 1566 Ar.
1418 1521 1466 1585 pa
1489 1520 1520 1583 p.
1538 1501 1611 1566 383.

251 1601 340 1666 Plae.
353 1602 413 1666 Vi>
433 1611 457 1667 t.
475 1605 495 1668 6
517 1614 541 1670 1.
564 1604 605 1669 de
621 1604 718 1669 eorde
734 1605 899 1671 ereseendi
915 1603 1007 1671 initio
1023 1603 1062 1670 ef.
1076 1603 1281 1672 Censorini
1301 1614 1312 1666 1
1329 1609 1363 1669 et
1376 1621 1475 1687 supra
1489 1624 1521 1687 p.
1531 1602 1613 1667 190²

252 1702 293 1768 de
315 1703 563 1787 quadragesimo
586 1705 639 1771 die
661 1707 748 1771 Piae.
765 1707 793 1771 V
808 1708 848 1772 21
872 1717 896 1772 1.
920 1708 927 1738 ¹

340 1804 460 1871 Similis
499 1807 684 1890 opinionum
722 1809 921 1875 enumeratio
955 1808 1093 1876 Varroni
1125 1807 1160 1873 in
1198 1806 1430 1874 Commentis
1459 1803 1613 1871 'Luoani

253 1905 471 1973 Bernensibus
493 1908 643 1974 tribuitur
664 1931 696 1992 p.
713 1911 786 1995 220,
804 1912 843 1976 19
856 1912 991 1978 Usener.

346 2009 446 2073 Varro
473 2013 554 2075 dicit
580 2015 701 2076 samnia
722 2018 812 2076 nasci
833 2022 888 2078 aut
916 2035 955 2077 ea
976 2013 1171 2077 abursdantia
1190 2014 1417 2093 principiorum
1438 2021 1493 2075 aut
1513 2012 1615 2074 demi-

253 2113 389 2188 nutione,
412 2132 480 2174 cum
502 2123 556 2176 aut
575 2115 648 2195 plus
669 2115 758 2178 nobis
780 2119 897 2181 caloris
920 2127 964 2181 est
987 2126 1041 2180 aut
1063 2118 1164 2178 minus
1178 2125 1232 2177 aut
1246 2116 1318 2195 plus
1331 2114 1470 2178 tumor&
1485 2121 1541 2177 aut
1553 2115 1616 2176 mi-

254 2234 312 2276 nus
335 2224 389 2277 aut
409 2217 482 2295 plus
504 2218 589 2279 aeris
611 2229 665 2282 aut
688 2224 788 2285 minus
810 2232 864 2284 aut
885 2223 957 2302 plns
979 2221 1092 2282 terreni
1119 2219 1305 2281 autminus.
1351 2236 1424 2280 nam
1450 2235 1519 2279 cum
1544 2217 1616 2297 plus

254 2320 335 2398 ipnis
358 2327 411 2393 est,
433 2322 465 2380 in
488 2324 604 2384 semesis
623 2326 766 2404 potiones
782 2335 809 2387 et
825 2345 912 2387 omne
925 2344 1021 2405 penus
1035 2323 1286 2403 resriperationis
1301 2320 1526 2393 desideramus,
1548 2337 1616 2380 cum

256 2423 339 2482 aeris
362 2421 556 2486 abundantia
577 2428 684 2489 calare
700 2447 756 2490 nos
772 2439 799 2490 et
814 2428 958 2490 sublimia
971 2436 1074 2508 petere
1090 2434 1119 2487 et
1133 2426 1167 2488 in
1181 2426 1291 2488 ceteris
1304 2425 1356 2486 sui
1368 2423 1485 2486 similia
1500 2420 1616 2501 oollipl.

341 2525 532 2605 Epicurus
554 2529 628 2590 dicit
651 2539 770 2593 atomos
791 2532 919 2612 inlinere
940 2532 1053 2592 animis
1073 2531 1188 2592 nostris
1203 2530 1236 2590 in
1250 2526 1436 2607 imapt'nibus
1450 2542 1617 2604 carporum

257 2634 285 2687 et
307 2647 345 2688 ea
368 2648 447 2708 quae
467 2633 617 2710 pessimus
639 2643 693 2694 aut
716 2654 795 2715 quae
821 2636 936 2715 pesturi
956 2653 1062 2696 sumus
1081 2653 1140 2714 per
1162 2634 1290 2714 quietem
1310 2630 1421 2692 rideri.

342 2732 446 2796 Plato
468 2735 539 2796 item
562 2736 642 2799 dicit
664 2739 750 2799 iecur
769 2746 907 2800 riostrum
930 2739 1044 2800 leuiore
1057 2756 1133 2800 suco
1146 2743 1311 2816 praestare
1326 2733 1520 2814 splendorem
1534 2733 1618 2795 adut

256 2836 413 2915 speculum
427 2839 492 2912 [in]
507 2859 567 2920 quo
586 2841 658 2902 dum
673 2843 838 2904 inciderint
853 2845 1002 2923 intapines
1017 2844 1091 2904 illae
1107 2860 1184 2922 quas
1199 2840 1355 2921 Epicurus
1370 2837 1467 2900 tradit
1481 2838 1616 2898 animum

257 2958 311 3000 eus
333 2941 439 3002 uidere
465 2951 493 3003 et
516 2962 595 3022 quae
623 2944 736 3006 habeat
758 2948 880 3008 samrria
902 2947 1003 3008 conici
1020 2948 1081 3020 [?].
1115 2962 1322 3024 quaecumque
1344 2943 1438 3023 ipilur
1457 2940 1618 3002 uideamus

258 3050 311 3101 aut
337 3061 395 3121 per
421 3044 669 3108 recordationem
691 3068 795 3110 rerum
817 3067 895 3129 quas
918 3049 1069 3127 pessimus
1092 3057 1146 3108 aut
1165 3066 1223 3126 per
1244 3055 1364 3120 metum,
1386 3045 1459 3107 dum
1479 3044 1619 3106 timemus

258 3143 366 3222 qualia
388 3155 534 3207 euentura
555 3148 627 3222 sint,
648 3152 863 3230 prospicimus.

331 3286 390 3337 ¹ex
417 3289 518 3350 reliqna
541 3290 669 3341 Laetantii
697 3293 755 3341 libri
783 3299 854 3355 parte
882 3292 982 3352 insigne
1010 3307 1031 3339 e.
1048 3289 1087 3340 lt.
1113 3305 1149 3338 an
1172 3289 1195 3340 si
1217 3287 1285 3339 milti
1305 3286 1360 3354 qut'e
1384 3284 1483 3336 dixerit
1506 3296 1616 3336 aeneum

258 3387 313 3422 esee
340 3372 442 3423 eaelum
468 3383 513 3425 aest
542 3375 651 3426 vitreum
678 3386 723 3426 aut
750 3387 779 3429 ut
806 3375 977 3443 Empedocles
1004 3376 1044 3426 uit
1071 3391 1158 3426 aerem
1178 3373 1319 3441 placialem
1343 3373 1386 3437 [oi.
1408 3373 1480 3424 Plau.
1498 3370 1617 3437 11112]

258 3459 381 3510 statimne
403 3461 552 3513 aasentias?
579 3466 611 3516 ds
635 3467 731 3516 mundo
755 3467 839 3516 Varro
867 3468 894 3516 in
917 3466 1053 3515 Tuberone
1076 3479 1178 3528 quoquo
1201 3470 1297 3528 egeret.
1324 3463 1355 3512 ci.
1378 3462 1458 3512 Prob.
1480 3461 1514 3511 sd
1536 3461 1617 3525 Verg.

258 3550 305 3598 eol.
319 3545 350 3598 31
371 3566 396 3613 p.
420 3548 530 3611 19‚1K.
558 3549 595 3601 ud
622 3567 701 3617 quam
724 3551 862 3618 imapinem
891 3547 977 3602 Varro
999 3550 1097 3600 mundo
1125 3568 1199 3602 ovum
1226 3548 1387 3615 comparauit
1414 3545 1498 3610 [Pleo.
1522 3549 1551 3598 11
1573 3544 1617 3597 21

258 3636 354 3685 Achill.
373 3653 393 3686 s.
412 3654 436 3701 p.
452 3633 500 3688 127
515 3639 570 3689 Pet.
600 3639 699 3691 Comm.
727 3642 826 3692 Lucani
854 3657 878 3706 p.
899 3637 1006 3701 153,24
1033 3639 1148 3691 Cassiod.
1175 3639 1237 3690 Sen.
1264 3640 1325 3690 tII
1348 3634 1457 3703 patah
1485 3635 1560 3699 Gan]
1588 3634 1618 3685 in

259 3720 409 3788 lapistus-ico
432 3726 478 3790 qui
501 3725 653 3778 inscribitur
674 3725 773 3778 Tubero
796 3727 828 3778 de
851 3726 953 3795 oripine
975 3725 1094 3777 humana
1117 3727 1155 3777 sic
1177 3726 1267 3777 dicens
1288 3721 1401 3776 ‘eaelum
1422 3730 1452 3774 ut
1471 3732 1537 3776 testa
1556 3722 1618 3773 item

258 3808 377 3859 vitellum
396 3821 425 3862 ut
444 3821 524 3873 terra,
543 3814 612 3864 inter
630 3813 679 3865 illa
697 3814 748 3865 duo
766 3814 857 3866 numer
876 3815 955 3881 quasi
974 3813 1048 3881 ἰκμὰς
1067 3813 1185 3865 inclusus
1206 3829 1252 3864 aer
1266 3812 1296 3865 in
1308 3830 1357 3877 quo
1371 3809 1459 3864 calor’.
1481 3810 1511 3861 in
1529 3807 1618 3859 eodem

259 3897 338 3946 etium
365 3896 432 3948 libro
461 3897 545 3949 Varro
569 3901 762 3967 interpretatur
789 3901 908 3954 vitellum
937 3901 1103 3968 appellatum
1132 3901 1196 3966 quia
1222 3909 1324 3968 poneret
1347 3899 1449 3950 uitalia.
1485 3913 1577 3962 nempe
1602 3910 1619 3947 a

258 3987 353 4036 mundo
374 3986 428 4035 sive
447 3998 552 4038 aeterno
572 3993 626 4040 sive
643 3993 748 4041 mortali
767 3994 883 4041 similiter
901 3993 934 4041 de
953 3993 1067 4041 hnmana
1080 3994 1178 4055 origine
1191 3990 1378 4054 disceptabant
1397 4002 1459 4052 ergo
1472 3987 1618 4036 Tuberonis

257 4075 305 4123 tuit
318 4076 418 4124 initium
432 4078 508 4139 quale
522 4079 681 4128 Placitorum
694 4081 717 4128 V
734 4078 764 4130 19
784 4075 841 4130 καθ’
858 4076 900 4136 οὒς
912 4078 957 4144 μὲν
969 4077 1070 4147 γενητὸς
1088 4074 1208 4143 indeptos
1225 4076 1316 4145 γενητὰ
1333 4075 1365 4127 τὰ
1383 4074 1436 4143 ζῷα
1455 4073 1498 4125 καὶ
1517 4069 1618 4142 φθαρτά

258 4159 325 4210 εἰσιν.
353 4164 385 4212 oi.
404 4163 512 4213 Sueten.
536 4167 628 4228 reliqu.
647 4183 671 4230 p.
686 4164 735 4217 193
753 4168 829 4218 Reiff.
861 4168 949 4217 mundi
972 4170 1070 4217 aeterni
1094 4168 1244 4232 opinionem
1270 4167 1461 4215 Varronienam
1485 4165 1619 4228 impugnet

258 4250 336 4299 libros
350 4252 539 4313 Antiquitatum
559 4254 704 4302 divinarum
722 4256 860 4319 respiciens
873 4256 1047 4305 Tertullianus
1067 4255 1100 4304 nd
1113 4263 1165 4303 nat.
1178 4252 1242 4304 113.
1268 4256 1298 4304 cs.
1313 4253 1478 4316 Philargyrus
1492 4252 1525 4301 sd
1539 4253 1617 4315 Verg.

259 4339 355 4401 Georg.
372 4340 400 4387 11
418 4336 469 4393 336
498 4337 582 4389 Varro
600 4349 687 4390 autem
705 4340 734 4390 in
751 4351 845 4391 satura
864 4358 931 4407 quae
950 4341 1076 4392 scribitur
1089 4339 1219 4391 deuolute
1232 4340 1272 4391 ait
1290 4338 1417 4389 mundum
1435 4338 1509 4388 lsassd
1527 4348 1618 4388 umam

259 4440 415 4490 essentque
433 4426 509 4476 mari.
537 4425 616 4479 Plato
635 4437 721 4478 nutem
740 4437 832 4479 natum
851 4437 879 4479 at
896 4444 950 4478 non
968 4430 1044 4480 niori.
1064 4427 1232 4479 Metrodorus
1255 4436 1342 4478 autem
1360 4442 1443 4493 neque
1461 4435 1553 4476 natum
1572 4439 1617 4476 ne·

258 4527 306 4577 qne
332 4513 408 4562 niori.
436 4512 527 4565 Zenon
551 4530 581 4564 ex
600 4515 646 4566 noc
665 4515 762 4567 mundo
781 4517 900 4581 quamvis
920 4514 1014 4583 aliqua
1037 4518 1184 4577 intereant,
1209 4524 1296 4566 tamen
1315 4515 1401 4581 ipsum
1419 4521 1545 4579 perpetuo
1564 4529 1617 4561 ma·

258 4614 320 4649 nere
342 4600 405 4665 quia
425 4601 578 4653 inhaereant
596 4603 621 4654 ei
639 4602 768 4655 elementa
787 4620 800 4655 e
819 4602 909 4668 quibus
926 4615 1089 4671 quaerantur
1102 4604 1229 4654 materiae
1242 4613 1270 4653 ut
1289 4603 1357 4653 dixit
1376 4616 1491 4654 creseere
1510 4598 1617 4666 quidem

258 4687 306 4737 sed
324 4686 361 4737 ad
380 4688 515 4739 interitum
538 4705 592 4739 non
615 4692 758 4757 peruenire
780 4690 946 4742 manentibus
964 4692 1099 4742 elementis
1115 4709 1132 4741 a
1150 4690 1243 4757 quibus
1268 4689 1444 4741 revalescant.
1481 4689 1618 4753 opiniones

258 4776 280 4823 si
302 4790 318 4823 a
343 4776 461 4826 Varrone
485 4779 607 4829 collectae
630 4782 747 4840 suerunt,
771 4794 787 4827 a
815 4787 902 4828 satura
926 4780 1073 4829 abhorrent.
1107 4781 1137 4828 es.
1160 4780 1236 4829 Riese
1260 4781 1335 4828 Varr.
1360 4786 1408 4827 sat.
1432 4778 1477 4825 rel.
1498 4771 1617 4839 p.45sq.

259 4877 324 4924 quae
344 4863 375 4911 de
389 4864 559 4928 Xenophenis
577 4868 661 4915 studio
681 4868 846 4916 Varroniano
865 4876 976 4930 nugatus
994 4869 1027 4916 sit
1050 4866 1169 4918 Krehner
1189 4883 1278 4916 eornm.
1298 4867 1329 4916 do
1350 4867 1460 4914 Varron.
1482 4864 1515 4913 N.
1534 4863 1617 4912 Bran·

259 4950 334 4999 denb.
356 4949 421 5002 1846
440 4950 494 5016 μδ
512 4954 574 5003 nolo
593 4955 712 5004 refutare.
