3442 5588
631 337 907 389 raouuoouaua
1408 337 1448 399 15

89 505 210 569 Πλάτων
232 505 280 568 καὶ
299 503 499 588 Ἀριστοτέλης
529 525 710 586 congruens
740 505 795 571 ille
824 526 895 570 cum
923 504 1064 570 Stobaeo
1096 503 1237 569 exbibet.
1281 525 1353 570 oum
1376 506 1448 570 Plu-

86 606 187 671 tarchi
211 606 315 673 codex
336 607 549 690 archetypus,
578 608 664 674 unde
691 608 792 672 nostri
815 607 943 673 codices
965 604 1118 688 descripti
1147 614 1237 687 sunt,
1265 608 1324 672 sub
1352 607 1448 672 finem

85 708 219 775 madore
242 709 407 775 confectus
429 708 529 775 luisse
550 709 713 793 rideatur,
743 710 846 774 conici
875 709 951 774 licet
974 707 1192 773 oblitteratam
1213 709 1302 774 vocis
1326 710 1447 773 Πλάτων

85 810 258 892 imaginem
276 811 320 876 ad
334 811 597 895 interpolandum
613 812 781 878 excitasse.
815 811 945 877 memini
961 810 1089 893 quidem
1106 811 1287 894 πραγματεία
1302 810 1449 876 similiter

86 914 271 979 breviatum
292 912 382 998 (τραγ
402 913 620 997 superscripto
643 913 694 998 μτ)
716 914 749 979 in
771 914 862 979 libris
883 934 936 980 me
958 915 1076 995 legere.

171 1015 251 1081 Dies
272 1036 323 1082 me
345 1015 474 1084 deficiat
496 1017 758 1083 emendationum
781 1016 896 1081 silvam
919 1015 1081 1082 eGaleno
1103 1015 1315 1096 petendarum
1336 1015 1361 1079 si
1379 1036 1448 1098 per-

84 1124 182 1201 petuo
202 1118 435 1184 commentario
458 1119 621 1185 illustrare
644 1119 818 1184 instituam.
849 1118 936 1183 addo
959 1125 1068 1182 tamen
1090 1116 1123 1180 iu
1138 1118 1243 1182 altera
1259 1116 1330 1181 libri
1346 1125 1447 1200 parte,

83 1219 138 1284 ubi
160 1220 321 1286 Eusebius
347 1227 539 1303 ceteraeque
561 1222 693 1303 eclogae
715 1218 877 1303 deliciunt,
900 1222 998 1304 plane
1020 1220 1257 1302 desperandum
1280 1239 1363 1303 esse,
1386 1219 1446 1284 nisi

83 1322 201 1388 Galeui
230 1321 436 1388 utilissimum
463 1323 558 1387 nobis
579 1322 749 1388 accederet
770 1321 1027 1387 instrumentum.
1072 1322 1134 1387 tria
1160 1323 1309 1404 exempla
1336 1323 1448 1388 variae

82 1425 300 1508 corruptionis
327 1424 474 1491 exhibeo.
514 1425 611 1492 113⁶
633 1425 813 1507 Δημόκριτος
840 1422 964 1508 (semen
985 1421 1106 1506 colligi)
1133 1422 1179 1506 ἀφ’
1212 1425 1287 1487 ὅλων
1310 1430 1368 1487 τῶν
1391 1446 1445 1489 σω-

82 1529 183 1607 μάτων
206 1531 254 1591 καὶ
277 1534 335 1591 τῶν
357 1529 542 1612 κυριωτάτων
566 1529 700 1611 μερῶνὸ
730 1527 831 1609 γόνος
861 1532 930 1588 τῶν
958 1531 1133 1609 σαρκικῶν
1162 1525 1251 1588 ἰνῶν.
1297 1528 1380 1592 tales
1402 1528 1448 1591 iu·

80 1628 190 1710 eptias
201 1629 310 1712 patria
321 1629 497 1696 Democriti
509 1648 606 1711 quam
619 1628 805 1695 Democrito
817 1627 980 1708 digniores
993 1627 1133 1710 produnt
1144 1628 1281 1694 codices.
1305 1636 1446 1694 vestram

80 1729 190 1810 fidem,
212 1732 340 1815 medici,
363 1731 542 1797 audistisne
565 1750 716 1814 umquam
737 1729 812 1813 quid
835 1735 944 1795 essent
959 1728 1085 1794 carnosi
1100 1729 1213 1794 nervi?
1242 1737 1275 1796 et
1290 1751 1447 1813 gramma-

80 1832 151 1915 tici,
184 1834 455 1915 quemadmodum
484 1839 649 1916 postrema
675 1852 746 1896 cum
776 1831 936 1916 prioribus
963 1831 1164 1897 conciliatis?
1202 1834 1299 1917 paulo
1333 1835 1447 1900 melius

80 1955 165 1999 unus
188 1935 271 2002 liber
294 1934 319 2000 B
341 1942 400 2000 τῶν
423 1941 539 2019 σαρκῶν
562 1936 610 1998 καὶ
633 1934 711 1998 ἰνῶν.
748 1941 784 1999 at
805 1941 914 1999 cetera
936 1933 1084 1998 dissolvit
1107 1933 1265 2000 Galenus:
1295 1935 1341 2020 ἀφ’
1370 1938 1445 2000 ὅλων

80 2044 139 2100 τῶν
155 2039 301 2121 σωμάτων
316 2039 366 2102 καὶ
380 2043 438 2101 τῶν
453 2038 637 2121 κυριωτάτων
656 2042 752 2120 μερῶν
767 2037 827 2099 οἷον
842 2043 900 2099 τῶν
918 2041 1062 2119 σαρκικῶν
1081 2033 1155 2121 [hoe
1169 2036 1331 2124 vitiosum}
1350 2040 1444 2103 ὀστῶν

80 2141 160 2203 ἰνῶν.
198 2160 277 2222 ergo
293 2139 375 2204 falso
392 2139 558 2223 separavit
581 2137 730 2202 librarius
752 2137 912 2203 uncialem
934 2138 1125 2220 scripturam
1148 2145 1446 2217 OlONOCTwN‚

80 2243 167 2307 unde
200 2261 286 2323 quae
311 2240 511 2307 restituenda
541 2240 621 2323 sint,
655 2247 770 2323 sponte
797 2240 1003 2322 intellegitur.
1056 2240 1150 2305 alteri
1179 2242 1251 2306 loco
1281 2241 1446 2307 christiani

80 2344 205 2410 librarii
228 2343 282 2427 pia
302 2341 391 2406 fraus
413 2342 530 2407 nocuit.
562 2343 588 2405 V
606 2343 626 2407 2
644 2342 825 2428 ἱλΉρόφιλος
841 2348 899 2406 τῶν
913 2343 1030 2426 ὀνείρων
1041 2343 1107 2412 τοὺς
1120 2344 1172 2425 μὲν
1190 2344 1446 2415 θεοτνεὺστους

79 2445 139 2510 κατ’
168 2448 296 2529 ἀνάγκην
319 2446 438 2528 pinsitur.
482 2444 541 2509 fuit
570 2444 693 2509 scilicet
719 2445 931 2528 θεοτέμττους,
958 2445 1043 2527 quod
1072 2465 1145 2510 sero
1173 2445 1371 2512 int-ellectum
1398 2454 1447 2513 est

78 2546 365 2632 aWyttenbaehio
381 2546 414 2611 in
430 2546 536 2613 indice
552 2547 757 2612 Plutaroheo.
791 2547 817 2610 si
837 2546 998 2613 Galenum
1021 2546 1225 2630 inspexisset,
1248 2546 1351 2630 ipsum
1366 2549 1446 2613 illud

80 2651 286 2731 λλσοτέμττους
318 2649 508 2715 inventurus
541 2655 621 2714 erat.
672 2648 768 2713 simili
801 2648 915 2715 fraude
949 2671 1062 2716 versus
1093 2651 1153 2714 121
1187 2649 1394 2733 Pbocylideis
1426 2671 1443 2715 a

78 2750 272 2835 Byzantinis
299 2751 440 2817 insertus
469 2759 533 2833 est,
563 2750 616 2815 ubi
645 2770 707 2814 vor
739 2750 795 2815 illa
824 2771 919 2816 sacra
946 2750 977 2838 {2
1000 2752 1081 2817 Tim.
1104 2753 1123 2815 :l
1151 2748 1192 2835 lul
1220 2751 1243 2816 1.
1269 2753 1446 2838 Beruaysio

77 2852 341 2936 interpolationis
380 2852 536 2934 originem
573 2852 745 2918 manifesto
779 2855 915 2936 aperuit.
970 2855 1109 2937 denique
1138 2855 1261 2919 V‘lssl
1296 2856 1447 2937 vulgatur

77 2956 200 3020 lemma
228 2955 351 3020 Πλάτων
378 2954 585 3041 Ἐμπεδοκλῆς.
636 2976 748 3022 verum
776 2964 825 3023 est
860 2957 980 3020 ΙΙλοὶτων
1007 2957 1107 3041 Θαλῆς
1132 2955 1219 3038 quod
1246 2977 1311 3021 non
1341 2958 1444 3022 solum

77 3059 254 3142 Stobaeus,
276 3058 447 3125 sedetiam
464 3058 609 3124 Galenus
627 3057 736 3122 tradit.
765 3059 946 3140 adgnosces
961 3066 1070 3126 autem
1085 3060 1200 3125 iterum
1224 3058 1387 3124 librarium
1405 3080 1445 3125 ex

77 3160 276 3227 oblitteratis
298 3160 413 3226 litteris
435 3159 640 3226 ariolantsm.

164 3262 257 3330 Haec
272 3263 342 3329 eius
357 3261 559 3347 praestantia
577 3262 610 3327 iu
625 3262 761 3345 singulis
776 3262 919 3329 vocibus.
955 3264 1038 3330 idem
1055 3264 1108 3329 vel
1123 3262 1256 3345 integris
1271 3264 1446 3329 enuntiatis

76 3365 253 3448 eopiosior.
300 3364 432 3431 sedhic
455 3384 529 3429 eum
552 3365 691 3431 maxime
714 3365 907 3432 cavebimus.
953 3387 1027 3431 nam
1055 3375 1088 3431 et
1116 3386 1201 3430 nuno
1229 3373 1261 3430 et
1291 3365 1365 3431 olim
1393 3364 1446 3452 [de

76 3465 199 3532 Galeni
222 3465 297 3532 bist
314 3466 391 3550 pbil.
417 3487 448 3549 p.
466 3464 517 3552 15]
541 3473 639 3550 caput
654 3467 696 3530 68
718 3467 759 3532 de
779 3468 874 3532 lunae
890 3476 1014 3551 septem
1030 3467 1152 3550 formis,
1175 3487 1238 3549 quo
1253 3466 1309 3532 ille
1322 3469 1447 3532 auctior

77 3575 143 3650 est,
180 3589 315 3652 respuo,
344 3588 416 3633 cum
446 3575 479 3634 et
501 3569 605 3633 maius
635 3568 677 3632 sit
706 3588 802 3650 quam
829 3575 864 3632 ut
893 3589 911 3634 e
939 3569 1045 3634 medio
1073 3569 1239 3635 Plutarchi
1266 3568 1348 3634 libro
1377 3568 1447 3633 sine

77 3670 227 3753 vestigiis
247 3670 344 3738 facile
368 3670 510 3754 potuerit
530 3669 724 3737 intercidere
747 3677 780 3736 et
801 3677 867 3736 tarn
891 3692 910 3737 e
930 3671 1024 3736 trivio
1047 3672 1184 3755 petitum
1207 3679 1242 3736 ut
1263 3671 1445 3752 magistello

76 3774 145 3857 isti,
175 3793 272 3856 quem
296 3773 457 3839 Galeuum
487 3792 656 3854 vocamus,
686 3771 819 3839 aliunde
839 3774 930 3849 nullo
961 3774 1091 3857 negotio
1119 3792 1284 3840 arcessere
1313 3773 1445 3838 licuerit.

77 3875 293 3957 nequeenim
316 3873 349 3939 in
372 3873 560 3940 enchiridiis
582 3872 725 3940 crebrius
749 3875 918 3957 quicquam
942 3898 1037 3959 quam
1067 3877 1123 3941 ille
1151 3877 1193 3942 de
1216 3877 1314 3942 lunae
1341 3873 1447 3958 phasi-

79 3977 137 4042 bus
153 3978 281 4042 locus.¹
319 3976 400 4041 illud
415 3996 543 4059 quoque
565 3975 758 4041 dubitationi
781 3977 955 4043 obnoxium
978 3988 1027 4044 est
1049 3979 1135 4059 quod
1157 3999 1184 4043 c.
1202 3980 1243 4043 ll
1266 3977 1445 4042 Stoicorum

77 4079 243 4145 sententia
273 4084 468 4145 memoratur·
496 4080 522 4143 αἱ
546 4079 669 4142 Στωικοὶ
697 4084 748 4142 τοῦ
776 4080 907 4163 αἰῶερίου
929 4083 1018 4164 τυρὸς
1040 4080 1199 4164 ἀραιότητα
1221 4082 1365 4162 ἀνώτερον
1387 4084 1445 4141 τῶν

77 4185 250 4264 πλανητῶν,
282 4202 379 4265 qaam
409 4181 560 4247 omittunt
588 4181 781 4246 Plutarchus
809 4189 842 4246 et
873 4180 1042 4247 Stobaeus.
1092 4191 1263 4266 praeterea
1294 4186 1445 4262 corrupta

76 4293 149 4350 suut
171 4284 246 4350 sine
268 4282 367 4348 dubio
389 4282 500 4349 verba.
537 4281 691 4348 Corsinus
708 4282 890 4365 corrigebat
905 4286 1080 4367 μανῶτερον,
1103 4284 1243 4350 debebat
1259 4282 1444 4367 ρανωτέραν.

78 4407 176 4469 quate
200 4406 273 4451 eum
297 4385 331 4451 in
355 4384 625 4469 praecedentibus
654 4385 695 4450 sit
723 4386 779 4448 ὑπὸ
805 4387 854 4448 τὸν
884 4385 988 4470 αἰθέρα
1011 4388 1167 4473 κατωτέρω
1196 4392 1255 4450 τῶν
1282 4389 1446 4467 πλανητῶν,

76 4496 230 4572 sequatur
252 4491 345 4574 τυρὸς
368 4489 504 4552 σύστασιν
527 4489 634 4572 ἄστρου
658 4489 709 4570 μὲν
731 4488 908 4570 μανωτέραν,
931 4486 1069 4553 fortasse
1092 4509 1132 4553 ex
1148 4487 1246 4554 variis
1266 4486 1379 4552 horum
1403 4486 1447 4550 lo-

145 4680 151 4709 ¹
173 4683 205 4730 of.
232 4681 330 4729 Achill.
357 4681 389 4728 ad
415 4683 486 4730 Arat.
506 4698 531 4745 p.
548 4680 594 4730 141
617 4680 637 4729 C
658 4681 729 4738 Pet,
750 4679 830 4727 Cleur.
851 4677 926 4725 Alex.
950 4677 1044 4727 Strorn.
1067 4677 1103 4725 VI
1127 4673 1174 4726 153
1198 4677 1288 4740 pert
1307 4680 1375 4728 Pott.
1396 4679 1446 4738 (bio

77 4770 174 4819 Seleuci
193 4770 340 4818 arroteritae
360 4766 484 4828 all'ertur.)
509 4768 596 4818 Srlrol.
622 4770 694 4816 Aret.
713 4782 737 4829 p.
756 4763 802 4817 lul
822 4777 846 4815 et
865 4761 917 4814 ele
941 4764 1032 4814 Buble.
1062 4767 1180 4814 Suetonii
1205 4768 1295 4827 reliqu.
1322 4783 1344 4828 p.
1359 4763 1446 4815 trull.

78 4856 188 4905 Macrob.
213 4857 308 4906 Setun.
336 4857 407 4918 Seip.
426 4855 437 4904 1
458 4856 482 4912 e.
502 4854 543 4905 54.
578 4857 701 4904 Martiau.
729 4854 819 4917 Cuprll
848 4870 871 4917 p.
892 4850 985 4902 tlte.
1018 4852 1118 4900 Firmis.
1140 4853 1202 4901 Mat.
1217 4853 1254 4900 lv
1274 4854 1362 4914 praei,
1383 4854 1445 4900 Am·

76 4947 148 4994 mian.
169 4945 292 4995 Marcell.
314 4943 369 4990 XX
389 4941 412 4991 3.
443 4943 570 4990 Cloomrd.
591 4942 602 4990 1
622 4958 645 5006 p.
664 4940 719 4991 111.
