3442 5588
655 333 932 386 rnouneosmus
1407 333 1467 397 171

106 502 182 587 quis
204 499 433 586 Xenophanes
458 497 515 564 illa
534 499 620 565 Aeni
645 520 712 566 non
737 490 957 569 immemorem
988 522 1061 568 eum
1087 501 1254 586 scripsisse
1285 501 1471 585 contendat,

109 627 180 673 nou
202 624 389 690 repugnem.
412 608 447 667 at
469 600 555 684 quod
569 601 789 668 Metrodorum
809 602 973 671 Zenonem
995 605 1177 688 Diogenem
1199 607 1355 690 διαφόρους
1376 605 1471 691 ἀρχὰς

106 714 168 775 τῶν
190 711 268 775 ὅλον
290 702 492 791 perhibuisse
514 702 623 788 tradit,
645 702 767 769 fumum
789 704 874 773 fecit.
911 707 1010 791 quid?
1031 726 1212 773 cumnemo
1233 714 1379 774 veterum
1393 706 1470 790 quid

106 810 251 895 Diogeni
271 809 451 894 Smyrnaeo
474 807 643 893 placuerit,
666 807 806 893 sciverit,
828 814 906 874 tune
927 808 1167 876 Theodoretum
1188 807 1321 875 scivisse
1342 806 1472 874 credis?

107 914 190 981 mihi
211 932 290 979 vero
310 908 391 976 nihil
412 907 475 973 nisi
497 909 710 975 successionis
731 915 868 975 stemma
893 910 941 976 illi
968 916 1098 996 praesto
1124 910 1225 977 tuisse
1251 915 1388 993 certum,
1416 908 1471 975 ubi

106 1015 251 1101 Diogeni
279 1009 442 1095 legitimus
470 1015 519 1075 est
549 1017 627 1076 ante
653 1011 884 1078 Anaxarchum
904 1013 1005 1080 locus.
1049 1013 1138 1079 velut
1159 1012 1247 1097 apud
1270 1011 1472 1078 Clementem

106 1120 228 1187 Strom.
239 1119 256 1183 1
268 1118 311 1183 64
325 1135 357 1199 p.
367 1114 473 1180 acal).
496 1113 673 1181 succedunt
682 1114 819 1180 Eleatici
831 1114 1053 1199 Xenophanes
1064 1115 1277 1181 Parmenides
1287 1116 1375 1180 Zeno
1390 1114 1472 1180 Leu-

106 1222 224 1307 cippus
245 1216 451 1284 Democritus
471 1216 671 1299 Protagoras
685 1216 890 1283 Metrodorus
907 1215 1073 1299 Diogenes
1087 1216 1310 1283 Anaxarchus.
1342 1214 1472 1301 plenius

107 1322 209 1392 etism
230 1319 363 1388 Eusebii
386 1317 474 1403 quod
495 1317 562 1384 dixi
585 1318 812 1402 compendium
833 1318 940 1386 Nessa
961 1319 1045 1385 inter
1067 1321 1280 1402 Protagoram
1302 1324 1335 1384 et
1355 1319 1472 1384 Metro

106 1426 226 1492 dorum
240 1422 432 1508 interposito
447 1420 487 1488 cf.
503 1420 641 1488 Krische
656 1422 789 1490 Forsch.
804 1444 836 1508 p.
850 1421 921 1488 169.
947 1421 1089 1505 itemque
1103 1420 1198 1504 Diog.
1213 1421 1262 1486 IX
1276 1421 1319 1487 58
1329 1419 1471 1506 ’Audiup

105 1552 162 1615 χος
181 1525 373 1613 Ἀβδηρίτης.
406 1524 490 1594 οὖτος
512 1525 650 1609 διήκουσα
667 1525 818 1609 Διογένους
839 1529 891 1590 τοῦ
913 1523 1087 1607 Σμυρναίου,
1109 1526 1137 1587 ci
1160 1524 1193 1588 δὲ
1216 1521 1243 1610 [i
1258 1526 1274 1588 b
1289 1521 1333 1609 δὲ]
1356 1522 1471 1608 Μητρο

104 1634 205 1716 boipou
230 1633 283 1693 τοῦ
308 1626 385 1693 Χίου
402 1625 671 1712 ...Μητρόδωρον
697 1629 730 1691 cl
754 1627 870 1693 Νέσσου
891 1631 943 1691 τοῦ
966 1624 1053 1706 Χίου,
1076 1627 1103 1690 ol
1125 1627 1158 1690 δὲ
1179 1626 1362 1711 Δημοκρίτου
1384 1626 1470 1710 φασίν

107 1736 245 1799 ἀκοῦσαι.
279 1729 379 1814 paule
401 1728 497 1795 aliter
518 1727 722 1814 Epiphanius
742 1729 828 1796 inira
849 1750 881 1813 p.
897 1730 969 1794 176.

198 1832 324 1901 Similia
345 1833 533 1898 Irenaeus
556 1851 583 1897 c.
600 1832 690 1898 haer.
704 1832 738 1897 Π
753 1833 795 1898 14
816 1852 888 1898 oum
911 1831 1093 1897 christianis
1115 1829 1212 1896 sectis
1234 1829 1415 1914 composuit

196 1936 322 2002 11142
359 1935 492 1998 Thales
513 1935 634 2017 quidem
656 1936 795 2000 Milesius
816 1938 1030 1999 uniuersorum
1051 1934 1278 2017 generationem
1300 1943 1329 1997 et
1351 1933 1471 2010 initium

108 2060 226 2125 apum
247 2041 328 2103 dinit
350 2058 417 2103 esse
439 2083 497 2101 ...

191 2145 374 2208 Homerus
407 2149 509 2204 autern
540 2148 633 2220 poeta
660 2141 815 2205 Oceanum
846 2142 973 2206 deorum
1004 2142 1130 2223 yencsin
1156 2149 1185 2203 et
1210 2149 1339 2203 matrem
1367 2122 1471 2202 suesti

107 2247 332 2329 dopmmiuaoit
354 2290 411 2308 ...

196 2346 485 2413 Anauimander
507 2353 610 2407 autem
630 2345 688 2408 boc
709 2347 793 2427 quod
814 2349 993 2412 immensum
1022 2359 1067 2412 est
1088 2349 1223 2411 omnium
1249 2347 1370 2409 initium
1397 2343 1472 2406 ssd-

109 2454 184 2516 iceit
204 2450 395 2516 seminaliter
415 2447 531 2510 babens
552 2449 585 2509 in
606 2456 700 2510 semet
726 2450 796 2528 ipso
823 2453 957 2514 omnium
981 2452 1125 2533 genesin.-
1158 2470 1198 2513 eu
1223 2467 1283 2531 quo
1309 2449 1473 2535 immensos

106 2554 242 2618 mundos
264 2561 409 2617 constare
431 2552 477 2612 ait
499 2595 507 2612 .
526 2593 558 2612 ..

197 2656 453 2735 Anaxagoras
475 2662 576 2715 autem
597 2654 651 2735 qui
672 2663 701 2716 et
721 2656 829 2719 asnaa
843 2657 1076 2736 coqnominatus
1090 2665 1136 2719 est
1150 2656 1370 2736 dogmatisavit
1383 2655 1473 2735 [acta

106 2760 265 2823 animatia
287 2755 498 2821 ordientibus
521 2775 538 2817 e
560 2756 648 2819 caelo
669 2757 702 2818 in
725 2766 841 2821 terram
861 2757 1028 2821 seminibus
1050 2805 1108 2823 ...

196 2862 338 2926 amman
359 2868 460 2924 autem
479 2859 806 2940 etoacuumipsornm
827 2880 848 2924 a
870 2861 1081 2925 Democrito
1104 2871 1133 2925 et
1154 2863 1323 2944 Epicuro
1344 2881 1472 2924 sumen·

106 2978 157 3030 tes
178 2962 361 3049 [haeretici]
384 2963 505 3026 sibimet
524 2962 604 3042 ipsis
625 2971 811 3042 aptaverunt
837 2983 904 3028 cum
930 2965 979 3027 itti
1001 2966 1135 3045 primm
1157 2967 1283 3029 muttum
1302 2982 1473 3028 sermonem

104 3071 240 3151 fecerint
263 3067 302 3130 de
323 3086 424 3131 vacuo
439 3075 468 3128 et
484 3064 522 3127 de
539 3066 666 3127 atomis:
689 3084 818 3147 quorum
833 3067 963 3131 aiterum
979 3069 1100 3149 quidem
1115 3069 1190 3150 quid
1205 3087 1272 3132 esse
1285 3076 1473 3131 coracerunt

104 3173 242 3236 uberum
262 3189 337 3233 cero
360 3169 444 3250 quod
463 3186 527 3230 nan
548 3175 594 3229 cst
614 3169 924 3248 appellauerunt...
943 3172 1051 3251 .quod
1071 3181 1173 3234 antem
1195 3171 1302 3234 dieunt
1323 3170 1473 3250 imagines

106 3296 177 3341 esse
199 3276 275 3337 baec
296 3291 402 3335 eorum
424 3280 587 3351 quaesunt
602 3271 851 3351 manifestissime
871 3273 1082 3336 Democriti
1103 3282 1132 3337 ct
1153 3274 1325 3337 Platonis
1346 3281 1472 3335 senten-

104 3383 186 3443 tiam
209 3377 390 3440 meunt.
433 3374 675 3436 Democritus
703 3376 783 3436 enim
804 3376 924 3455 primus
946 3378 992 3439 ait
1011 3377 1126 3439 multas
1152 3387 1181 3439 et
1201 3379 1311 3440 carias
1338 3376 1379 3439 ab
1398 3378 1473 3439 uni-

104 3482 256 3547 versitate
276 3481 395 3560 piparas
417 3495 587 3558 expressas
609 3476 806 3540 descendisse
827 3480 860 3540 in
880 3479 961 3540 bunc
982 3479 1138 3543 mundum.

195 3584 306 3647 Plato
327 3599 402 3644 cero
423 3598 536 3642 rursus
557 3579 722 3642 materiam
744 3579 818 3642 dicit
840 3589 870 3643 et
891 3580 980 3643 deum
1004 3625 1061 3642 ...

196 3696 213 3748 4
242 3695 271 3748 et
290 3684 351 3747 boc
372 3691 474 3746 autem
496 3683 579 3764 qaod
601 3703 640 3744 cc
661 3682 800 3746 subiecta
825 3685 957 3746 materia
978 3682 1084 3746 dicunt
1110 3682 1332 3763 fabricatorem
1360 3684 1474 3764 [conse

107 3790 259 3854 mundum
281 3795 311 3850 et
331 3787 589 3866 Anaaaporas
611 3793 640 3846 et
661 3785 904 3865 Empedocles
926 3796 954 3848 et
976 3787 1081 3850 l'iato
1102 3787 1195 3867 primi
1216 3792 1290 3849 anm
1309 3787 1365 3849 bos
1381 3787 1474 3850 dire-

105 3901 186 3957 runt
207 3937 215 3956 .
238 3938 246 3953 .
270 3937 278 3952 .

195 4002 212 4054 6
242 3992 325 4074 quod
346 4001 447 4054 autern
468 3991 564 4054 veiint
584 3993 616 4054 in
639 4011 783 4054 numeros
811 3992 983 4071 transferre
1010 3994 1188 4056 uniuersum
1208 3993 1267 4055 boc
1287 4010 1309 4054 a
1331 3991 1473 4074 Pytha-

104 4098 250 4179 goricis
272 4104 466 4175 acceperunt.
503 4096 636 4173 primum
658 4096 738 4157 enim
759 4097 790 4158 bi
812 4096 933 4158 initium
947 4097 1081 4158 omnium
1095 4115 1238 4159 numeros
1252 4095 1473 4158 substituerunt

107 4212 136 4264 et
160 4201 283 4263 initium
306 4200 444 4278 ipsorum
465 4215 575 4277 parem
597 4208 625 4259 et
646 4200 796 4277 imparem
818 4217 858 4260 ea
880 4198 992 4279 quibus
1020 4209 1048 4261 ct
1071 4218 1152 4280 quae
1176 4198 1338 4261 sensibilia
1363 4205 1392 4259 ct
1419 4198 1474 4258 in-

104 4309 327 4367 senatorum
349 4299 553 4362 subiecerunt.
588 4301 740 4363 etaltera
762 4301 884 4382 quidem
905 4301 1130 4364 substitutionis
1152 4302 1244 4364 initia
1267 4320 1350 4378 esse,
1373 4301 1474 4364 altera

105 4417 210 4472 autem
240 4405 429 4469 recusationis
456 4412 485 4464 et
513 4403 713 4466 substantiae.
735 4415 787 4466 'oc
815 4403 925 4486 quibam
945 4404 1056 4484 primis
1078 4406 1183 4468 omnia
1203 4406 1344 4487 pefecta
1367 4405 1473 4465 dicunt

105 4508 366 4594 quemadmodum
387 4515 522 4569 statuam
545 4507 583 4569 de
606 4517 782 4570 aeramento
805 4517 834 4570 et
857 4508 1131 4588 deformatione.
1157 4555 1163 4570 .
1189 4553 1197 4570 .

190 4610 416 4694 Pythagorei
438 4612 703 4692 quaternationem
724 4612 805 4674 velat
826 4611 952 4692 genesin
974 4618 1003 4673 et
1017 4620 1146 4674 matrem
1161 4610 1294 4672 omnium
1310 4619 1470 4673 enarrant.

190 4710 299 4777 Etiam
320 4711 449 4776 hancei
471 4712 562 4776 locus
576 4711 759 4778 Aristotehs
782 4731 949 4780 commone
971 4712 1059 4780 tacit.
1092 4729 1168 4778 nam
1191 4715 1321 4795 praeter
1336 4709 1472 4777 Thalem

100 4813 249 4880 Homero
283 4813 426 4880 iunctum
460 4813 559 4880 etiam
589 4814 794 4879 Democritus
823 4814 1007 4901 hletaphys.
1031 4816 1052 4880 l.
1072 4834 1100 4881 e.
1126 4835 1159 4899 p.
1174 4813 1295 4881 985ῢὸ
1326 4812 1472 4879 similiter

101 4923 274 4982 tractatur.
320 4915 379 4983 sed
406 4918 561 5005 pleraque
592 4916 742 5001 vulgaria
771 4923 847 4983 sunt
867 4924 998 5005 praeter
1019 4916 1253 4984 Anaximandri
1276 4914 1471 5003 opinionem,
