3442 5588
482 338 739 391 FRAGMENTUM
757 339 807 388 DF
826 336 1130 400 88Ν81Β11859-16
1424 334 1487 399 503

179 510 278 592 διόπερ
302 506 399 571 ἔλαιον
428 507 480 589 μέν
508 507 556 569 καὶ
585 507 662 590 ὕδωρ
688 505 722 569 οῦ
750 506 918 588 μίγνυσθαι,
951 506 987 567 τὰ
1020 506 1052 568 δὲ
1084 506 1159 569 ἄλλα
1194 505 1266 589 ὑγρὰ
1298 506 1346 568 καὶ
1373 506 1437 588 περὶ

177 612 254 674 όσων
276 612 312 694 δὴ
334 608 553 691 καταριθμεῖται
580 608 631 677 τὰς
658 607 731 677 ἰδίας
752 608 878 694 κράσεις.
918 608 995 670 ὥστε
1016 609 1110 671 πάντα
1134 632 1166 670 τε
1191 607 1364 691 αἰσθήσεται
1387 606 1435 669 καί

177 713 265 776 ταῦτδ
287 710 368 776 ἔσται
391 709 465 792 μῖξις
487 711 536 773 καί
557 708 693 793 αἴσθησις
715 710 763 774 καί
783 707 915 792 αὔξησις·
939 710 1103 793 πάνταγὰρ
1126 714 1205 772 ποιεῖ
1224 710 1263 791 τῇ
1276 709 1437 793 συμμετρίᾳ

177 817 236 876 τῶν
257 814 371 898 πόρων,
393 811 444 874 ἐὰν
467 813 508 896 μὴ
530 811 650 895 προσθή
674 834 737 875 τινα
765 812 914 895 διαφοράν.
1066 809 1166 875 ἔπειτα
1193 812 1223 874 ἐν
1255 812 1352 880 αὐτοῖς
1378 815 1438 880 τοῖς
1455 817 1487 872 13

149 915 322 1001 ιέμψόχοις
351 915 380 977 τί
406 916 515 996 μᾶλλον
547 913 720 997 αἰσθήσεται
750 913 784 975 τὸ
812 913 842 975 ἐν
868 913 913 996 τηῖ
942 911 1012 997 ίηίιρ
1039 917 1097 995 πῦρ
1125 912 1144 994 ip
1171 914 1204 975 τδ
1232 913 1330 989 ἐκτός,
1356 911 1437 996 εἰπερ

178 1017 399 1101 ἐναρμόττουσιν
422 1016 572 1099 ἀλλήλοις·
596 1014 720 1099 ὑπάρχει
742 1015 796 1099 γὰρ
818 1015 866 1077 καί
888 1016 907 1098 ἡ
931 1015 1092 1098 συμμετρία
1113 1014 1162 1076 καί
1183 1015 1217 1076 τδ
1240 1015 1349 1096 όμοιον.
1393 1013 1436 1078 έτι

175 1118 208 1180 δέ
235 1118 346 1202 ἀνάγκη
373 1118 513 1201 διαφοράν
539 1139 602 1180 τινα
631 1113 724 1200 ἔχειν,
750 1114 831 1201 εἰπερ
857 1116 928 1180 αὐτὸ
955 1116 1008 1196 μέν
1037 1117 1077 1199 μή
1106 1115 1222 1179 δύναται
1249 1120 1435 1200 συμπληροῦν

175 1220 242 1288 τοῦς
265 1220 437 1304 πόρους,τὸ
460 1216 485 1282 δ’
513 1216 622 1287 ἔξωθεν
644 1217 785 1282 ἐπεισιόν·
808 1217 924 1282 ὥστἐἰ
947 1219 1046 1300 ὁμοιον
1069 1217 1105 1301 ήν
1128 1219 1222 1299 πάντη
1245 1218 1293 1281 καί
1308 1221 1434 1296 πάντως,

175 1322 230 1384 οῦκ
252 1320 286 1384 ἀν
309 1320 345 1406 ήν
368 1319 514 1404 αἴσθησις.
558 1317 600 1382 ἔτι
623 1319 656 1382 δέ
677 1319 799 1405 πότερον
821 1323 848 1385 οί
869 1321 953 1405 πόροι
976 1319 1053 1382 κενοί
1076 1319 1095 1402 ή
1117 1321 1249 1402 πλήρειςγ
1271 1321 1297 1382 εἰ
1313 1321 1434 1405 μὲνγὰρ

136 1451 160 1489 ιο
177 1423 270 1500 κενοί,
297 1423 446 1507 συμβαίνει
468 1424 621 1506 διαφωνεῖν
650 1423 762 1508 έαυτηῖ,
793 1424 865 1507 φησί
893 1423 946 1507 γάρ
969 1423 1045 1491 tte:
1067 1420 1121 1484 οῦκ
1143 1419 1214 1483 εἰναι
1235 1421 1331 1485 κενόν·
1354 1422 1379 1484 εἰ
1402 1424 1435 1486 δέ

175 1527 308 1609 πλήρεις,
338 1524 383 1587 ἀεί
412 1521 446 1586 ἀν
473 1523 641 1587 αἰσθάνοιτο
666 1524 703 1586 τὰ
732 1524 808 1610 ζῷα·
836 1527 923 1609 δῆλον
949 1524 1003 1607 γὰρ
1031 1525 1071 1592 ὡς
1093 1521 1274 1605 ἐναρμόττει,
1301 1524 1434 1609 καθάπερ

173 1627 256 1711 φησί,
277 1628 311 1690 τδ
326 1627 437 1709 όμοιον.
587 1627 680 1689 καίτοι
701 1626 755 1690 κάν
777 1627 849 1691 αῦτδ
871 1625 957 1689 τοῦτό
979 1648 1021 1694 τις
1037 1625 1248 1708 διαπορήσειεν,
1271 1625 1297 1688 εἰ
1312 1627 1431 1690 δυνατόν
1453 1638 1484 1689 14

173 1728 234 1792 ἐστι
254 1731 415 1812 τηλικαῦτα
436 1727 547 1809 μεγέθη
569 1727 704 1809 γενέσθαι
725 1734 784 1792 τῶν
806 1730 988 1812 ἑτερογενῶν,
1016 1724 1085 1790 ὥστ’
1113 1726 1312 1809 ἐναρμόττειν,
1339 1726 1435 1797 ἄλλως

173 1852 205 1893 τε
226 1830 279 1893 κάν
304 1831 467 1915 συμβαίνῃ,
497 1829 631 1913 καθάπερ
653 1831 741 1914 φησί,
762 1831 814 1899 τὰς
837 1828 917 1915 ὄψεις
944 1830 985 1892 ὧν
1008 1829 1190 1912 ἀσύμμετρος
1212 1831 1232 1912 ἡ
1255 1833 1354 1914 κρῦισις
1383 1831 1433 1894 ὁτέ

134 1956 158 1993 ιι
177 1931 229 2011 μὲν
258 1931 315 1994 ῦπὸ
342 1936 393 1995 τοῦ
420 1932 526 2015 πυρός,
561 1931 611 1994 ὁτέ
637 1932 670 1995 ὁέ
697 1933 754 1996 ὁπδ
780 1937 832 1996 τοῦ
858 1931 944 2015 ἀέρος
971 1930 1214 2013 ἐμπλαττομένων
1246 1936 1304 1994 τῶν
1336 1933 1435 2017 πόρων

173 2032 387 2117 ἀμαυροῦσθαι.
430 2033 456 2096 εἰ
478 2031 504 2095 δ’
532 2030 582 2095 οῦν
610 2033 671 2097 ἐστι
692 2036 741 2098 καί
762 2035 872 2098 τούτων
895 2032 1056 2116 συμμετρία
1084 2032 1131 2095 καί
1158 2033 1277 2115 πλήρεις
1299 2035 1326 2096 οἱ
1348 2034 1432 2118 πόροι

173 2137 232 2196 τῶν
254 2136 295 2218 μὴ
318 2140 479 2218 συγγενῶν,
500 2139 574 2212 πῶς,
598 2136 665 2199 ὁταν
688 2136 871 2220 αἰσθάνηται,
894 2136 942 2199 καὶ
964 2139 1021 2198 ποῦ
1042 2137 1133 2197 ταῦτα
1156 2133 1358 2219 ὁπείέρχεται;
1388 2138 1434 2199 δεῖ

172 2235 226 2317 γάρ
248 2257 311 2299 τινα
332 2237 490 2300 ἀποδοῦναι
514 2238 686 2322 μεταβολήν.
724 2240 800 2302 ὥστε
822 2240 937 2308 πάντως
959 2236 1023 2322 ἔχει
1045 2236 1211 2300 δυσκολίαν·
1235 2236 1255 2318 ἢ
1277 2236 1332 2320 γάρ
1351 2237 1432 2301 κενὸν

172 2335 282 2419 ἀνάγκη
309 2343 415 2415 ποιεῖν,
441 2338 461 2422 ἢ
484 2339 530 2402 ἀεί
551 2339 588 2402 τὰ
609 2341 674 2425 ίηῖα
695 2340 886 2405 αἰσθάνεσθαι
913 2341 1044 2416 πάντων,
1070 2338 1090 2422 ἢ
1112 2339 1145 2400 τδ
1169 2338 1210 2420 μὴ
1233 2339 1364 2420 συγγενὲς
1385 2341 1432 2423 άμ

133 2462 157 2501 νο
175 2437 288 2518 μάττειν
310 2439 345 2503 οῦ
366 2445 467 2503 ποιοῦν
488 2439 625 2523 αἴσθησιν
654 2439 715 2506 οὐδ’
744 2441 813 2527 ἔχον
842 2443 1004 2527 μεταβολήν
1031 2441 1138 2504 οἰκείαν
1165 2444 1224 2509 τοῖς
1251 2440 1431 2522 ἐμποιοῦσιν.

175 2535 217 2601 ἐτι
239 2540 272 2603 δέ
294 2541 319 2603 εἰ
341 2542 390 2605 καὶ
413 2543 455 2626 μή
478 2542 647 2626 ἐναρμόττοι
669 2545 702 2606 τδ
725 2545 838 2626 ὅμοιον,
867 2544 942 2608 ἀλλὰ
969 2543 1055 2626 μόνον
1079 2542 1213 2621 ἀπτοιτο,
1239 2539 1308 2606 καθ’
1337 2543 1431 2605 ὁτιοῦν
1452 2551 1483 2605 15

173 2637 291 2724 εὔλογον
313 2640 449 2726 αἴσθησιν
471 2645 617 2727 γίνεσθαι·
644 2647 722 2709 δυοῖν
744 2645 798 2730 γὰρ
819 2647 931 2710 τούτοιν
953 2645 1113 2710 ἀποδίδωσι
1135 2647 1187 2729 τήν
1209 2649 1314 2728 γνῶσιν
1336 2649 1379 2729 τῷ
1402 2667 1434 2707 τε

171 2743 266 2829 ὁμοίῳ
288 2745 337 2808 καί
358 2745 397 2827 τῇ
419 2746 495 2830 ἁφή,
518 2749 562 2810 διὸ
585 2748 635 2811 καί
656 2749 690 2810 τδ
714 2747 926 2832 ’ἁρμόττειά
954 2747 1081 2832 εἴρηκεν·
1111 2745 1183 2812 ὥστ’
1211 2747 1292 2810 εἰτὸ
1314 2744 1432 2810 ἔλαττον

173 2845 278 2930 ἅψαιτο
300 2850 358 2909 τῶν
381 2848 535 2928 μειζόνων,
563 2849 609 2933 είη
637 2849 671 2913 ἀν
699 2848 844 2934 αἴσθησις.
890 2852 966 2921 ὅλως
994 2875 1026 2914 τε
1054 2851 1129 2914 κατά
1154 2849 1321 2933 γε’ἐκεῖνον
1349 2850 1432 2934 ἀφαι·

130 2976 156 3014 τι
174 2954 264 3033 ρεῖται
286 2949 334 3012 καί
355 2949 389 3012 τὸ
412 2950 528 3032 ὁμοιον,
551 2952 626 3016 ἀλλὰ
648 2955 667 3036 ἡ
690 2953 850 3035 συμμετρία
872 2953 958 3036 μόνον
982 2954 1089 3018 ἱκανόν.
1125 2954 1173 3017 διά
1193 2957 1279 3015 τοῦτο
1300 2951 1354 3035 γὰρ
1377 2951 1430 3014 οῦκ

170 3051 365 3115 αἰσθάνεσθαί
386 3072 473 3135 φησιν
496 3053 646 3137 ἀλλήλων,
675 3055 719 3117 ότι
744 3055 811 3123 τοῦς
832 3054 940 3138 πόρους
967 3054 1167 3140 ἀσυμμέτρους
1196 3052 1327 3138 ἔχουσιν·
1354 3054 1380 3116 εἰ
1402 3052 1427 3117 δ’

171 3153 270 3234 ὅμοιον
293 3154 312 3236 ή
336 3154 471 3236 ἀνόμοιον
494 3155 527 3218 τὸ
550 3156 702 3240 ἀπορρέον,
726 3155 809 3220 οῦδέν
831 3154 873 3219 ἔτι
900 3160 1132 3241 προσαφώρισεν.
1177 3158 1253 3220 ὥστε
1279 3157 1299 3238 ή
1328 3155 1362 3219 οῦ
1388 3157 1432 3240 :qi

170 3254 264 3339 ὁμοίῳ
291 3257 311 3338 ή
337 3253 473 3339 αἴσθησις
501 3256 520 3339 ή
549 3257 583 3320 οῦ
613 3259 662 3320 διά
687 3280 751 3322 τινα
777 3258 973 3342 ἀσυμμετρίαν
995 3259 1029 3323 οῦ
1054 3259 1211 3342 κρίνουσιν,
1238 3260 1352 3326 ἁπάσας
1379 3255 1431 3340 <’>

174 3358 284 3439 ἀνάγκη
307 3355 358 3426 τάτ
380 3357 532 3442 αἰσθήσεις
554 3358 602 3422 καί
625 3360 719 3423 πάντα
739 3359 777 3422 τὰ
798 3359 925 3442 αἰσθητὰ
947 3361 999 3444 τὴν
1023 3360 1114 3444 αὐτὴν
1138 3359 1217 3445 ἔχειν
1240 3360 1336 3444 φύσιν.

131 3485 156 3524 ιο
260 3458 334 3522 ἀλλὰ
367 3461 424 3543 μήν
457 3459 526 3524 οῦδὲ
559 3461 610 3545 τἠν
644 3462 751 3545 ἡδονήν
782 3462 831 3525 καί
860 3463 954 3546 λύπην
986 3462 1225 3546 ὁμολογουμένως
1258 3461 1433 3526 ἀποδίδωσιν
1450 3472 1480 3524 16

168 3560 292 3643 ἥδεσθαι
326 3562 377 3644 μὲν
412 3566 504 3625 ποιῶν
532 3566 603 3648 τοῖς,
619 3563 744 3645 ὁμοίοις,
775 3564 930 3628 λυπεῖσθαι
963 3565 996 3627 δέ
1028 3570 1089 3634 τοῖς
1121 3565 1270 3633 ἐναντίοις·
1303 3560 1424 3647 (ἐχθράί

826 3709 1026 3718 ———-....-

119 3781 131 3832 l
159 3778 240 3832 ίλαιον
259 3786 285 3834 in
304 3800 367 3848 ποτε.
391 3786 493 3834 iteravit
514 3800 565 3834 sec.
584 3785 605 3835 P
626 3780 639 3849 Η
659 3782 703 3834 καί
720 3783 775 3852 περὶ
827 3792 928 3848 poetam
948 3786 1021 3835 decet
1043 3788 1074 3836 cf.
1097 3788 1164 3837 inire
1184 3805 1209 3836 v.
1223 3785 1254 3836 21
1282 3786 1322 3835 vel
1346 3786 1481 3835 Platonem

117 3863 185 3918 ὅσων
196 3884 250 3920 non
264 3880 351 3933 teugo.
369 3870 413 3922 καί
431 3870 512 3921 πάντα
524 3870 580 3937 περὶ
600 3873 703 3922 volebat
714 3873 775 3923 Phi·
827 3870 932 3920 Menon.
953 3888 978 3936 p.
988 3871 1045 3923 t6c
1058 3869 1071 3938 Η
1084 3870 1186 3939 *ἰθίγον
1205 3890 1237 3923 ex
1254 3871 1322 3941 έχων
1341 3883 1368 3923 ut
1380 3873 1482 3922 videtur

117 3956 219 4021 iippson
241 3952 254 4022 Η
274 3954 354 4012 drot:
368 3973 445 4022 super
463 3974 529 4008 vere.
549 3960 608 4008 edd.
627 3976 665 4023 pr.
684 3961 705 4010 F
726 3957 740 4026 Η
759 3960 775 4011 'i
829 3966 971 4006 correctum
990 3955 1039 4022 ΙίΗ
1056 3956 1089 4008 θί
1109 3957 1251 4026 ἐναρμόττει
1269 3963 1326 4011 PF:
1346 3959 1479 4010 corr.Ste·

116 4039 144 4092 δί
167 4042 211 4093 καί
239 4044 372 4094 Osmotins
396 4040 410 4109 Η
437 4042 469 4094 10
493 4042 575 4113 ἐαυτῷ
605 4046 775 4112 subpallidam
828 4043 927 4106 phanus
943 4042 956 4108 Η
971 4041 1001 4095 θ]
1021 4041 1118 4095 ὁποιοῦν
1135 4047 1156 4095 F
1176 4042 1190 4111 Η
1212 4044 1245 4096 22
1262 4045 1333 4096 τότε
1352 4061 1428 4096 rescr.
1447 4047 1480 4095 F:

117 4130 138 4178 F
166 4125 180 4193 Η
207 4128 239 4180 12
258 4129 338 4181 καίτοι
360 4133 395 4181 Ρτ
418 4130 462 4180 καί
484 4135 510 4180 τῖ
532 4133 553 4182 F
578 4128 591 4198 Η
619 4131 650 4184 13
668 4128 776 4199 γίνεσθαι
828 4127 1167 4198 οοττ.εοε.1ἰΙΙῖ3ευυρίυοτ
1177 4131 1302 4181 καὶτοῦτο
1312 4134 1351 4181 vel
1363 4131 1480 4182 καίτότι.

117 4216 259 4267 Schneider
278 4213 291 4283 Η
311 4221 363 4267 τῶν
380 4219 414 4267 F:
434 4220 525 4269 om.P
551 4215 565 4284 Η
592 4218 624 4269 14
647 4215 696 4269 κάν
713 4232 774 4285 συμ·
827 4231 887 4266 nam
896 4219 1016 4282 proprius
1025 4234 1085 4269 usus
1096 4220 1166 4269 verbi
1177 4217 1306 4287 ἁρμόττειν
1319 4221 1351 4268 ab
1361 4220 1411 4268 hoc
1421 4221 1480 4269 loco

118 4300 191 4371 βαίνῃ
204 4303 357 4355 Schneider:
377 4303 421 4354 καὶ
434 4302 573 4372 συμβαίνειι
593 4303 636 4355 καί
649 4301 776 4372 συμβαίνει
827 4299 1160 4370 σίῖευυεΗῶτἸίΗἋὸλως
1169 4308 1257 4357 rtPF:
1267 4302 1334 4362 όλως
1343 4303 1480 4356 δίὃυίιυεί-

117 4392 245 4441 Wimmer
262 4386 276 4456 Η
295 4387 356 4457 φασί
373 4391 430 4441 PF:
450 4408 515 4442 corr.
534 4392 679 4443 Schneider
701 4387 714 4458 Η
742 4390 776 4442 14
827 4389 874 4439 der
892 4383 906 4455 Η
926 4388 1059 4459 ἀναιρεῖται
1083 4395 1149 4443 coni.
1168 4392 1311 4444 Schneider
1330 4390 1343 4458 Η
1364 4390 1398 4443 25
1417 4390 1480 4460 μόνη

118 4473 273 4545 ἀσόμμετρος
295 4476 312 4545 ή
336 4479 370 4528 Ρτ
396 4475 411 4545 h
431 4476 569 4548 σὸμμετρος
587 4478 603 4547 ή
622 4495 697 4529 rcecr.
719 4480 740 4530 F
759 4475 774 4545 Η
827 4474 901 4544 ἱκανή
933 4479 1000 4528 coni.
1023 4477 1164 4529 Schneider
1191 4488 1218 4528 st
1241 4481 1272 4529 cf.
1294 4481 1348 4528 ind.
1373 4482 1480 4529 Aristot.

117 4560 160 4614 ὁτί
173 4565 207 4614 Ρι
227 4560 301 4615 dus
320 4567 431 4628 itemque
447 4566 478 4617 15
498 4562 512 4631 Η
535 4566 565 4617 17
584 4569 636 4616 τῶν
654 4563 699 4631 μὲν
717 4567 774 4616 PF:
827 4583 851 4629 ρ.
865 4563 984 4617 484151.
998 4563 1031 4616 59
1052 4562 1065 4629 Η
1085 4561 1120 4618 θό
1138 4561 1279 4616 αἰσθάνεται
1296 4567 1355 4617 PF:
1379 4573 1480 4617 correxi

118 4665 185 4700 corr.
203 4650 346 4701 Schneider
365 4647 379 4716 ΙΙ
403 4652 434 4704 18
457 4650 522 4721 ἐχειν
544 4654 600 4704 PF:
625 4668 693 4702 corr.
716 4652 774 4703 Ste·
827 4654 857 4702 cf.
891 4651 948 4714 57.
982 4647 1140 4703 αἰσθάνονται
1172 4653 1316 4719 Stephanus
1345 4650 1359 4720 Η
1390 4652 1424 4705 28
1451 4651 1480 4703 οῦ

117 4739 217 4802 phanus
242 4733 256 4802 Η
279 4738 309 4790 19
328 4736 458 4806 ἁρμόττειν
480 4740 538 4789 PF:
566 4742 682 4803 suspicor
706 4740 775 4790 huuc
826 4737 949 4806 κρίνουσιν
968 4741 1024 4790 PF:
1051 4756 1117 4789 corr.
1140 4739 1282 4791 Schneider
1301 4739 1313 4801 Η
1335 4737 1359 4790 τ’
1380 4741 1481 4790 addidit

117 4825 168 4874 sibi
180 4827 323 4876 constitisse
335 4830 485 4892 scriptorem
496 4822 652 4893 ἐναρμόττειν
664 4835 692 4876 ut
704 4845 729 4877 ν.
742 4826 772 4877 11
826 4829 927 4879 Usener
941 4823 955 4893 Η
970 4826 1004 4878 30
1018 4823 1208 4894 ὁμολογομένως
1221 4828 1241 4876 F
1253 4823 1267 4893 Η
1281 4824 1360 4896 ἐχθρὰ
1372 4831 1408 4878 sic
1421 4829 1442 4878 P
1455 4838 1481 4877 et

117 4921 144 4961 et
155 4909 187 4963 21
208 4922 372 4978 usurpantem
386 4915 417 4963 cs.
430 4914 464 4963 sd
476 4912 489 4976 ξ
501 4913 524 4964 θ.
543 4915 652 4978 simplex
668 4915 773 4964 verbum
826 4917 974 4979 rescriptum
984 4915 1016 4963 F:
1036 4910 1114 4981 ἔχθεα
1124 4915 1195 4965 Cam.
1206 4917 1237 4964 cs.
1249 4916 1356 4980 Emped.
1369 4934 1411 4966 νν.
1419 4912 1479 4966 331.
