3442 5588
154 313 196 375 36
439 317 452 365 Ι
487 316 536 366 DE
557 314 823 368 PLUTARCHEAE
843 301 1030 367 EPITOMus
1050 318 1221 369 MEMORIA

237 482 413 547 Alterius
436 483 576 548 classis

153 593 227 652 6661
250 585 321 649 libri
346 587 512 671 complura
535 586 699 651 Plutarchi
723 591 842 674 scripta
864 587 1000 654 moralia
1022 587 1197 670 complexi,
1226 607 1361 670 quorum
1391 588 1514 656 161661

152 687 391 753 vicissitudines
412 708 617 771 nequaquam
640 690 718 754 satis
741 693 911 773 explorata
932 697 1016 756 sunt.
1062 696 1189 755 constat
1216 695 1325 756 tamen
1352 692 1450 759 etiam
1471 693 1513 760 de

152 789 299 873 Placitis,
322 790 409 873 6661
439 789 481 856 Μ.
509 792 593 856 Γ1666
616 788 668 877 [16
699 791 789 857 codd.
818 814 883 858 non
911 792 1007 857 nullis
1034 790 1169 857 Parisin.
1197 792 1281 858 Plut.
1308 792 1388 860 Mor.
1417 795 1513 861 lauer

153 892 234 957 1871
264 914 295 976 p.
323 889 375 979 12]
409 892 491 957 dixit
513 893 646 957 futuro
669 894 875 958 Moralium
903 893 1042 960 editori
1074 895 1193 959 multo
1225 894 1348 976 magis
1382 917 1511 962 eorum

151 993 390 1076 singulorum
414 994 588 1061 codicum
611 996 674 1078 qui
698 1017 810 1061 unum
840 997 902 1062 vel
931 1015 1054 1080 pauca
1075 1002 1222 1061 tantum
1245 997 1411 1065 Moralia
1433 1006 1512 1065 tra·

151 1098 262 1181 dunt,
290 1097 485 1163 rationem
512 1096 728 1164 hahendam
756 1117 982 1181 essequam
1013 1118 1145 1163 eorum
1172 1098 1236 1181 qui
1271 1099 1439 1183 plurima
1470 1102 1511 1166 in

151 1220 266 1264 unum
303 1218 440 1282 corpus
478 1198 713 1281 redegerint.
768 1220 873 1283 neque
908 1199 1013 1265 minus
1050 1207 1177 1266 constat
1212 1199 1246 1264 in
1281 1202 1511 1268 vetustioribus

150 1301 328 1368 ethicorum
358 1300 493 1385 syllogis
509 1300 533 1384 ¹,
567 1321 700 1384 quarum
729 1303 807 1367 ordo
839 1302 995 1385 originem
1026 1310 1115 1367 trans
1145 1302 1348 1369 millesimum
1380 1326 1411 1388 p.
1435 1303 1510 1371 Chr.

150 1424 271 1470 annum
295 1404 403 1487 hahet,
427 1401 621 1468 Placitorum
645 1406 749 1469 locum
771 1403 872 1471 luisse
893 1404 1026 1470 nullum.
1071 1404 1169 1470 immo
1192 1425 1264 1470 cum
1293 1425 1438 1472 seorsum
1458 1426 1513 1473 va·

151 1514 319 1591 gerentur,
352 1526 424 1572 sero
455 1504 488 1568 in
512 1505 690 1593 pleniorem
716 1513 842 1572 coetum
869 1505 968 1590 recipi
991 1513 1106 1590 coepta
1129 1514 1214 1573 sunt.
1257 1507 1460 1592 Musquensis
1482 1511 1511 1575 A

150 1611 272 1695 primus
294 1609 425 1692 recepit,
448 1607 506 1673 sed
528 1614 604 1673 tunc
626 1609 723 1674 solus.
758 1610 889 1674 saeculo
910 1609 991 1674 XIII
1014 1628 1085 1674 cum
1105 1609 1353 1694 prudentissimo
1376 1611 1511 1678 consilio

147 1719 204 1778 661
225 1711 417 1777 Planudes
437 1716 494 1775 aut
515 1711 660 1792 aequalis
676 1712 745 1777 eius
760 1710 1008 1795 grandissimum
1023 1712 1290 1779 Plutarcheorum
1306 1733 1423 1798 corpus
1438 1735 1511 1780 con·

148 1815 240 1882 deret
263 1813 313 1902 [ci.
336 1815 421 1879 Γ1166
445 1833 501 1876 666
522 1811 708 1894 geschichte
731 1813 789 1880 der
810 1812 975 1880 ueherlief.
997 1835 1029 1880 v.
1053 1816 1137 1881 Plut.
1152 1816 1265 1882 Moral.
1287 1815 1511 1899 Waldenhurg

150 1918 230 1982 1877
255 1939 285 2001 p.
301 1914 356 2003 X],
378 1914 504 1980 Placita
526 1934 565 1980 ec
586 1914 698 1980 ordine
713 1934 817 1998 eaque
831 1914 935 1980 forma
950 1916 1095 2001 inseruit,
1118 1938 1214 2001 quam
1229 1918 1511 2002 omnes-deinceps

147 2019 302 2102 vulgati
325 2018 453 2084 codices
476 2017 577 2083 secuti
600 2024 685 2083 sunt.
728 2017 810 2083 haec
833 2017 929 2101 igitur
951 2026 1001 2085 est
1022 2021 1150 2086 altera
1172 2018 1294 2086 elassis.
1392 2094 1401 2109 ι

232 2119 435 2186 Planudei
458 2119 602 2202 corporis
625 2119 689 2183 duo
712 2125 824 2185 extant
846 2120 1047 2205 apographa,
1069 2123 1111 2188 de
1133 2142 1266 2205 quorum
1288 2121 1511 2189 vicissitudine

146 2242 184 2288 ac
212 2223 413 2309 praestantia
441 2224 540 2303 longa
568 2220 629 2285 luit
655 2220 828 2287 contentio.
862 2222 946 2288 alter
975 2225 1047 2295 cod.
1071 2223 1237 2289 Parisinus
1261 2225 1341 2289 1671
1370 2225 1510 2310 66616166

145 2344 232 2390 6666
257 2327 339 2391 1296
366 2325 409 2411 (Α
429 2323 600 2406 insignitus
622 2343 643 2388 a
666 2321 946 2409 Wyttenhachio),
968 2326 1051 2392 alter
1074 2325 1175 2391 Paris.
1201 2324 1509 2412 1672111161166-

145 2427 267 2513 bachii)
299 2427 395 2512 paulo
426 2426 540 2492 iunior.
586 2424 854 2510 Wyttenhachius
880 2426 965 2492 enim
988 2429 1016 2493 E
1038 2427 1129 2494 661
1158 2427 1352 2512 exscriptum
1380 2428 1509 2496 dixerat

144 2532 203 2597 sed
223 2531 270 2596 116
285 2530 480 2614 exscriptum
503 2536 538 2594 ut
559 2529 739 2595 vetustiora
759 2528 991 2596 adhiberentur
1014 2531 1173 2614 exempla.
1207 2538 1321 2595 contra
1343 2532 1427 2597 Treu
1454 2529 1509 2618 [de

145 2634 248 2700 codic.
271 2631 436 2710 nonnullis
462 2631 599 2696 Parisin.
621 2630 718 2696 Iauer
740 2631 820 2697 1871
844 2654 875 2715 p.
894 2629 989 2717 11]A
1010 2633 1234 2716 apographum
1260 2632 1379 2699 codicis
1393 2635 1422 2699 Ε
1438 2654 1510 2718 per·

144 2736 301 2802 hihuerat.
346 2732 433 2816 quod
457 2741 626 2815 utrumque
653 2732 770 2797 falsum
794 2740 853 2799 est.
896 2752 971 2798 nam
999 2735 1085 2817 6661
1112 2735 1183 2819 1666
1212 2736 1298 2800 Trea
1325 2742 1441 2819 postea
1467 2732 1506 2821 [a.

144 2838 251 2922 gesch.
275 2838 307 2902 d.
331 2836 450 2903 ueberl.
474 2857 505 2920 p.
523 2836 598 2901 VIII
610 2834 691 2922 sqq.]
713 2835 883 2920 intellexit,
906 2843 1040 2919 uterque
1062 2838 1165 2903 codex
1188 2857 1229 2904 ex
1250 2836 1367 2903 ecdem
1388 2837 1507 2902 Planu-

144 2942 205 3008 dec
221 2941 370 3023 exemplo
386 2940 568 3023 descriptus
583 2945 642 3022 est,
662 2938 720 3004 sed
735 2938 781 3003 ita
796 2945 830 3003 61
845 2939 960 3004 1661661
976 2940 1004 3005 Ε
1020 2939 1100 3006 fides
1115 2941 1218 3006 maior
1232 2939 1274 3005 sit
1288 2938 1506 3004 attribuenda.

145 3044 233 3127 6661
248 3049 417 3108 senserunt
432 3041 669 3124 quodammodo
685 3039 739 3122 661
754 3041 875 3124 primas
890 3041 937 3105 illi
952 3041 1093 3109 tribuere
1107 3039 1323 3108 Dnehnerus'
1338 3040 1504 3106 Plutarchi

141 3146 246 3213 editor
275 3152 307 3211 61
334 3144 369 3208 Β.
392 3144 567 3210 Muellerus
594 3142 647 3226 661
675 3142 818 3208 libellum
847 3145 888 3209 de
915 3143 1043 3210 animae
1068 3144 1101 3209 in
1123 3144 1257 3209 Timaeo
1280 3143 1506 3227 procreatione

140 3247 279 3315 restituit
306 3244 469 3332 [Plutarch
498 3246 596 3312 ueher
623 3246 675 3311 die
702 3244 1365 3332 666166666661Β6661.1879626661.
1403 3264 1504 3328 quare

140 3358 175 3417 ut
201 3351 312 3434 optimi
339 3350 473 3415 alterius
495 3349 608 3414 classis
630 3348 703 3414 libri
726 3349 872 3414 notitiam
895 3349 1075 3432 acciperem
1098 3368 1195 3431 quam
1217 3347 1503 3429 accuratissimam,

139 3453 182 3517 M.
204 3454 385 3518 Bonnctum
408 3451 485 3536 adii,
508 3459 543 3517 ut
564 3451 750 3517 conferendi
773 3451 917 3517 laborem
940 3452 1125 3535 susciperet.

88 3560 113 3625 O
223 3555 388 3620 Parisinus
403 3554 499 3637 igitur
517 3555 610 3637 1672,
634 3553 723 3619 66166
741 3552 991 3637 discrepantiam
1010 3551 1035 3616 (l
1054 3559 1198 3618 notatam
1218 3548 1393 3617 doctissimi
1416 3550 1503 3615 illius

139 3661 198 3727 viri
209 3659 347 3725 eximiae
355 3656 552 3722 accusationi
561 3663 730 3740 acceptam
739 3654 855 3739 refero,
864 3655 1097 3737 grandissimus
1109 3662 1159 3722 est
1171 3654 1253 3719 liber
1262 3651 1501 3739 [0,41><0,3o⁰]

137 3762 403 3828 membranaceus
422 3758 681 3842 splendidissime
696 3777 717 3821 a
732 3757 872 3839 quinque
892 3758 1012 3822 saeculi
1028 3759 1109 3823 XIII
1131 3756 1279 3824 exeuntis
1294 3757 1347 3821 vel
1363 3757 1442 3822 XIV
1456 3757 1502 3820 in-

137 3865 243 3931 euntis
270 3863 382 3928 scribis
410 3868 562 3927 exaratus
585 3858 682 3946 [Preu
711 3880 736 3924 x.
761 3859 869 3940 gesch.
893 3882 923 3943 p.
939 3859 1048 3946 Vsq.],
1079 3861 1218 3943 paginae
1239 3859 1387 3940 singulae
1409 3859 1501 3923 utin

137 3968 286 4050 exemplo
309 3964 477 4030 Planudeo
499 3962 681 4028 institutum
703 3961 802 4027 161666
824 3961 961 4046 videtur,
984 3961 1133 4027 hilariam
1155 3960 1291 4026 divisae.
1324 3960 1450 4026 Placita
1466 3960 1500 4024 in

208 4123 214 4152 ¹
234 4125 298 4172 tales
321 4131 381 4172 ante
400 4138 421 4171 s.
435 4122 502 4171 XIII
524 4132 660 4172 seruantur
683 4125 709 4171 in
733 4123 872 4171 Marcianis
894 4120 946 4173 249
964 4118 1150 4184 [61116250
1169 4117 1201 4181 [ι.
1215 4119 1263 4176 XI.
1282 4121 1360 4180 Trou,
1379 4121 1425 4171 der
1442 4135 1499 4183 sog.

134 4211 345 4276 Lampriascatal.
365 4226 388 4273 6.
402 4205 463 4269 45*,
486 4226 531 4259 zur
549 4212 634 4275 gesch.
653 4211 677 4259 d.
698 4209 792 4259 ueberl.
812 4227 836 4274 p.
850 4209 917 4259 XIII
934 4206 985 4271 sq.]
1008 4208 1134 4258 Parisinie
1156 4203 1222 4258 1955
1245 4205 1277 4269 [6.
1290 4206 1358 4271 XII]
1380 4216 1406 4256 61
1431 4204 1499 4258 1956

134 4296 167 4360 [6.
181 4296 232 4359 XI]
250 4313 315 4359 quos
334 4298 388 4359 ipse
407 4298 516 4360 inspexi,
535 4299 617 4347 Paris.
634 4294 700 4348 1957
719 4294 751 4357 [s.
766 4295 839 4358 XII].

203 4381 213 4413 ²
230 4382 385 4433 Duebnerus
403 4384 502 4433 Conti
523 4386 632 4435 hominis
646 4385 732 4448 graeci
745 4391 870 4447 apparatu
883 4398 943 4432 6666
955 4390 994 4432 661
1012 4384 1055 4445 661
1075 4396 1099 4432 6.
1113 4384 1138 4433 h.
1157 4399 1177 4433 6.
1190 4382 1389 4433 XXI-XXIII
1408 4381 1497 4431 labore

132 4474 229 4522 maiore
255 4487 332 4534 quam
351 4473 461 4520 utilitate
479 4472 516 4520 LI
535 4473 668 4521 Parisinus
688 4471 819 4522 Plutarchi
844 4472 944 4521 6611666
968 4470 1086 4519 excussit.
1124 4471 1242 4520 66616166
1260 4471 1376 4534 singulos
1395 4470 1498 4519 duobus

132 4559 306 4609 uoluminibus
330 4558 524 4623 comprehendit
546 4560 621 4607 tertio
645 4559 748 4619 addito,
773 4574 849 4621 quem
873 4557 1125 4621 compulsionem
1143 4565 1226 4619 vocat,
1246 4572 1297 4620 666
1316 4558 1443 4623 digestam
1462 4558 1497 4607 61

129 4648 233 4711 singula
250 4648 346 4710 scripta
364 4646 519 4708 farraginem
539 4645 676 4695 lectionum
689 4647 826 4708 congessit.
854 4644 949 4695 conti
967 4644 1165 4705 Plutarchus
1183 4644 1331 4694 conlatus
1349 4644 1366 4693 1.
1386 4644 1495 4708 quadr.

130 4751 155 4783 n.
169 4730 320 4785 396-398
343 4733 526 4796 supplementis
550 4732 720 4783 bibilothecae
744 4733 879 4782 Parisinae
902 4733 1012 4781 insertus
1033 4738 1080 4780 est.
1116 4732 1273 4781 Placitorum
1292 4731 1309 4780 l.
1327 4730 1392 4780 101
1411 4745 1496 4780 com·

129 4822 280 4886 pulsione
300 4820 455 4884 descriptum
474 4820 628 4870 Benedictus
647 4820 726 4869 Niese
749 4820 830 4868 amice
855 4819 916 4867 mihi
936 4818 1083 4881 speciminis
1102 4819 1183 4879 gratia
1203 4820 1279 4868 misit.
1316 4826 1494 4882 6666666616

81 4922 84 4927 ·
128 4908 202 4971 plura
221 4921 269 4969 ego
289 4922 340 4955 non
359 4907 512 4956 desideravi.
