3442 5588
179 285 200 350 8
465 289 477 338 Ι
513 289 563 339 DE
582 286 853 340 PLUTARCHEAE
872 278 1059 337 aelredus
1079 288 1250 339 MEMORIA

180 453 302 519 hiatum
319 462 457 521 testatur
472 456 587 522 Galeni
610 454 747 523 historia
768 454 974 542 philosopha,
997 476 1081 539 quae
1103 459 1218 525 eodem
1238 459 1345 543 capite
1367 459 1431 541 περὶ
1451 457 1540 539 trati-

180 579 253 628 σεως
276 560 375 623 caret.
409 559 546 625 eandem
568 558 809 626 accurationem
822 560 857 625 in
873 559 989 626 ceteris
1004 561 1165 645 excerptis
1179 561 1331 626 admirari
1348 562 1431 627 licet.
1465 579 1540 624 nam

181 679 274 725 rarae
304 667 378 725 sunt
405 683 463 745 pro
491 668 716 744 excerptorum
743 662 866 728 ambitu
891 662 1096 728 mutationes.
1140 662 1443 729 velutPlut.131
1468 667 1542 745 post

180 762 279 846 Θαλῆς
302 765 318 826 ὁ
341 761 485 848 Μιλήσιος
512 762 603 829 addit
628 763 669 833 εἷς
695 768 754 826 τῶν
781 766 855 829 ἑπτά
881 771 990 849 σοφῶν.
1035 784 1110 830 mox
1140 767 1307 850 ἀπεφήνατο
1335 770 1462 830 auctum
1493 769 1543 829 est

179 865 290 931 addito
313 866 385 930 εἶναι
407 866 613 949 capituloque
635 864 724 930 finito
747 867 869 932 claudit
890 872 981 931 ταῦτα
1004 868 1057 949 μὲν
1080 870 1095 932 ὁ
1119 867 1232 951 Θαλῆς,
1254 867 1295 933 de
1318 888 1382 951 qua
1404 866 1541 931 formula

178 966 399 1050 similibusque
421 967 487 1049 egit
508 967 547 1033 G.
563 967 749 1032 Dindoriius
771 968 872 1051 praei.
896 968 971 1034 edit.
988 970 1003 1033 Ι
1019 989 1084 1034 xrx.
1118 976 1298 1036 structurae
1319 971 1454 1036 formam
1477 988 1541 1032 mu·

178 1070 260 1134 tavit
282 1071 332 1135 13
351 1081 368 1132 4
390 1070 450 1134 οἷον
474 1073 492 1154 ἡ
515 1073 611 1156 ψυχή,
633 1072 732 1155 φησίν,
755 1072 773 1154 η
798 1072 925 1156 ἡμετέρα
946 1073 1003 1156 ἀὴρ
1026 1069 1099 1135 οὖσα
1122 1079 1274 1156 συγκρατεῖ
1304 1076 1390 1157 ημᾶς.
1436 1073 1543 1155 placet

179 1172 263 1237 enim
275 1171 416 1238 Eusebio
432 1173 492 1236 οἷον
506 1175 525 1257 η
542 1177 622 1259 ψυχή
636 1221 643 1237 .
657 1221 664 1236 .
678 1221 686 1237 .
700 1175 776 1258 ,ἀήρ
791 1173 851 1237 ἐστι
865 1176 1099 1258 ·συηαρατεῖηὰρ
1112 1177 1199 1258 ἡμᾶς.
1232 1175 1387 1240 audacius
1399 1172 1542 1240 eiusdem

179 1274 294 1359 capitis
316 1277 336 1359 ᾗ
355 1276 394 1340 18
420 1274 661 1340 transformavit
688 1275 720 1339 in
748 1275 852 1340 hunce
880 1276 1021 1340 modum:
1056 1277 1235 1362 ,Δημόκριτος
1261 1276 1286 1362 η’»
1311 1279 1383 1359 μετὰ
1410 1280 1541 1340 πλεῖστον

174 1376 342 1462 ’Ἐπίκουρος
365 1379 573 1462 ἠκολούθησεν.
619 1377 812 1442 Plutarchus
835 1378 982 1460 praebet:
1013 1377 1180 1462 Ἐπίκουρος
1208 1378 1370 1450 Νεοκλέους
1389 1379 1542 1462 ’,λθηναῖος

179 1480 253 1544 κατὰ
270 1481 448 1564 Δημόκριτον
464 1482 672 1566 φιλοσοφήσας.
708 1501 768 1545 nec
783 1480 886 1562 magis
903 1482 1009 1563 placet·
1020 1481 1106 1564 quod
1124 1482 1220 1564 paulo
1236 1481 1330 1566 inira,
1346 1482 1431 1565 quod
1446 1482 1542 1565 Δημὸ·

178 1606 272 1666 κριτος
296 1584 347 1664 μὲν
370 1583 423 1666 γὰρ
445 1582 514 1666 fuit,
531 1582 669 1648 variavit
690 1581 749 1647 ἀλλ’
779 1584 863 1664 ὁμὲν
885 1584 1074 1667 Δημόκριτος.
1110 1582 1268 1648 brevitate
1291 1590 1433 1667 praestat
1456 1585 1507 1648 Il
1529 1600 1538 1650 l

179 1689 194 1748 i
217 1686 326 1767 κόσμος
348 1686 574 1770 ἐσχημάτισται,
602 1685 688 1768 quod
715 1685 748 1749 in
771 1685 945 1750 Plutarcho
968 1685 1218 1770 ἐσχηματισμένος
1246 1687 1402 1770 συνέστηκε
1428 1706 1541 1770 parum

178 1787 346 1869 eleganter
361 1787 513 1870 scriptum
530 1793 588 1852 est.
623 1787 747 1852 leviora
769 1796 844 1851 sunt
865 1806 949 1869 quae
971 1787 1020 1851 li
1041 1796 1058 1848 8
1079 1787 1213 1852 novavit
1236 1790 1251 1851 i
1275 1789 1342 1858 θεός
1361 1788 1484 1852 ...ὅτε
1506 1787 1542 1871 ἦν

178 1889 299 1972 ἀκίνητα
322 1890 501 1971 τὰσώματα
524 1914 542 1973 η
567 1891 616 1953 ὅτε
638 1890 771 1959 ἀτάκτως
791 1889 925 1955 ἐκινεῖτο,
953 1887 1005 1952 ubi
1028 1889 1165 1953 alterum
1189 1891 1237 1953 ὅτε
1259 1889 1398 1971 addidit,
1424 1908 1466 1954 ne
1487 1890 1542 1952 ἐκι-

178 1999 253 2056 νεῖτο
275 1992 324 2056 ad
344 1992 440 2062 oleum
463 1992 650 2075 referretur,
674 2000 707 2057 et
732 1992 830 2076 paulo
853 1989 937 2055 inira
959 1991 1027 2053 οὐδὲ
1049 1993 1081 2052 τὸ
1104 1998 1218 2075 πρῶτον
1241 1991 1300 2056 ἔστι
1324 1993 1461 2060 δέξασθαι
1484 2011 1542 2075 pro

179 2093 372 2160 Plutarclreo
400 2096 448 2158 καλ
475 2092 542 2157 οὔτε
572 2096 604 2157 τὸ
633 2099 746 2178 πρῶτον
778 2097 839 2157 κτλ.
879 2092 1063 2175 ibidemque
1090 2099 1146 2164 πᾶς
1174 2097 1228 2180 γὰρ
1259 2096 1325 2165 θεός
1358 2116 1416 2178 pro
1444 2096 1459 2158 ὁ
1488 2094 1543 2176 γὰρ

179 2198 256 2266 θεός.
295 2197 488 2263 seutentiam
515 2195 709 2262 adulteravit
730 2195 786 2260 Π
815 2207 842 2257 ll
871 2216 943 2261 cum
970 2195 1098 2279 scripsit
1127 2195 1227 2280 Θαλῆς
1253 2200 1301 2260 τὸν
1335 2198 1444 2280 κόσμον
1470 2195 1543 2259 εἶναι

178 2300 327 2363 τὸνθεόν.
372 2306 460 2365 recte
484 2298 677 2364 Plutarchus
707 2298 741 2362 Θ.
765 2303 831 2361 νοῦν
853 2303 904 2362 τοῦ
931 2299 1043 2381 κόσμου
1070 2301 1118 2362 τὸν
1142 2300 1219 2363 θεόν.
1266 2318 1543 2383 supervacaneum

178 2410 265 2469 certe
288 2402 367 2467 illud
386 2402 472 2485 quod
494 2403 632 2466 112012
655 2407 728 2485 post
743 2402 889 2470 Φιλόλαος
912 2403 927 2465 ὁ
949 2401 1145 2486 Πυθαγόρειος
1169 2404 1305 2487 ὑαλοειδῆ
1329 2400 1383 2489 [sc.
1400 2402 1471 2465 εἶναι
1494 2403 1543 2465 τὸν

178 2502 270 2591 ἥλιον]
294 2505 385 2570 addit
407 2505 515 2573 δίσκον,
538 2523 732 2587 quamquam
755 2523 820 2568 non
842 2503 985 2587 defuere,
1007 2503 1062 2587 qui
1085 2504 1180 2570 aride
1202 2505 1392 2588 arriperent.
1431 2510 1545 2569 contra

177 2608 297 2674 ibidem
319 2618 333 2681 ξ
358 2616 387 2669 13
410 2609 514 2671 ἑαυτοῦ
545 2606 651 2672 omisit
672 2613 709 2690 τῇ
733 2609 886 2690 ἀνταυγείᾳ
908 2605 941 2669 iu
964 2611 1016 2691 τῆς
1036 2607 1203 2689 ἀνταυγείας
1228 2614 1382 2689 correcto,
1404 2606 1542 2671 invicem

179 2709 223 2775 ad
244 2709 423 2793 proximum
447 2709 615 2792 ἀνταύγειαν
639 2709 741 2774 otiose
763 2708 835 2772 εἶναι
856 2708 1018 2792 apposnit.
1063 2708 1212 2774 librarius
1233 2708 1372 2774 fortasse
1396 2710 1544 2792 peccarit

179 2813 266 2896 quod
288 2809 454 2878 Plutarchi
477 2811 565 2876 1129
584 2825 599 2873 u
624 2811 746 2875 litator
761 2809 959 2895 Ἀριστοτέλης
1034 2818 1198 2896 συμφωνῶς
1225 2831 1415 2876 conversum
1438 2819 1488 2876 est
1509 2810 1542 2874 in

180 2920 378 3000 συμφωνοῦσι.
415 2913 654 2979 memorabilius
670 2921 719 2979 est
735 2913 820 2997 quod
835 2914 884 2979 ΙΙΙ
898 2915 937 2980 13
956 2923 972 2976 3
988 2914 1205 2998 ἐνηξονισμένην
1221 2913 1419 2998 planioribus
1434 2912 1543 2979 uerbis

179 3020 209 3082 έν
232 3017 309 3087 ἄίονι
332 3016 529 3100 στρεφομένην
552 3016 716 3099 explicare
738 3016 861 3081 maluit.
905 3036 969 3081 vox
995 3016 1054 3081 illa
1079 3016 1158 3081 artis
1183 3016 1419 3082 astronomicae
1441 3024 1475 3081 ut
1498 3015 1542 3080 ri-

178 3121 273 3186 detur
294 3118 427 3203 propria
448 3138 490 3184 ne
513 3138 534 3183 a
555 3117 695 3183 librariis
717 3118 845 3201 quidem
867 3117 1033 3183 intellecta
1055 3126 1118 3201 est,
1146 3118 1200 3202 qui
1223 3120 1444 3204 ένιζωνισμένην
1471 3139 1542 3202 pro-

178 3228 353 3307 pagarunt,
379 3220 483 3286 donee
506 3220 636 3287 Reiskei
660 3219 797 3305 palmari
819 3219 1047 3285 emendatione
1069 3240 1180 3286 verum
1208 3220 1388 3305 inventum,
1415 3222 1484 3306 sed,
1507 3230 1542 3287 ut

178 3325 246 3391 lieri
273 3324 369 3406 solet,
400 3321 442 3388 ab
469 3322 645 3388 editoribus
672 3330 815 3407 spretum
842 3330 899 3387 est.
950 3323 1132 3406 exemplum
1160 3322 1249 3388 verbi
1277 3342 1317 3388 ex
1349 3324 1539 3390 Ptolemaeo

177 3424 347 3492 adnotavit
362 3424 579 3491 Schneiderus
594 3444 709 3509 neque,
732 3444 925 3508 quamquam
948 3425 1115 3507 quaerenti
1139 3424 1217 3489 mihi
1238 3425 1344 3490 locum
1361 3425 1540 3492 Ptolemaei

176 3527 320 3613 reperire
340 3547 406 3593 non
428 3527 576 3611 contigit,
603 3527 730 3593 deiide
752 3548 791 3595 ae
812 3527 983 3611 diligentia
1003 3528 1169 3613 sponsoris
1191 3529 1257 3593 ullo
1281 3527 1376 3593 modo
1399 3526 1539 3591 dubitari

176 3637 294 3715 potest.

260 3733 406 3817 Apposui
427 3732 495 3799 fere
517 3752 601 3816 quae
623 3733 783 3800 Eusebius
804 3735 881 3800 mihi
904 3739 1018 3800 contra
1038 3734 1202 3800 Plutarchi
1225 3734 1450 3799 auctoritatem
1473 3754 1538 3798 mu-

176 3844 264 3901 tasse
285 3836 413 3901 videtur
435 3856 496 3902 nec
515 3837 618 3901 multa
640 3856 699 3902 nec
714 3835 854 3922 fallacia,
876 3836 903 3902 si
918 3836 990 3921 quis
1005 3856 1122 3902 cavere
1136 3836 1259 3902 didicit.
1293 3835 1351 3901 sed
1367 3844 1540 3918 supersunt

175 3937 251 4022 alia,
274 3937 306 4003 in
331 3938 446 4021 ‹pribus
468 3937 605 4004 haereas
627 3938 791 4005 librariine
813 3940 1068 4007 Eusebianorum
1092 3938 1237 4004 codicum
1265 3938 1473 4022 peccaverint
1495 3960 1539 4004 ao

175 4061 215 4106 cx
247 4040 402 4106 mendoso
436 4039 614 4123 exemplari
640 4061 771 4107 securus
796 4041 1034 4125 transcripserit
1061 4049 1240 4125 excerptor.
1291 4042 1380 4106 velut
1406 4042 1538 4111 11203

174 4143 370 4209 Plutarchea
393 4142 438 4207 sic
462 4142 627 4224 leguntur:
658 4144 825 4229 Ξενοφάνης
846 4144 880 4207 ἐκ
902 4147 1040 4229 πυριδίων
1062 4151 1120 4208 των
1143 4144 1412 4228 συναθροιζομένων
1435 4145 1539 4226 pecc-r

174 4252 226 4329 τῆς
239 4249 325 4330 ὑγρᾶς
340 4247 573 4328 ἀναθυμιάσεως,
593 4247 840 4331 συναθροιζόντων
853 4249 886 4311 δὲ
901 4249 950 4311 τὸν
964 4250 1056 4333 ἥλιον.
1084 4246 1243 4313 Eusebius
1258 4248 1439 4332 φαινομένων
1454 4247 1539 4313 inter

173 4352 231 4411 τῶν
254 4353 286 4414 et
308 4349 576 4433 συναθροιζομένων
597 4348 828 4433 interpolatum
852 4350 960 4435 habet,
983 4350 1069 4434 quod
1088 4370 1153 4415 non
1176 4349 1308 4415 dubium
1331 4356 1382 4415 est
1403 4349 1479 4432 quin
1496 4349 1538 4414 ab

173 4450 383 4516 emendatore
404 4450 543 4533 quodam
567 4450 683 4517 iterato
707 4452 805 4519 verbo
830 4453 952 4519 offenso
976 4473 1072 4536 super
1094 4452 1362 4538 συναθροιζομένων
1385 4450 1461 4517 olim
1484 4472 1538 4536 po-

172 4552 269 4618 situm
291 4550 397 4618 tuerit
441 4552 500 4618 sed
521 4552 706 4636 ambiguum
728 4562 834 4620 utrum
860 4564 937 4622 ante
963 4555 1137 4623 Eusebium
1164 4573 1207 4619 an
1234 4561 1308 4638 post
1335 4553 1450 4620 vixerit
1475 4554 1539 4622 iste

172 4654 357 4738 elegantiae
378 4655 464 4721 male
487 4655 640 4723 curiosus.

258 4756 324 4823 Sed
347 4778 410 4842 quo
433 4757 538 4823 minus
560 4758 749 4825 mendosum
771 4761 939 4843 exemplar
959 4759 1024 4824 iam
1039 4760 1180 4828 Eusebio
1204 4760 1321 4826 lectum
1344 4779 1417 4826 esse
1438 4780 1538 4844 nega·

172 4881 256 4946 mus,
279 4881 318 4927 eo
341 4861 444 4945 magis
467 4860 646 4927 mirandum
663 4868 713 4928 est
727 4869 848 4945 quanto
863 4862 945 4929 illud
959 4862 1191 4947 posterioribus
1204 4863 1346 4929 sanitate
1360 4869 1394 4929 et
1409 4864 1538 4948 integri-
