3442 5588
453 316 531 368 utur
548 316 683 368 ninum
701 317 887 371 nelrouns
905 318 959 370 an.
977 319 1079 372 enus.
1092 319 1135 373 39.
1409 322 1471 386 471

111 486 256 572 σύγκρισιν
283 488 337 571 τὴν
367 487 439 571 πρὸς
464 485 532 555 τοὺς
557 483 664 556 ἀλλους
690 488 829 572 φυσικούς
850 508 948 573 φησιν,
977 489 1020 553 ὅτι
1047 487 1169 574 Ζήνων
1195 490 1249 573 τὴν
1275 491 1373 576 ψυχὴν
1400 493 1477 576 λέγει

112 589 286 673 αἰσθητικὴν
308 587 512 672 ἀναθυμίασιν,
538 589 673 674 καθάπερ
696 587 928 674 Ἡράκλειτος.
971 592 1145 676 βουλόμενος
1167 593 1222 677 γὰρ
1244 592 1409 677 ἐμφανίσαι,
1433 596 1476 661 ὅτι

111 693 141 755 αί
164 691 255 820 ψυχαί
278 692 517 774 ἀναθυμιῶμεναι
540 692 637 776 νοεραὶ
665 693 710 755 ἀεὶ
732 693 871 776 γίνονται,
892 692 1006 759 εἴκασεν
1028 691 1118 764 αὐτὰς
1139 699 1200 765 τοῖς
1221 700 1361 778 ποταμοῖς
1383 696 1476 781 λέγων

111 793 205 863 οὸτως
221 792 393 877 ποταμοῖσι
415 799 505 858 τοῖσιν
528 793 656 858 αὐτοῖσιν
679 793 863 881 ἐμβαίνουσιν
886 796 972 880 ἕτερα
991 796 1041 860 καὶ
1064 795 1149 882 ἕτερα
1171 797 1262 862 ὅδατα
1277 797 1390 883 ἐπιρρ
1361 822 1399 862 ει·
1423 799 1502 868 καίι

111 897 202 982 ψυχαί
230 896 264 960 δὲ
290 896 349 960 ἀπδ
375 900 435 960 τῶν
467 897 562 981 ὑγρῶν
590 896 824 980 ἀναθυμιῶνταιῖ
915 898 1107 982 ἀναθυμίασιν
1135 898 1248 980 μὲνό
1214 923 1264 963 ον
1291 902 1401 983 ὁμοίως
1426 903 1510 988 τῷθ

104 997 140 1064 Η
147 998 321 1084 ρακλειτιμ
335 998 388 1082 τὴν
414 999 512 1084 ψυχὴν
532 1001 686 1085 ἀποφαίνει
705 998 838 1086 Ζήνων,
860 998 1032 1086 αἰσθητικὴν
1054 1002 1088 1064 δὲ
1113 1000 1204 1086 αὐτὴν
1225 999 1297 1065 εἶναι
1319 1003 1367 1066 διὰ
1388 1009 1474 1069 τοῦτο

109 1103 200 1187 λέγει,
223 1103 267 1167 ὅτι
287 1100 451 1165 τυποῦσθαί
472 1124 504 1165 τε
525 1102 642 1165 δόναται
665 1102 712 1184 [τδ
735 1103 871 1186 μέγεθος]
893 1104 927 1166 τδ
950 1102 1037 1187 μέρος
1063 1104 1097 1166 τδ
1119 1104 1279 1188 ἡγούμενον
1301 1104 1392 1189 αὐτῆς
1414 1107 1473 1172 ἀπὸ

110 1211 168 1270 τῶν
192 1204 283 1271 όντων
306 1204 354 1268 καί
377 1204 568 1290 ὑπαρχόντων
590 1204 638 1268 διά
659 1209 717 1269 τῶν
733 1205 932 1290 αἰσθητηρίων
954 1206 1003 1268 καὶ
1018 1206 1239 1292 παραδέχεσθαι
1253 1207 1306 1278 τὰς
1319 1212 1471 1281 τυπώσεις.

107 1312 198 1373 ταῦτα
220 1307 275 1391 γάρ
299 1305 357 1371 ἴδια
379 1312 476 1394 ψυχῆς
498 1304 574 1371 ίστιῖ
1491 1336 1503 1373 ν

195 1425 247 1483 Καὶ
265 1424 324 1498 μεθ’
345 1426 428 1498 ὅτιρα·
1480 1443 1503 1506 4

195 1528 279 1596 Εἶναι
302 1532 334 1595 δὲ
356 1532 453 1616 ψυχὴν
477 1530 507 1594 έν
529 1534 571 1615 τῷ
595 1530 656 1615 ὅλιρ
678 1531 776 1615 φασίν,
799 1531 966 1596 δκαλοῦσιν
982 1531 1087 1616 αἰθέρα
1103 1532 1150 1596 καί
1166 1531 1239 1616 ἀέρα
1260 1533 1359 1618 κύκλῳ
1381 1535 1472 1621 βπερὶ

106 1636 160 1719 τὴν
182 1638 235 1718 γῆν
258 1633 306 1697 καὶ
330 1633 480 1697 θαλασσαν
502 1632 550 1696 καί
573 1632 606 1696 ἐκ
629 1633 738 1698 τούτων
760 1633 981 1717 ἀναθυμιάσεις·
1011 1633 1061 1704 τὰς
1084 1635 1117 1698 δὲ
1144 1635 1247 1704 λοιπὰς
1269 1636 1365 1721 ψυχὰς
1387 1658 1472 1721 προσ-

107 1735 264 1822 πεφυκέναι
291 1735 401 1819 ταότγγ,
429 1735 495 1800 ὅσαι
523 1758 554 1798 τε
581 1734 610 1799 έν
639 1733 727 1820 ζῴοις
754 1734 809 1800 είσί
838 1735 887 1799 καί
915 1736 980 1800 ὅσαι
1008 1736 1039 1800 έν
1060 1741 1103 1821 τῷ
1126 1737 1304 1823 περιέχοντι·
1328 1737 1470 1822 διαμένειν

107 1840 162 1924 γάρ
176 1838 238 1903 έκεῖ
250 1839 303 1909 τὰς
318 1842 376 1903 τῶν
392 1837 599 1903 ἀποθανόντων
615 1838 720 1922 ψυχάς.
808 1835 877 1902 ένιοι
897 1839 930 1902 δὲ
944 1840 996 1922 τὴν
1012 1840 1065 1921 μὲν
1080 1843 1132 1903 τοῦ
1154 1839 1224 1904 ὅλου
1246 1841 1348 1920 ἀίδιον,
1369 1842 1421 1911 τάς
1436 1841 1469 1906 δέ
1483 1842 1504 1907 5

107 1942 210 2012 λοιπάς
231 1941 445 2025 συμμίγνυσθαι
468 1939 516 2004 ἐπὶ
537 1941 658 2023 τελευτῇ
681 1939 722 2010 είς
744 1939 866 2024 ίκείνγν.
910 1938 989 2026 ἔχειν
1011 1942 1044 2005 δὲ
1065 1945 1161 2006 πᾶσαν
1183 1943 1280 2028 ψυχὴν
1296 1944 1466 2028 ἡγεμονικόν
1485 1972 1509 2012 ιι

107 2069 133 2109 τι
156 2045 186 2110 ἐν
208 2046 296 2128 αὑτῇ,
319 2045 335 2109 δ
358 2042 552 2127 δὴζωὴκαὶ
576 2039 713 2125 αἴσθησίς
735 2042 796 2107 ἐστι
818 2044 867 2107 καί
890 2045 978 2130 όρμή

192 2161 244 2219 Καὶ
262 2164 363 2234 ίτιμετ
367 2161 474 2232 ’ό·λίγα
1335 2173 1336 2176 ’
1485 2186 1506 2251 6

191 2266 251 2351 Τὴν
278 2268 311 2331 δὲ
333 2269 432 2354 ψυχὴν
453 2266 575 2350 γενητήν
600 2287 632 2327 τε
660 2265 709 2329 καὶ
731 2265 865 2350 φθαρτὴν
891 2265 1033 2349 λέγουσιν
1077 2267 1130 2332 οὐκ
1158 2267 1248 2338 εὐθὺς
1274 2270 1307 2333 δὲ
1333 2278 1384 2337 τοῦ
1412 2277 1468 2338 σῶ-

105 2393 194 2452 ματος
217 2371 430 2453 ἀπαλλαγεῖσαν
456 2368 645 2454 φθείρεσθαι,
674 2366 739 2431 ἀλλ’
767 2368 910 2450 ἐπιμένειν
932 2369 1010 2439 τινὰς
1030 2369 1154 2456 χρόνους
1175 2369 1243 2435 καθ’
1272 2373 1391 2460 ἑαυτήν·
1413 2377 1467 2460 τὴν

104 2472 157 2554 μὲν
186 2477 244 2535 τῶν
272 2473 437 2538 σπουδαίων
471 2471 559 2556 μέχρι
591 2474 643 2555 τῆς
669 2470 710 2540 είς
736 2474 793 2555 πῦρ
821 2471 989 2542 ἀναλύσεως
1015 2476 1074 2536 τῶν
1105 2473 1236 2554 πάντων,
1265 2475 1318 2559 τὴν
1346 2478 1379 2541 δὲ
1405 2481 1464 2541 τῶν
1483 2509 1506 2548 ιι

102 2576 237 2659 ἀφρόνων
253 2577 325 2660 πρδς
341 2575 449 2645 ποσοός
464 2596 540 2644 τινας
555 2573 687 2659 χρόνους.
774 2576 807 2638 τδ
823 2574 856 2637 δὲ
870 2573 1014 2657 διαμένειν
1028 2576 1080 2644 τὰς
1095 2576 1191 2660 ψυχὰς
1213 2578 1305 2650 οὕτως
1320 2580 1463 2663 λέγουσιν,
1481 2585 1499 2649 i

103 2679 148 2742 ὅτι
170 2677 341 2761 διαμένομεν
364 2680 449 2762 ἡμεῖς
475 2675 566 2760 ψυχαὶ
593 2674 740 2759 γενομένοι
765 2680 817 2740 τοῦ
844 2679 980 2760 σώματος
1001 2677 1197 2764 χωρισθέντες
1219 2680 1268 2744 καί
1290 2681 1331 2752 είς
1353 2683 1465 2747 ἐλάττω

103 2781 313 2867 μεταβαλόντες
342 2779 441 2844 οὐσίαν
468 2779 522 2863 τὴν
548 2782 600 2862 τῆς
626 2782 737 2863 ψυχῆς,
769 2779 821 2849 τὰς
848 2780 881 2844 δὲ
907 2784 966 2844 τῶν
993 2780 1128 2866 ἀφρόνων
1154 2782 1202 2845 καί
1230 2783 1344 2867 ἀλόγων
1378 2785 1464 2871 ζῴων

101 2885 200 2970 ψυχάς
221 2882 456 2949 συναπόλλυσθαι
476 2886 536 2952 τοῖς
558 2884 685 2964 σώμασι.
1479 2910 1503 2949 ιι

185 3000 296 3056 Τοιαῦτα
309 3003 396 3056 καὶτὰ
408 3006 454 3072 τῆς
466 2998 583 3071 Στωικῆς
597 2999 743 3071 φιλοσοφίας
754 2999 866 3071 δόγματα
878 3002 927 3055 ἀπὸ
939 3008 992 3055 τῶν
1004 2998 1178 3072 Ἐπιτομῶν
1195 3002 1309 3075 Ἀρείου
1326 3004 1461 3078 Διδόμου
1479 3011 1499 3077 8

101 3091 281 3161 συνειλεγμένα.

101 3268 303 3276 ——-—-

101 3367 117 3419 2
139 3365 253 3437 αἴσθησιν
270 3366 287 3438 ἢ
306 3364 468 3436 ἀναθυμίασιν
485 3370 578 3432 vulgoe
597 3384 661 3418 corr.
674 3369 756 3418 Wcll·
808 3369 900 3419 bebnm
923 3370 994 3419 Prol.
1019 3385 1043 3433 p.
1060 3366 1112 3423 86¹
1133 3364 1147 3437 Η
1173 3367 1206 3422 14
1224 3370 1270 3439 γὰρ
1294 3369 1329 3422 ότι
1348 3374 1405 3424 CF:
1430 3376 1461 3426 dc

99 3473 178 3508 mann
198 3458 229 3508 ei.
246 3476 270 3508 ν.
285 3459 300 3510 6
316 3451 328 3521 Η
349 3454 365 3508 3
386 3457 560 3506 similitudinis
576 3456 659 3520 gretia
677 3450 758 3522 ἕτεραι
808 3458 899 3506 catorio
922 3471 975 3506 non
1004 3463 1116 3507 constat:
1145 3461 1246 3509 correxi
1270 3456 1323 3509 ἐκεῖ
1348 3462 1365 3510 i.
1388 3477 1411 3510 ε.
1434 3465 1462 3513 in

99 3543 139 3594 ἀεὶ
152 3552 284 3610 exspectes
297 3547 328 3596 cf.
341 3540 758 3608 Ariatd.anim.12p.405·27‚
809 3558 877 3594 nere.
896 3559 956 3594 nam
976 3538 1055 3610 ἄλογα
1074 3540 1126 3611 ζῷα
1145 3561 1202 3595 cum
1215 3561 1322 3612 corporo
1336 3564 1388 3599 una
1405 3553 1462 3601 ani·

98 3633 147 3682 aed
165 3634 195 3683 ef.
215 3632 286 3683 Sext.
304 3632 357 3682 VII
374 3629 422 3682 ltt
443 3626 455 3695 Η
477 3629 574 3680 teoto
592 3626 756 3695 curcenay·
808 3646 877 3681 mam
895 3634 1015 3681 amittunt
1037 3632 1069 3681 ci.
1088 3649 1112 3681 v.
1126 3629 1161 3682 23
1182 3629 1194 3698 Η
1217 3632 1249 3685 18
1267 3633 1461 3688 Theodorct.

100 3726 185 3769 water
203 3721 328 3770 Heracliti
347 3720 377 3768 ir.
391 3715 434 3779 42,
453 3720 497 3782 qui
515 3718 692 3768 extremuni
710 3716 756 3784 ψυ·
808 3719 825 3768 1.
838 3734 858 3768 c.
872 3714 905 3770 26
924 3713 953 3768 οὗ
965 3715 997 3787 δὴ
1011 3717 1083 3786 χάριν
1094 3715 1173 3786 αὐτὴν
1191 3720 1235 3772 καί
1253 3717 1368 3791 φθαρτὴν
1386 3739 1460 3793 προσ-

98 3804 145 3873 χαί
163 3803 189 3856 δὲ
208 3803 257 3856 ἀπὸ
275 3809 327 3856 τῶν
345 3803 428 3874 θγρῶν
446 3800 633 3871 ἀναθυμιῶνται
656 3807 755 3856 Zenoni
806 3804 945 3873 ηγόρευσεν.
975 3800 1119 3873 Νουμήνιος
1141 3803 1167 3857 δὲ
1193 3805 1207 3857 ό
1230 3802 1395 3878 Πυθαγόρειος
1417 3811 1461 3875 [de

99 3895 190 3943 tribuit
226 3895 350 3944 Heracliti
387 3894 467 3944 verba
502 3893 582 3942 libere
613 3894 702 3943 citanti
733 3900 759 3943 et
809 3894 859 3944 hoc
882 3909 968 3945 errore
996 3895 1027 3945 ci.
1052 3896 1122 3945 Prol.
1141 3912 1166 3959 p.
1183 3895 1217 3946 47
1227 3894 1246 3959 ¹]
1274 3893 1334 3963 πρός
1359 3892 1461 3955 τοότους

98 3981 307 4031 accommodanti
337 3976 350 4045 Η
380 3978 396 4032 5
423 3977 449 4030 δέ
480 3987 605 4031 testantur
627 3980 723 4032 CDFG
743 3976 755 4046 Η
807 3979 993 4049 ἀποτεινόμενος
1012 3977 1074 4049 έφη·
1097 3979 1144 4048 τὴν
1162 3978 1189 4031 δὲ
1207 3979 1292 4051 ψυχὴν
1310 3983 1415 4052 γενητόν
1433 4001 1460 4035 τε

98 4067 115 4117 7
136 4083 164 4134 γε
182 4063 282 4118 δύναται
300 4069 392 4132 vulgo:
411 4070 512 4118 correxi
527 4062 540 4132 Η
553 4064 582 4117 τὸ
596 4062 701 4133 μέγεθος
713 4085 757 4119 νιε-
807 4067 851 4119 nni
869 4065 983 4136 φθαρτὴν
1001 4065 1119 4134 λέγουσιν.
1147 4065 1194 4118 οόκ
1211 4065 1285 4125 ιὐθδς
1302 4067 1329 4121 δὲ
1347 4073 1392 4120 τοῦ
1411 4069 1460 4122 σῶ·

96 4157 164 4205 riam
188 4157 326 4206 lectionem
351 4171 405 4206 ease
428 4156 555 4205 intellexit
572 4157 682 4219 Vigerue
703 4150 717 4221 Η
739 4155 755 4208 8
806 4172 884 4221 ματος
902 4152 1084 4223 ἀπαλλαγεῖσαν
1102 4151 1253 4222 φθείρεσθαι,
1272 4153 1324 4207 ἀλλ’
1340 4156 1461 4224 ἐπιμένειν

97 4237 264 4311 ὐπαρχόντων
277 4246 307 4294 ei.
319 4241 511 4295 Lecnvnle.
525 4242 597 4293 Sext.
608 4244 666 4291 adv.
675 4245 754 4293 math.
805 4241 872 4299 τινάς
899 4240 1002 4311 χρόνους
1028 4237 1092 4292 καθ’
1122 4240 1226 4308 θαυτήν·
1259 4241 1305 4310 τὴν
1333 4243 1378 4310 μὲν
1407 4249 1460 4295 τῶν

98 4330 153 4379 VII
166 4328 218 4381 402
234 4326 247 4396 Η
262 4348 322 4381 num
335 4324 508 4398 περιίχισθαιὲ
521 4325 532 4393 Η
545 4328 560 4380 9
574 4326 624 4379 ἐστι
639 4347 689 4380 om.
703 4331 724 4381 C
739 4328 752 4397 Η
805 4326 945 4380 σπουδαίων
967 4329 1042 4399 μέχρι
1063 4331 1109 4397 τῆς
1131 4327 1165 4386 είς
1182 4331 1230 4396 πῦρ
1249 4326 1390 4387 ἀναλόσεως
1407 4336 1460 4382 τῶν

101 4416 130 4467 ll
152 4433 209 4466 cum
232 4411 320 4485 αίθέρα
344 4425 370 4466 ct
393 4415 454 4484 ἀέρα
477 4418 611 4467 articulum
629 4427 688 4467 ante
706 4419 754 4485 γῆν
805 4417 918 4479 πάντων,
943 4415 990 4484 τὴν
1017 4414 1043 4468 δέ
1066 4421 1118 4467 τῶν
1145 4413 1260 4483 ἀφρόνων
1290 4413 1350 4485 πρὸς
1376 4414 1460 4475 ποιαός

99 4513 245 4568 suspectum
257 4505 374 4567 reddunt,
393 4507 518 4569 corruptis
532 4505 615 4554 verbis
628 4504 753 4555 substituo
804 4521 871 4560 τινας
889 4502 992 4572 χρόνους
1012 4501 1024 4569 Η
1052 4502 1085 4554 22
1110 4503 1234 4570 γενόμενοι
1252 4506 1370 4570 vulgata:
1395 4504 1458 4572 γινό-

98 4590 257 4658 περιίχονεας
275 4594 321 4659 γῆν
339 4591 383 4642 καὶ
401 4588 526 4642 θάλασσαν
544 4589 588 4641 καὶ
610 4588 640 4641 ίιι
658 4587 754 4642 τοίιτων
806 4606 874 4657 μενοι
887 4592 943 4641 eod.
962 4593 985 4645 G
1000 4593 1133 4645 Gnieiord:
1151 4587 1279 4657 γενόμεναι
1294 4592 1364 4642 cult
1380 4588 1391 4658 Η
1406 4609 1458 4660 χω-

98 4673 328 4743 ἀναθυμιασθέντας
348 4676 361 4743 Η
384 4676 416 4729 13
435 4674 489 4729 όσαι
512 4676 538 4729 έν
560 4676 597 4746 τῷ
615 4677 753 4746 περιέχοντι
806 4674 930 4746 ρισθίντος
948 4678 1018 4728 librl:
1047 4680 1147 4728 correxi
1172 4673 1185 4743 Η
1213 4676 1247 4735 είς
1275 4675 1378 4730 ἔλαττον
1397 4681 1459 4730 nit:

97 4769 114 4815 i.
134 4782 157 4815 e.
176 4775 335 4816 mortuorum
354 4767 486 4816 hominum
505 4767 614 4816 animae.
633 4767 666 4815 ud
686 4766 753 4815 hunc
772 4774 776 4781 “
804 4762 851 4815 οίινι
870 4761 973 4815 ἔλαττον
991 4765 1058 4817 CFG
1080 4760 1093 4830 Η
1113 4761 1147 4814 23
1166 4762 1348 4834 μεταβαλόντος
1367 4769 1458 4832 vulgo:

97 4854 155 4903 Arii
174 4854 259 4902 locum
277 4862 375 4917 spectat
398 4853 597 4904 Tertulliani
617 4853 648 4902 do
666 4854 753 4902 anima
804 4854 905 4904 correxi
927 4848 939 4917 Η
960 4848 1067 4904 ἀλλοίων
1085 4852 1154 4906 cui}

97 4956 119 4989 c.
135 4938 168 4990 55
187 4943 269 5001 iocus,
287 4940 372 5003 quode
390 4940 560 4993 confidentius
573 4941 687 4989 iudicare
706 4940 751 4989 de-
