3442 5588
183 352 248 417 540
292 356 423 408 CICERO
434 355 483 404 ΒΕ
493 353 601 405 ΒΕΟΒ.
612 352 697 404 NAT.
707 353 720 404 1
733 349 765 402 13
773 359 806 400 tt.
815 359 840 398 et
980 347 1186 400 Peteonntss
1195 347 1246 399 DE
1256 346 1351 399 ΡΙΕΤ.
1361 346 1419 397 ΡΒ.

228 526 282 593 cit
304 545 404 610 esse,
427 546 493 591 non
508 523 701 606 intellegens
717 521 842 587 caelum

227 629 338 695 mundi
372 648 445 696 esse
479 631 619 712 partem,
653 645 748 709 quem
776 623 842 689 nlio

225 731 302 798 loco
331 731 402 816 ipse
423 729 602 813 designarit
627 729 733 795 deum.
778 746 841 810 quo

229 832 325 898 modo
357 838 467 900 eutem
503 831 585 898 caeli
622 829 750 897 divinus
786 829 842 895 ille

199 954 345 1001 ssensus
366 934 401 1001 in
423 933 589 1000 celeritate
609 938 702 999 tanta
717 951 842 998 conser-

225 1037 296 1102 vari
325 1036 454 1121 potest?
487 1035 541 1100 ubi
569 1034 688 1102 deinde
716 1035 763 1100 illi
793 1041 842 1101 tot

226 1136 276 1223 di,
305 1139 332 1204 si
359 1157 565 1206 numeramus
594 1136 692 1203 etiam
715 1138 841 1205 coelum

226 1242 344 1308 deum?
366 1248 561 1308 comantem
582 1241 666 1307 sine
681 1259 840 1323 corpore

222 1345 324 1411 idern
355 1347 443 1411 vult
475 1364 560 1411 esse
593 1343 718 1426 deum,
753 1342 839 1408 omni

182 1476 205 1514 to
223 1448 313 1513 illum
349 1468 447 1515 sensu
481 1445 603 1532 privat,
638 1445 735 1512 etium
768 1466 840 1529 pru·

227 1549 348 1616 dentis.
377 1571 440 1633 qno
452 1570 549 1633 porro
564 1548 661 1614 modo
678 1546 838 1635 [mundus]

224 1652 348 1719 moveri
377 1672 491 1718 carens
523 1671 658 1735 corpore
688 1655 746 1715 cut
774 1670 838 1732 quo

226 1753 322 1820 modo
359 1774 487 1838 semper
523 1774 560 1821 sc
596 1772 729 1819 movens
766 1772 838 1819 esse

226 1856 353 1940 quietus
376 1862 409 1924 et
430 1855 547 1924 beatus
568 1857 696 1941 potest?

73 2010 76 2017 .
184 1986 207 2022 tt
266 1959 336 2026 Nec
351 1980 429 2027 vero
445 1959 530 2027 eius
546 1958 879 2043 condiscipulnstt

227 2060 477 2129 Xenocrates
523 2062 558 2126 in
608 2062 671 2128 hoo
719 2081 838 2145 genere

227 2163 431 2249 prudentior,
476 2164 585 2230 cuius
633 2164 837 2252 inlibris,

222 2265 287 2349 qni
310 2272 401 2331 sunt
424 2268 480 2334 De
502 2273 645 2333 natura
666 2268 837 2352 deorum,

221 2368 334 2434 nulla
356 2369 513 2453 species
539 2369 673 2437 divine
693 2369 839 2436 descri-

183 2469 337 2536 robitnr.
375 2471 469 2538 deos
496 2472 594 2540 enim
630 2480 717 2539 octo
750 2493 837 2540 esse

223 2571 333 2638 dicit:
377 2574 546 2659 quinque
583 2595 665 2660 eos,
702 2575 764 2660 qui
798 2575 837 2641 iu

221 2674 355 2741 stellis
409 2678 524 2761 vagis
573 2678 835 2763 nominantur,

220 2796 351 2862 unum,
381 2779 444 2863 qni
468 2800 513 2846 ex
536 2780 713 2847 omnibus
734 2780 836 2847 side·

220 2878 341 2965 ribus,
359 2901 459 2965 qnae
473 2883 599 2948 infixa
614 2883 722 2950 caelo
739 2888 836 2966 sunt,

179 3008 203 3047 οι
221 3000 267 3047 ex
295 2981 491 3068 dispersis
518 2985 629 3068 qnasi
658 2984 836 3052 membris

219 3083 396 3169 simplex
417 3086 472 3152 sit
499 3087 699 3172 putandus
725 3087 835 3172 deus,

220 3187 426 3271 septimum
478 3188 603 3256 Solem
654 3189 837 3273 adiungit

220 3296 474 3375 octavamque
502 3291 662 3357 Lunam:
691 3293 745 3377 qni
768 3313 832 3377 quo

176 3474 376 3485 ——-.-.—..-
883 3474 1082 3485 -———.-.

175 3585 192 3637 3
211 3597 270 3638 ants
289 3605 339 3653 quo
357 3589 430 3640 modo
448 3594 610 3657 popularium
628 3594 736 3645 deorum
757 3609 828 3647 men.
881 3587 958 3637 sliam
972 3590 1025 3653 ipse
1039 3591 1193 3642 Aristoteles
1206 3594 1238 3643 de
1252 3594 1347 3642 caelol
1361 3590 1377 3643 3
1390 3611 1416 3659 p.
1430 3591 1543 3645 ttobtt

175 3678 271 3725 tionem
286 3678 412 3728 excidisse
425 3680 525 3743 pulerit
543 3682 681 3743 Heindorf,
705 3692 831 3733 astrorum
883 3667 971 3742 “lilim
989 3675 1185 3745 προσωνόμασαν
1203 3677 1246 3730 τὸν
1260 3679 1383 3731 ἀνωτάτω
1397 3677 1474 3730 τόπον
1493 3679 1542 3732 ἀπὸ

176 3765 319 3813 divinitatis
354 3764 517 3816 Schoemunn
554 3762 567 3832 Η
606 3767 637 3818 ll
668 3785 718 3833 quo
748 3785 832 3836 porro
882 3763 927 3811 τοῦ
949 3757 1001 3813 θεῖν
1019 3762 1056 3815 ἀεὶ
1076 3767 1107 3816 cf.
1127 3767 1182 3818 Cic.
1201 3769 1233 3819 de
1253 3770 1323 3819 deor·
1344 3776 1398 3818 nat.
1418 3768 1447 3817 Π
1468 3767 1539 3819 1541

177 3848 254 3899 modo
277 3850 389 3902 mundus
411 3852 509 3902 moueri
528 3848 562 3903 tl:
588 3869 637 3918 quo
659 3855 734 3906 modo
748 3872 832 3924 pom
883 3860 909 3900 et
936 3852 1024 3902 crebro
1054 3849 1067 3918 ii
1093 3852 1110 3906 8
1138 3854 1193 3904 siue
1215 3869 1335 3920 corpore:
1364 3855 1395 3904 cf.
1426 3855 1450 3904 d.
1475 3857 1539 3905 cael.

175 3937 274 3986 moueri
300 3940 432 3989 Heindorf
455 3940 539 3990 deleto
567 3942 719 4005 glossemate
745 3956 774 3996 nt
791 3948 831 3997 in·
882 3937 925 3990 19
944 3934 1092 4004 p.279116
1112 3936 1162 3998 ἔξω
1181 3939 1206 3992 δὲ
1225 3942 1270 3993 τοῦ
1289 3938 1538 4009 supercoelestem,

175 4025 309 4087 tellegntur
328 4025 390 4075 deus
411 4044 434 4076 ν.
449 4025 473 4077 9.
509 4026 574 4078 deur
593 4031 692 4080 moveri
711 4031 830 4095 Schuetz,
882 4020 919 4076 ὅτι
938 4021 992 4076 οὔτ’
1014 4023 1079 4077 ἔστιν
1099 4023 1155 4078 οὔτε
1169 4024 1293 4098 ἐνδέχεται
1305 4022 1420 4096 γενέσθαι
1434 4031 1509 4095 σῶμα
1524 4025 1536 4096 Η

174 4109 297 4159 mrrrrdom
320 4127 421 4163 creuere
440 4115 544 4166 Ernesti
564 4111 578 4181 l]
600 4114 632 4169 13
651 4130 679 4167 se
697 4134 747 4168 om.
767 4121 789 4171 P
808 4130 833 4170 et
887 4109 919 4163 13
937 4127 1039 4177 temper
1057 4129 1085 4166 ισ
1102 4130 1219 4166 monent:
1243 4117 1365 4181 Epicurei
1385 4118 1474 4182 opinio
1493 4128 1539 4178 est,

174 4198 347 4261 Wyttenbuclr
373 4197 402 4250 τὸ
424 4205 524 4268 πρῶτον
547 4206 631 4253 κινοῦν
654 4207 832 4257 Αιίοοοιοίἰοσι
883 4208 914 4249 ut
943 4209 1021 4251 δῦνεν
1047 4202 1153 4253 mowi-
1185 4203 1304 4253 videlicet
1334 4204 1484 4254 AristOtelit
1509 4200 1538 4254 τὸ

177 4287 338 4335 restituturus
368 4280 380 4353 ΙΙ
413 4287 442 4339 17
470 4288 628 4352 prudentiss·
655 4293 739 4344 3312:
765 4309 831 4360 pm.
882 4289 984 4355 πρῶτον
996 4289 1080 4339 κινοῦν
1093 4288 1210 4359 ἀκίνητον
1222 4305 1274 4340 non
1294 4290 1420 4355 adgnovit
1433 4286 1447 4355 ΙΙ
1465 4290 1495 4342 17
1508 4290 1537 4341 in

174 4368 280 4422 dectior
298 4381 336 4423 ert
360 4374 408 4424 Ac
431 4376 479 4435 (est
496 4380 523 4427 iu
541 4380 566 4428 A
584 4393 688 4429 resurae
705 4396 831 4447 superest.
884 4372 961 4424 libri-t
983 4375 1030 4438 qut
1051 4387 1114 4427 tunt
1133 4375 1175 4428 De
1198 4386 1297 4427 natura
1320 4374 1440 4427 ἅθωωωτ
1459 4379 1537 4445 Diog·

174 4474 206 4508 m.
225 4456 289 4520 sec.)
311 4455 322 4524 ll
346 4459 377 4512 18
395 4471 458 4513 tunt
476 4461 504 4512 ιἰι
522 4471 622 4515 notura
640 4467 736 4518 ACEP
760 4464 773 4533 li
797 4466 830 4519 24
882 4463 921 4511 lv
938 4460 969 4513 13
991 4465 1017 4512 iu
1036 4464 1092 4513 libr.
1110 4465 1165 4515 ind.
1179 4459 1239 4532 Περὶ
1257 4458 1324 4513 θεῶν
1342 4452 1415 4530 “dii
1430 4461 1464 4515 20
1476 4463 1537 4517 deos

171 4543 222 4593 sint
237 4546 329 4598 ABCP
342 4543 355 4611 ll
367 4545 401 4600 28
416 4557 582 4613 octavumque
595 4555 714 4604 nonnulli
727 4556 829 4606 codices
882 4546 1021 4599 -ltmamt
1035 4551 1065 4601 cf·
1077 4550 1157 4601 Cltm-
1168 4552 1253 4601 Proir·
1263 4566 1288 4615 p·
1299 4548 1332 4602 58
1338 4552 1368 4601 P·
1382 4544 1538 4620 iesuperu<

882 4628 1064 4704 Καλχηδόνιος,
1082 4632 1154 4693 οὗτος
1172 4634 1234 4687 ἑπτὰ
1253 4635 1298 4703 μὶν
1316 4631 1389 4695 θεοὺς
1401 4636 1459 4695 τοὺς
1477 4636 1537 4690 rde-

880 4719 970 4790 νήτας,
997 4719 1083 4790 ὄγδοον
1107 4721 1133 4774 lt
1157 4720 1200 4773 τὸν
1218 4720 1248 4774 iu
1271 4724 1371 4774 πάντων
1391 4722 1476 4777 αὐτῶν
1493 4725 1536 4789 [cs.

880 4811 951 4861 Prol.
973 4827 998 4875 p.
1019 4807 1096 4874 130¹]
1123 4814 1264 4861 συνεστῶτα
1289 4808 1383 4878 κόσμον
1406 4811 1537 4865 αἰνίττεται

878 4898 938 4947 Aet.
951 4897 1023 4948 Plec.
1034 4897 1046 4946 I
1058 4895 1072 4947 t
1084 4905 1108 4943 eo
1126 4891 1182 4947 θεὸν
1200 4894 1226 4948 dl
1240 4895 1299 4948 εἶναι
1318 4898 1361 4949 καὶ
1378 4896 1420 4950 τὸν
1433 4897 1537 4968 οὐρανὸν

877 4979 921 5032 καὶ
938 4980 996 5039 τοὺς
1015 4979 1120 5051 ἀστέρας
1138 4981 1262 5052 πυρώδεις
1280 4981 1417 5053 disputent
1434 4982 1508 5046 ductis
