3442 5588
648 296 923 347 raotasomnua
1419 301 1470 363 69

98 481 140 528 ac
169 462 256 529 male
285 463 505 548 conglutinata
532 464 676 531 membra
699 463 924 548 colligeremus
947 473 979 533 et
1001 466 1035 532 in
1059 474 1181 534 rectum
1206 469 1354 537 ordinem
1378 469 1470 535 redu-

98 583 267 648 ceremus,
291 564 423 631 Stobaei
454 568 682 650 supplementa
704 573 737 632 et
758 565 913 650 figmenta
934 568 1107 650 geminatis
1129 570 1254 637 uncinis
1278 569 1469 658 (1]16616-

100 687 220 751 remus,
243 668 396 734 lemmata
411 667 531 734 omissa
546 676 719 752 utcumque
734 669 948 735 reficeremus.
983 677 1081 752 atque
1100 671 1162 738 hoc
1178 673 1308 755 quidem
1324 672 1467 740 remedio

97 769 185 835 illius
211 777 262 835 est
284 770 423 836 andacia
444 771 514 835 sine
536 791 634 836 noxa.
668 771 814 837 restabat
836 770 925 836 aliud
948 791 1063 836 munus
1086 780 1120 837 ut
1139 775 1270 856 gravius
1288 760 1398 841 'multo
1422 775 1468 841 ita

102 871 327 956 periculosius.
361 873 562 938 secernenda
576 879 669 939 erant
684 873 825 939 11611666
839 894 879 938 ex
896 874 1072 940 electorum
1088 876 1223 942 aliorum
1240 876 1337 941 simili
1359 878 1463 943 turba.

100 993 176 1039 narn
201 973 262 1040 etsi
285 973 484 1057 singularum
513 975 698 1058 eclogarum
726 977 880 1042 lemmata
909 975 983 1059 (nisi
1007 996 1091 1060 quae
1111 977 1314 1044 librariorum
1338 979 1468 1063 pigritia

101 1075 224 1142 omissa
245 1073 334 1160 sunt)
356 1076 469 1142 sedulo
486 1078 686 1160 marginibus
701 1084 759 1143 aut
774 1077 946 1143 continuae
966 1080 1144 1163 scripturae
1164 1081 1296 1166 adpicta
1318 1088 1402 1164 sunt,
1425 1081 1466 1148 de

98 1177 178 1263 ipsis
200 1177 345 1244 fontibus
366 1179 452 1245 unde
475 1185 541 1244 tam
563 1181 656 1263 larga
678 1179 811 1245 flumina
832 1179 1007 1264 fluxerunt,
1038 1183 1139 1247 altum
1162 1184 1334 1251 silentium.
1368 1185 1465 1252 immo

100 1281 171 1365 ipse
194 1281 334 1366 scriptor
356 1281 608 1348 contaminando
637 1288 670 1349 et
697 1284 853 1348 mutando
876 1284 1015 1366 vestigia
1038 1288 1184 1352 consulto
1206 1287 1337 1354 delevit.
1384 1288 1466 1353 simi-

102 1383 177 1447 liter
192 1381 402 1467 Florilegium
425 1384 512 1466 quod
535 1392 670 1450 vocatur·
692 1385 882 1469 composuit,
905 1406 968 1468 quo
984 1406 1069 1468 quae
1084 1389 1292 1456 collectiones
1308 1390 1466 1457 confluxe·

101 1485 177 1569 rint,
201 1493 236 1550 tn
259 1507 301 1552 cx
322 1507 386 1552 uno
403 1485 547 1552 Stobaeo
570 1508 744 1570 numquam
767 1487 934 1553 enodabis.
957 1487 1106 1553 nimirum
1129 1493 1373 1574 compilatorum
1396 1514 1467 1560 eae-

102 1587 178 1652 dem
206 1594 282 1653 sunt
311 1587 429 1671 ubique
456 1588 588 1654 fraudes
610 1610 649 1655 ac
669 1590 835 1675 strophae.
864 1589 1063 1656 confidamus
1089 1591 1186 1673 igitur
1208 1601 1335 1678 oportet
1356 1604 1466 1662 nostro

98 1689 230 1773 iudicio,
254 1710 318 1773 quo
338 1691 400 1755 nisi
415 1692 500 1757 inter
516 1709 681 1777 anonyma
696 1692 902 1776 physicorum
917 1693 1048 1776 placita,
1070 1714 1154 1777 quae
1169 1695 1275 1762 adhuc
1290 1697 1466 1765 indiscreta

98 1792 155 1856 nni
179 1792 329 1876 scriptori
351 1793 633 1878 adscribebantur,
661 1801 727 1859 tres
758 1794 931 1878 scriptores
954 1796 1166 1879 dignovimus.
1202 1819 1284 1864 unus
1306 1806 1339 1864 et
1360 1801 1466 1885 copio-

96 1892 226 1959 sissime
249 1902 421 1980 excerptus
444 1903 494 1961 est
515 1895 666 1979 Attius,
695 1898 778 1961 alter
806 1896 920 1963 Arius
949 1898 1151 1983 Didymus,
1179 1901 1290 1966 tertius
1313 1903 1465 1968 Plutar-

92 1994 192 2060 chus
215 1996 257 2062 dc
279 1997 347 2063 vita
368 1997 500 2064 Homeri
524 2007 725 2082 personatus.

506 2404 530 2458 V
565 2403 615 2460 DE
632 2404 713 2460 lau
730 2405 869 2462 olom
886 2403 1048 2462 EPI'PDHE

185 2609 357 2692 Singulare
379 2630 418 2675 ac
433 2610 638 2694 splendidum
663 2617 712 2675 est
727 2610 889 2677 bleinehei
906 2611 1053 2677 meritum
1070 2613 1157 2695 quod
1181 2613 1397 2679 coniecturam
1420 2615 1462 2681 de

90 2712 227 2797 Didymi
258 2710 327 2777 Arii
354 2711 436 2777 libro
465 2713 508 2777 ab
537 2713 696 2778 Heorenio
726 2712 827 2799 [Stob.
856 2714 1013 2779 661112
1042 2736 1073 2798 p.
1095 2715 1283 2804 rso-192]
1314 2723 1347 2783 61
1375 2717 1459 2783 Caro

90 2815 267 2897 [Nacbgel.
283 2814 406 2880 Werhe
422 2815 465 2879 IV
488 2837 519 2898 p.
538 2817 580 2880 34
602 2815 641 2880 ci.
665 2815 802 2881 Brandis
818 2816 899 2880 Mus.
915 2815 975 2879 Rb.
992 2817 1039 2880 Ill
1058 2818 1140 2882 1829
1163 2840 1196 2902 p.
1214 2815 1287 2904 1111
1309 2819 1459 2884 affectam

91 2923 127 2983 et
147 2917 335 2982 incohatam
356 2916 555 2999 gravissimis
576 2919 775 3000 argumentis
800 2919 847 2982 ita
869 2918 983 2983 muniit
1010 2925 1043 2983 et
1064 2918 1273 3003 amplificavit
1296 2918 1458 3005 [Muetzell

92 3019 245 3085 zeitschr.
256 3020 337 3084 Xlll
352 3020 415 3084 563
431 3019 541 3085 adnot.
554 3022 597 3086 ad
614 3021 704 3087 Stob.
717 3023 776 3086 ecl.
793 3042 823 3104 p.
834 3021 941 3104 CLVl,
957 3027 992 3084 ut
1004 3041 1099 3086 nemo
1114 3021 1178 3085 iam
1194 3020 1342 3086 dubitare
1357 3022 1460 3104 possit

92 3142 306 3205 quaecunque
336 3122 377 3186 de
406 3120 692 3204 Peripateticorum
721 3143 759 3188 ac
787 3123 967 3188 Stoicorum
997 3123 1111 3188 morali
1136 3122 1343 3207 philosophia
1365 3123 1458 3188 alteri

93 3224 227 3290 Stobaei
250 3224 332 3290 libro
356 3225 428 3288 sine
450 3225 615 3308 scriptoris
638 3226 766 3291 nomine
789 3226 913 3290 inserta
935 3231 1008 3290 sumt
1023 3245 1064 3291 cx
1080 3244 1145 3289 una
1159 3223 1291 3309 Didymi
1309 3224 1459 3309 Epitome

92 3333 250 3411 excerpta
266 3345 347 3392 esse.
375 3345 500 3390 summa
516 3327 772 3392 ratiocinationis
795 3328 827 3392 in
850 3347 890 3393 66
913 3335 1062 3394 versatur
1084 3327 1171 3409 quod
1185 3327 1269 3393 inter
1293 3328 1459 3410 complura

90 3428 204 3512 capita
230 3448 271 3494 ex
298 3427 418 3509 eclogis
447 3427 561 3494 ethicis
592 3429 625 3494 in
651 3429 814 3513 florilegio
842 3430 981 3514 repetita
1004 3427 1036 3516 [t.
1053 3431 1095 3495 46
1109 3439 1143 3492 5⁰
1164 3432 1206 3495 44
1223 3439 1253 3491 12
1281 3451 1321 3496 ex
1344 3430 1458 3497 66111

90 3531 201 3613 p.190
217 3529 342 3612 19611]
365 3551 463 3594 unum
483 3532 516 3594 ἐκ
538 3530 621 3593 τίνων
638 3534 658 3615 ἡ
675 3533 843 3614 εὐδαιμονία
866 3533 898 3596 ll
921 3517 1190 3615 621611616161·
1211 3531 1280 3599 flor.
1304 3538 1326 3597 t.
1345 3534 1405 3598 103
1422 3540 1457 3595 28

90 3632 206 3697 addito
221 3633 375 3698 lemmate
390 3634 423 3696 ἐκ
437 3638 490 3716 τῆς
505 3634 632 3715 Διδύμην
644 3633 810 3718 Ἐπιτνμῆς.
828 3633 869 3698 de
892 3632 1014 3715 cologis
1035 3632 1132 3716 igitur
1155 3632 1268 3699 ethicis
1291 3634 1458 3700 verissime

91 3735 157 3800 ille.
204 3735 387 3801 sedetiam
416 3735 450 3800 in
476 3735 620 3820 physicis
648 3734 810 3820 Didymea
838 3734 990 3818 repperit.
1036 3755 1111 3800 nam
1135 3735 1281 3801 Platonis
1312 3735 1354 3801 de
1375 3735 1458 3801 ideis

90 3836 202 3920 opinio
231 3838 248 3901 1
277 3839 317 3902 12
345 3859 376 3922 p.
394 3839 459 3904 330
469 3839 509 3903 Η.
544 3839 667 3905 eisdem
694 3837 803 3903 verbis
836 3836 1023 3919 eisdemque
1049 3838 1213 3903 nonnullis
1247 3836 1372 3903 mendis
1404 3837 1458 3902 de-

90 3937 213 4022 scripta
236 3946 287 4004 661
309 3939 351 4005 61)
373 3939 514 4006 Eusebio
538 3942 574 4006 P.
597 3941 633 4004 Ε.
656 3940 704 4004 XI
727 3942 769 4004 23
802 3941 836 4004 ἐκ
863 3945 921 4003 τῶν
948 3941 1067 4024 Διδύμῳ
1095 3941 1159 4024 περὶ
1186 3945 1244 4002 τῶν
1276 3941 1457 4024 ἀρεσκόντων

90 4039 226 4104 Πλάτωνι
239 4043 482 4125 συντεταγμένων.
509 4062 549 4108 ex
563 4042 632 4107 Arii
647 4050 756 4108 autem
769 4040 902 4126 Didymi
916 4041 1075 4124 Epitomis
1091 4042 1188 4107 etiarn
1202 4041 1262 4106 XV
1277 4044 1317 4106 15
1331 4042 1459 4106 18-20

90 4142 131 4206 de
142 4140 327 4208 Stoicorum
340 4143 483 4228 physicis
494 4146 622 4229 amplae
633 4150 665 4210 61
678 4144 799 4228 probae
810 4146 944 4227 eclogae
957 4150 1138 4226 serrantur,
1149 4142 1293 4208 indidem
1306 4143 1456 4208 laciniam

91 4263 170 4309 sane
181 4243 342 4310 minutam
354 4245 452 4312 etiam
464 4245 626 4312 Stobaeus
639 4246 738 4311 tacito
752 4253 883 4312 auctore
895 4246 928 4310 in
941 4245 1084 4331 physicis
1099 4246 1115 4310 l
1133 4247 1172 4311 19
1188 4268 1219 4330 p.
1231 4247 1295 4309 414
1311 4245 1456 4329 arripuit.

90 4344 121 4410 id
132 4346 222 4429 quod
238 4347 439 4413 nullomodo
456 4348 567 4431 sugere
583 4347 724 4414 debebat
740 4350 791 4414 vel
807 4347 1015 4414 bleinekeum
1028 4350 1081 4414 vel
1094 4349 1147 4432 qui
1163 4355 1279 4432 postea
1289 4347 1376 4412 illius
1388 4370 1459 4414 sen·

90 4448 225 4514 tentiam
247 4451 391 4533 amplexi
414 4459 498 4516 sunt.
527 4469 605 4532 ergo
627 4449 708 4514 illud
735 4471 865 4533 quoque
895 4451 1025 4515 dubium
1054 4471 1119 4515 non
1143 4460 1192 4517 est
1214 4449 1290 4533 quin
1312 4449 1380 4515 Arii
1403 4450 1457 4516 Di·

90 4550 177 4634 dymi
205 4573 289 4636 opus
320 4553 501 4619 Stoicorum
529 4551 679 4618 Platonis
705 4552 983 4618 Aristotelicorum
1015 4574 1080 4617 non
1114 4559 1239 4617 tantum
1266 4552 1374 4618 etbioa
1399 4554 1457 4618 sed

90 4651 184 4717 etiam
209 4654 351 4738 physica
373 4653 608 4739 explanarent.
642 4654 702 4719 sed
730 4654 922 4722 Meinekeus
944 4655 1067 4721 inventi
1090 4655 1209 4737 gaudio
1235 4657 1339 4723 elatus
1362 4674 1458 4738 quae·

91 4773 213 4837 cunque
241 4775 304 4820 nos
337 4755 403 4819 iarn
433 4756 528 4821 Aetio
555 4755 800 4837 adsignavimus
831 4778 871 4823 ea
904 4758 1058 4841 pleraque
1084 4757 1162 4822 Ario
1195 4759 1287 4841 quasi
1321 4777 1456 4822 vacuam

92 4856 330 4940 possessionem
353 4857 538 4944 adscripsit.
576 4857 698 4924 erravit
721 4858 770 4925 vir
793 4859 998 4927 doctissimus
1021 4880 1061 4927 ac
1083 4880 1144 4927 sua
1164 4859 1357 4929 auctoritate
1379 4882 1457 4928 non-
