3442 5588
724 242 735 287 t

648 336 925 390 rnonneousnn
1399 345 1463 409 239

98 497 224 581 passim
252 499 398 583 praefixa
422 503 536 567 notula
561 503 604 566 at’
631 506 684 570 vel
706 526 746 568 ea
769 508 844 570 Plut.
871 507 1015 575 indicare
1041 510 1154 593 solet,¹
1189 513 1290 576 multa
1313 512 1407 578 docte
1430 521 1463 578 et

99 599 281 683 prudenter
302 603 442 669 conexit
463 605 552 670 velut
574 607 739 677 εὐπειθείας
761 629 788 673 e.
806 612 822 674 1
847 630 878 691 p.
895 611 971 694 223,
1000 611 1171 695 Μενέδημος
1199 635 1256 696 pro
1281 614 1461 698 Παρμενίδης

99 703 167 768 ο.3
190 724 221 787 p.
240 704 313 789 228,
335 705 504 790 πρόσκλισιν
528 709 590 774 cl
614 730 645 793 p.
661 711 734 794 233,
757 712 932 797 Δικαίαρχος
959 733 985 778 e.
1002 714 1057 796 24,
1087 713 1154 778 alia
1181 716 1286 778 minus
1316 716 1460 782 feliciter.

99 809 212 871 nmen
239 805 296 872 ille
322 826 383 873 nec
410 808 553 875 codicem
581 830 733 894 umquam
761 814 920 879 consuluit
948 835 1053 898 neque
1082 816 1211 880 omnino
1239 836 1259 880 a
1286 820 1461 901 strperioris

100 905 257 972 editionis
278 908 470 977 anctoritate
492 911 554 976 nisi
579 921 710 979 coactus
732 915 875 982 recessit.

187 1010 268 1074 Post
298 1010 444 1076 mutilam
477 1013 713 1098 barbaramque
746 1016 872 1082 Nicolai
906 1019 1086 1085 versionem
1121 1041 1192 1084 curn
1228 1021 1460 1102 elegantiorem

100 1110 219 1176 cultior
246 1111 312 1176 iam
338 1119 432 1179 aetas
458 1112 676 1201 desideraret,
709 1118 838 1184 Iulius
860 1118 1080 1185 Martianus
1102 1122 1198 1186 Rota
1228 1122 1371 1187 Venetus
1398 1144 1461 1189 me-

100 1212 193 1279 dieas
216 1212 452 1280 eruditissimus
479 1236 597 1282 novam
629 1219 774 1285 condidit
800 1221 980 1287 versionem
1003 1223 1236 1289 limatissimam
1259 1225 1461 1308 eandemque

100 1314 431 1399 interpolatissimam.
481 1337 555 1383 nam
582 1341 679 1402 quem
706 1323 888 1389 verecunde
916 1323 1119 1389 Camerarius
1147 1327 1360 1392 arcessiverat
1388 1328 1461 1393 Plu·
1589 1413 1592 1417 ⁸

100 1416 260 1502 tarchum,
284 1417 368 1485 hunc
390 1419 455 1484 iam
476 1420 637 1505 integrum
659 1423 728 1491 fere
749 1423 851 1489 invito
872 1425 997 1492 Galeno
1019 1426 1202 1492 inculcavit.
1237 1429 1351 1511 quibus
1374 1432 1460 1496 leno·
1515 1444 1521 1459 ·

100 1518 194 1585 ciniis
215 1521 365 1587 effectum
388 1530 447 1608 est,
470 1523 525 1589 vix
547 1531 582 1590 ut
604 1525 741 1609 pristina
763 1526 864 1592 libelli
889 1527 1017 1592 exilitas
1039 1529 1302 1611 adgnosceretur.
1336 1532 1377 1597 de
1399 1533 1460 1599 hac

99 1622 228 1689 ratione
250 1642 345 1690 nemo
368 1625 476 1691 verius
498 1626 654 1693 iudicavit
675 1648 772 1711 quam
787 1629 930 1712 Lacuna,
953 1629 1006 1711 qui
1022 1629 1055 1695 in
1072 1631 1211 1713 epistula
1225 1636 1460 1717 nuncupatoria

100 1744 180 1792 suae
202 1727 344 1793 versioni
366 1728 546 1812 praemissa
566 1729 589 1796 s.
606 1731 644 1794 6Γ
668 1741 777 1812 postea
799 1743 911 1808 autem,
931 1732 1044 1816 inquit,
1067 1735 1240 1798 Martianus
1265 1737 1345 1800 licta
1362 1741 1458 1802 cirin

100 1831 223 1894 latitat
244 1840 273 1894 et
295 1835 425 1896 Graecis
446 1834 545 1896 literis
566 1836 650 1896 citra
671 1838 914 1901 controuersiam
936 1836 1141 1912 doctissimus,
1165 1839 1330 1902 admolitur
1347 1862 1458 1905 mama

100 1938 234 2016 repotia
249 1944 396 2018 aequalia
410 1947 455 1999 ert
470 1936 665 2000 tralationem
679 1948 821 2015 veterem,
836 1958 962 2020 eamque
978 1940 1066 2020 lonpe
1081 1943 1297 2022 elepaatiorem
1312 1946 1458 2022 reddidit,

104 2043 231 2106 adirrtur
253 2041 375 2102 interim
397 2042 528 2104 Graecis
550 2042 723 2120 codicibus,
752 2044 877 2106 wormio
900 2042 1019 2122 quidem
1041 2043 1120 2119 illis,
1149 2044 1205 2105 sed
1226 2047 1459 2111 mendacissime

99 2144 133 2226 [l.
148 2143 405 2225 mendosissime}
434 2142 541 2219 Quare
557 2153 684 2208 eoactum
706 2146 859 2207 interdum
879 2144 940 2223 fuit
964 2145 1122 2206 divinare:
1143 2146 1305 2222 interdum,
1328 2149 1459 2212 obtrrm-

99 2255 173 2311 eata
188 2249 391 2328 exemplario,
414 2267 455 2309 ea
469 2249 536 2310 rua
549 2249 680 2311 dormiit
702 2244 878 2329 [intercidit
888 2247 1024 2326 irripere
1039 2246 1079 2328 et]
1103 2254 1302 2328 (peripsam
1315 2250 1459 2327 pbiloso-

99 2353 192 2431 pliea
206 2360 237 2416 et
247 2352 378 2433 optima)
391 2350 529 2431 plurima
539 2351 625 2414 baud
636 2351 729 2413 dubie
743 2351 937 2422 interserere,
953 2367 1033 2429 quae
1047 2367 1198 2429 nusquam
1213 2350 1299 2429 apud
1310 2353 1458 2414 Galerium

100 2464 224 2518 mant:
244 2455 279 2518 id
301 2454 385 2535 quod
409 2454 531 2516 minime
546 2453 642 2532 pidum
657 2453 743 2515 decet
757 2453 960 2530 interpretem.
995 2449 1054 2515 sed
1069 2456 1103 2513 ut
1118 2448 1296 2532 improbam
1311 2450 1458 2517 fraudem

100 2556 301 2623 extrinsecus
323 2554 458 2619 inlatam
481 2553 616 2637 mittam,
637 2553 672 2618 in
693 2572 848 2635 germano
872 2551 997 2617 Galeno
1020 2551 1075 2616 ubi
1097 2550 1227 2616 aliunde
1247 2551 1328 2616 nihil
1344 2573 1459 2637 suppe-

99 2655 191 2725 tebat
213 2656 325 2723 auxilii
348 2675 413 2721 non
436 2655 525 2721 nulla
547 2655 594 2720 ita
615 2654 790 2721 emendata
809 2652 862 2718 vel
878 2655 1008 2737 expleta
1023 2661 1107 2737 sunt,
1130 2660 1165 2718 ut
1181 2653 1323 2719 codicem
1338 2654 1457 2720 bonum

99 2759 139 2826 ad
162 2778 293 2826 manum
316 2757 417 2824 fuisse
440 2777 645 2840 magnacum
660 2756 729 2822 veri
744 2755 952 2822 similitudine
974 2755 1090 2837 aliquis
1112 2754 1260 2820 coniciet.
1286 2756 1374 2821 velut
1396 2759 1459 2822 ci

99 2883 128 2945 p.
144 2863 210 2928 224
240 2860 295 2927 nbi
322 2859 375 2927 ed.
397 2860 498 2943 prino.
522 2864 714 2941 ceteraeque
743 2859 890 2942 σποράδην
921 2864 998 2924 ante
1029 2857 1167 2942 εἰρημένα
1195 2856 1315 2941 omisit,
1350 2878 1458 2925 nonne

98 2962 214 3028 mirum
228 2983 250 3029 a
263 2963 425 3029 Martiano
440 2962 526 3026 Rota
546 2964 682 3043 sparsim
704 2970 733 3024 et
753 2961 824 3040 trae
845 2961 930 3023 dictu
952 2966 1106 3025 novatum
1129 2959 1223 3025 esse?
1252 2966 1308 3023 aut
1323 2961 1409 3026 unde
1425 2961 1458 3026 in

96 3065 239 3148 priorum
267 3064 406 3132 lectione
436 3065 510 3129 κατὰ
540 3065 592 3146 μὲν
619 3062 767 3148 Ἰσοκράτη
789 3061 853 3126 c.8
875 3082 906 3144 p.
924 3063 987 3127 235
1017 3063 1272 3128 Xenocratem
1305 3062 1458 3128 odoratus

95 3172 146 3232 est
167 3166 231 3232 nisi
254 3186 295 3233 ex
317 3166 428 3233 codice
450 3185 547 3231 manu
570 3165 714 3250 scripto?
740 3170 774 3229 at
796 3163 824 3228 is
846 3163 973 3229 Nicolai
996 3163 1173 3246 exemplari
1196 3163 1376 3229 simillimus
1397 3164 1458 3230 fnit

96 3274 132 3334 nt
146 3288 245 3334 ovum
260 3288 323 3334 ovo
346 3267 416 3335 sive
437 3267 545 3352 potius
566 3268 664 3352 plane
678 3267 774 3334 idern.
808 3287 850 3333 ne
869 3266 980 3350 multa,
1003 3266 1107 3350 ipsam
1122 3265 1248 3331 Nicolai
1263 3267 1456 3352 versionem,

96 3391 162 3436 non
173 3370 320 3437 codicem
330 3370 529 3455 inspexerat,
540 3369 574 3435 id
586 3369 673 3453 quod
684 3370 770 3437 idem
782 3369 915 3434 Lacuna
926 3369 1067 3435 breviter
1078 3368 1324 3452 significaverat.
1351 3369 1457 3435 exNi-

96 3473 190 3538 eolao
201 3470 300 3556 igitur
310 3491 382 3538 eum
394 3471 611 3539 Xenocratem
623 3492 715 3538 sunm
728 3479 760 3540 et
772 3471 892 3537 omissa
903 3470 959 3536 illa
972 3471 1073 3537 verba
1084 3471 1219 3555 arripuit
1231 3478 1298 3536 tum
1314 3471 1457 3555 capitula

97 3573 258 3659 quaedam
281 3593 365 3657 quae
379 3573 456 3639 illuc
477 3573 608 3641 aliunde
629 3575 732 3640 inlata
754 3594 827 3642 esse
849 3572 916 3638 dixi
939 3594 1004 3638 non
1026 3573 1097 3639 sine
1119 3580 1189 3638 arte
1207 3573 1240 3637 in
1256 3593 1348 3638 suum
1363 3594 1456 3639 usum

98 3674 267 3743 convertit
301 3675 391 3742 velut
414 3694 455 3741 ex
477 3696 503 3742 c
520 3678 542 3741 4
562 3697 628 3743 non
644 3676 748 3742 solnm
766 3675 973 3760 Pythagorae
988 3675 1184 3742 mentionem
1199 3676 1374 3760 transtulit,
1397 3676 1456 3743 sed

97 3778 194 3844 etiam
217 3783 363 3844 exuemo
386 3777 494 3862 capite
512 3779 717 3862 prolixiorem
733 3777 775 3845 de
790 3777 945 3861 Aristippi
961 3797 1084 3843 summo
1101 3777 1185 3843 bono
1202 3777 1455 3861 disputationem

97 3880 328 3966 ePhilopono
357 3879 546 3946 arcessitam
576 3864 815 3966 amplificavit'
839 3881 984 3946 ordinem
1022 3880 1163 3963 capitum
1191 3879 1354 3945 turbatum
1383 3900 1455 3945 esse

97 3982 292 4049 dardanum
307 3983 423 4048 Rotam
445 3989 573 4048 eentum
595 3983 759 4050 bominem
780 4002 847 4047 non
867 3981 1005 4066 fugerat,
1026 3983 1137 4066 itaque
1152 4002 1211 4047 suo
1231 3987 1334 4047 marte
1354 3988 1456 4046 trans-

98 4085 216 4171 posuit,
239 4084 298 4152 sed
321 4103 385 4167 qua
407 4083 490 4150 solet
511 4084 642 4151 licentia
664 4084 773 4150 omnia
794 4104 920 4149 sursum
943 4084 1105 4150 deorsum.

179 4187 221 4252 In
252 4186 355 4252 latina
381 4184 498 4251 Geloni
527 4187 669 4254 editione
698 4205 782 4270 quae
807 4186 985 4253 Venetiis
1014 4190 1097 4253 1562
1130 4187 1218 4269 apud
1252 4185 1455 4252 Vincentium

99 4288 295 4374 Valgrisinm
317 4286 446 4372 prodiit,
468 4286 553 4353 inter
575 4289 756 4373 complures
784 4287 927 4355 eiusdem
949 4288 1137 4372 interpretis
1158 4288 1326 4354 versiones
1349 4287 1455 4352 editur

96 4389 240 4476 (Galeno
256 4389 360 4455 adscr.
377 4388 448 4453 libr.
471 4409 502 4471 p.
519 4387 567 4474 5):
591 4391 710 4456 Galerio
733 4391 898 4455 attributus
921 4393 999 4455 iiber
1021 4393 1060 4455 de
1074 4393 1205 4453 historia
1224 4390 1454 4470 puttosopttca:

94 4494 143 4558 lo.
167 4493 314 4574 Baptista
339 4491 505 4555 Rarario
534 4494 708 4575 interprete.
745 4493 807 4559 boc
830 4512 963 4559 munere
990 4493 1078 4559 haud
1110 4492 1223 4557 inscite
1250 4490 1379 4557 functus
1405 4498 1456 4556 est

93 4593 163 4679 ille,
178 4595 233 4678 qni
248 4591 393 4660 medicus
406 4590 467 4656 fuit
477 4590 628 4678 idemque
640 4615 828 4678 graecarum
842 4594 1080 4677 latinarumque
1095 4595 1275 4660 litterarum
1290 4593 1455 4677 professor

98 4743 395 4751 ——--———-
403 4742 497 4749 -----—-·

170 4819 178 4851 ¹
195 4823 262 4887 parti
276 4821 315 4870 1v
334 4821 462 4884 praelatae
480 4819 523 4869 ‘in
541 4834 602 4881 uno,
622 4822 713 4882 inquit,
732 4827 756 4870 et
770 4817 854 4869 altero
868 4816 958 4869 libello
969 4822 1021 4869 τῶν
1033 4816 1115 4870 νόθων
1127 4818 1238 4884 seriptis
1257 4817 1345 4868 adiuti
1364 4834 1452 4867 stomun

101 4906 211 4957 eiusdem
231 4905 379 4972 arpumeuti
396 4903 511 4955 aliorum
530 4914 558 4954 ut
578 4905 605 4954 in
628 4905 794 4973 Dopmatis
813 4915 837 4957 et
856 4904 1035 4972 astrolapicia'.
