3442 5588
471 337 1202 439 wel&
1454 334 1517 398 νυ

294 442 502 494 PLUTARCHI
520 444 614 494 EPIT.
628 443 698 494 1v8
997 443 1154 495 STOBAEI
1173 436 1418 502 EcL.150[42]1

828 597 845 649 6
902 580 1143 666 Ἀριστοτέλης
1169 580 1221 664 τὴν
1248 575 1384 661 αἴσθησιν
1416 576 1474 639 ἑτε-

864 682 979 767 ροίωσιν
1000 682 1144 768 αἰσθητοῦ
1167 684 1215 746 καὶ
1239 680 1395 764 μεσότητα.
1418 702 1474 742 κοι-

862 785 914 869 νὴν
940 786 973 848 δὲ
1000 783 1136 870 αἴσθησιν
1163 787 1215 870 τὴν
1242 786 1301 847 τῶν
1328 781 1474 845 συνθέτων

776 938 781 947 .
861 887 947 951 εἰδῶν
971 890 1111 972 κριτικήν,
1134 887 1174 958 εἰς
1193 888 1229 972 ἣν
1244 889 1334 948 πᾶσαι
1350 885 1474 968 συμβάλ-

861 994 958 1054 λουσιν
991 991 1022 1053 αί
1055 991 1147 1055 ἁπλαῖ
1177 991 1229 1058 τὰς
1262 988 1335 1057 ἰδίας
1364 987 1506 1070 ἑκοίστηο

860 1093 1029 1178 φαντασίας,
1051 1094 1081 1157 έν
1104 1091 1125 1176 ᾗ
1148 1094 1181 1156 τδ
1206 1090 1395 1175 μεταβατικὸν
1422 1087 1468 1173 ἀφ’

861 1196 961 1281 ἑτέρου
987 1197 1028 1266 εἰς
1051 1196 1148 1279 ἕτερον
1170 1194 1230 1257 οἷον
1252 1194 1404 1278 σχήματος
1427 1191 1474 1253 καλ

861 1300 1001 1383 κινήσεως
1029 1300 1179 1380 σώματος,
1206 1297 1236 1360 ἐν
1265 1295 1395 1379 μεθορίῳ
1423 1298 1475 1356 τοῦ

861 1405 976 1484 λογικοῦ
1008 1402 1058 1465 καί
1084 1404 1135 1462 τοῦ
1158 1400 1264 1481 ἀλόγου
1287 1399 1403 1481 μνήμης
1425 1396 1474 1458 καί

860 1509 911 1567 νοῦ
945 1503 1110 1589 μετέχουσα
1137 1501 1316 1565 διατείνουσα
1345 1499 1393 1561 καί
1426 1499 1473 1560 ἐπὶ
1487 1517 1511 1556 ιο

860 1606 896 1669 τὰ
928 1605 1019 1688 ἄλογα
1041 1609 1099 1669 τῶν
1127 1603 1223 1690 ζώων,
1252 1598 1317 1665 καθ’
1343 1602 1359 1665 δ
1382 1601 1475 1683 ποσὴν

861 1709 986 1777 διανοίας
1024 1705 1178 1790 ἀναλογίαν
1217 1703 1293 1790 ἔχει.
1329 1703 1411 1766 κοινὰ
1445 1700 1470 1765 δ’

861 1810 936 1874 ἐστὶν
965 1808 1061 1895 ὄψεως
1090 1810 1142 1893 μὲν
1171 1809 1218 1873 καλ
1252 1808 1331 1892 ἁφῆς
1362 1810 1475 1891 σχῆμα,

860 1911 956 1997 ὄψεως
973 1912 1068 1975 δὲκαὶ
1084 1912 1176 1996 ἀκοῆς
1192 1912 1348 1993 διάστημα,
1372 1910 1474 1970 πασῶν

860 2015 893 2077 δὲ
915 2013 1025 2098 κίνησις
1047 2014 1094 2077 καὶ
1118 2012 1241 2096 μέγεθος
1264 2012 1312 2074 καὶ
1334 2009 1470 2095 ἀριθμός.
1482 2028 1508 2067 ιο

828 2132 844 2182 7
906 2115 949 2182 Οἱ
984 2116 1137 2180 Στωικοὶ
1169 2115 1256 2200 τήνδε
1289 2115 1342 2197 τὴν
1377 2111 1475 2195 κοινὴν

860 2219 996 2304 αἴσθησιν
1018 2221 1098 2290 ἐντὸς
1120 2219 1198 2304 ἁφὴν
1220 2216 1475 2301 προσαγορεύουσι,

859 2321 923 2386 καθ’
952 2324 988 2406 ἣν
1010 2324 1059 2386 καὶ
1074 2325 1160 2406 ἡμῶν
1182 2319 1278 2383 αὐτῶν
1301 2318 1474 2402 ἀντιλαμβα-

860 2425 983 2508 νόμεθα.

827 2535 843 2586 8
904 2526 945 2592 Οἱ
982 2526 1135 2590 Στωικοί
1173 2526 1317 2608 σωμάτων
1350 2523 1400 2591 τὰς
1433 2521 1511 2585 aiio

862 2632 993 2714 σθήσεις.

829 2748 844 2799 9
907 2731 944 2797 Οἱ
967 2733 1026 2795 ἀπὸ
1048 2735 1106 2793 τῶν
1129 2728 1261 2815 ἀρχαίων
1283 2733 1342 2791 τῶν
1361 2727 1476 2810 περὶτὰ

862 2839 986 2917 σώματα
1009 2834 1174 2916 ἀσωμάτων
1196 2832 1290 2914 λόγων
1317 2831 1391 2913 ἅπερ
1417 2828 1475 2911 ἤδη

862 2940 1002 3023 σχήματα
1024 2934 1293 3020 προσαγορεύουσιν.

239 3036 438 3105 λεύκιππος
487 3037 708 3120 Δημόκριτος
756 3036 853 3119 τὴνΙθ
906 3040 1107 3108 Λεύκιππος
1133 3036 1357 3121 Δημόκριτος
1382 3033 1511 3098 ’Eas-2⁵

195 3137 332 3220 αἴσθησιν
369 3138 417 3200 κοιλ
451 3140 503 3221 τἠν
541 3138 638 3219 νόησιν
680 3137 809 3220 γίνεσθαι
862 3166 986 3227 χοορος
1008 3141 1060 3225 τὴν
1082 3138 1219 3222 αἴσθησιν
1242 3138 1289 3201 καὶ
1309 3138 1361 3222 τὴν
1377 3137 1474 3221 νόησιν

195 3241 326 3303 εἰδώλων
353 3237 461 3308 ἔξωθεν
490 3240 677 3325 προσιόντων·
709 3241 809 3325 μηδενὶ
860 3246 989 3330 γίνεσθαι
1011 3243 1141 3307 εἰδώλων
1162 3239 1270 3311 ἔξωθεν
1285 3240 1473 3323 προσιόντων.

196 3343 249 3426 γὰρ
272 3343 435 3427 ἐπιβαλλειν
459 3344 617 3427 μηδετέραν
643 3344 736 3430 χωρὶς
757 3347 809 3407 τοῦ
862 3349 961 3432 μηδενὶ
972 3348 1026 3431 γὰρ
1038 3347 1201 3431 ἑπιβυλλειν
1214 3343 1372 3428 μηδετέραν
1385 3341 1476 3426 χωρὶς

173 3445 424 3528 σπροσπίπτοντος
446 3448 579 3510 εἰδώλου.
860 3455 912 3514 τοῦ
933 3449 1170 3533 προσπίπτοντος.

820 3569 849 3621 11
903 3550 942 3617 Oi
963 3551 1046 3616 ἄλλοι
1068 3551 1154 3614 εἰδῶν
1173 3550 1193 3634 ἢ
1209 3548 1401 3635 σχημάτωνγ
1416 3548 1474 3610 ἑτε·
1487 3565 1512 3603 ιο

897 3805 911 3857 1
930 3807 944 3870 ξ
961 3807 972 3858 l
987 3817 1089 3873 praeter
1100 3812 1126 3862 D
1140 3814 1217 3863 etiam
1229 3812 1251 3862 C
1264 3814 1390 3861 servavit:
1405 3825 1455 3860 om.
1469 3810 1489 3859 F
1502 3803 1516 3872 il

860 3892 876 3944 2
903 3902 961 3959 post
993 3893 1118 3965 μεσότητα
1151 3901 1269 3950 lacunam
1297 3895 1423 3949 indicavit
1452 3898 1518 3948 Mei-

859 3981 934 4031 neke.
957 3984 1003 4033 sed
1016 3984 1088 4034 deest
1100 3986 1164 4035 nihil
1183 3988 1214 4036 cf.
1227 3988 1336 4036 Aristot.
1350 3986 1375 4035 d.
1389 4001 1431 4035 απ.
1445 3985 1472 4033 11
1487 3982 1516 4033 ll

861 4087 884 4134 p.
896 4067 960 4120 424⁸
969 4070 993 4132 4,
1013 4089 1038 4120 v.
1054 4073 1125 4122 ΡτυΙ.
1144 4090 1168 4136 ρ.
1180 4070 1239 4125 215.
1259 4071 1387 4140 κοινὴν-
1399 4069 1521 4138 κινήσεως

861 4156 908 4209 ι’.8
923 4160 1028 4208 iteratur
1042 4162 1068 4208 in
1082 4161 1189 4210 Placitis
1204 4162 1245 4210 lv
1260 4161 1293 4212 10
1305 4171 1325 4222 τ,
1344 4162 1412 4210 unde
1427 4160 1520 4210 menda

861 4247 886 4295 D
910 4248 1087 4309 emendantur,
1118 4263 1183 4310 quae
1212 4252 1337 4298 memoria
1364 4250 1442 4313 digna
1466 4263 1520 4297 non

860 4344 920 4384 sunt
947 4331 961 4401 ΙΙ
991 4334 1025 4386 θθ
1048 4333 1064 4402 ἡ
1089 4332 1183 4397 [πιθα]
1212 4335 1316 4385 στωικοὶ
1343 4337 1367 4385 Ι)
1398 4331 1411 4401 Η
1439 4330 1471 4383 21
1497 4330 1520 4382 ολ

860 4422 954 4487 [τουπ]
979 4420 1028 4473 ἀπὸ
1053 4427 1105 4473 τῶν
1131 4421 1251 4490 ἀρχαίων.
1279 4424 1400 4474 mendum
1425 4422 1519 4471 subest.

861 4527 921 4560 num
941 4508 963 4559 ολ
983 4507 1031 4560 ἀπὸ
1050 4515 1102 4561 τῶν
1121 4506 1289 4579 μαθημάτων,
1308 4520 1336 4560 ιιι
1347 4512 1467 4560 audiatur
1485 4507 1520 4576 γί-

860 4592 960 4663 γνεσθαι
986 4597 1031 4654 τὰς
1057 4594 1200 4666 αίσθήσιιςέ
1231 4600 1263 4649 cs.
1287 4600 1357 4649 Prol.
1382 4615 1405 4663 p.
1427 4596 1476 4648 185
1504 4593 1517 4662 Η

860 4682 894 4736 30
927 4687 1001 4749 plura
1032 4694 1153 4752 corrupta
1183 4694 1249 4736 sunt.
1291 4694 1388 4736 certum
1418 4686 1520 4735 videtur

860 4771 1012 4841 ἑτεροιώσει,
1038 4772 1064 4824 ἐν
1090 4771 1160 4841 ψυχῇ
1184 4769 1293 4822 τυπώσει
1316 4772 1462 4824 Stoicorum
1486 4773 1518 4821 es.

860 4863 932 4913 Sext.
951 4863 1004 4913 VII
1023 4859 1082 4914 229.
1101 4862 1248 4927 Diog.V1[
1267 4859 1308 4913 50.
1328 4862 1406 4912 Philo
1425 4861 1458 4909 de
1477 4861 1517 4923 gi·
