3442 5588
258 315 300 378 92
625 315 662 362 VI
699 313 748 363 Du
767 308 978 361 PLUTARCHI
998 310 1086 358 VITA
1108 307 1248 357 nonunt

258 484 484 570 Ξενοφάνης1
509 486 542 548 δὲ
565 482 623 546 κατ’
651 481 742 551 ἐνίους
765 482 798 545 ἐκ
820 485 888 563 γῆς·

300 589 334 651 ἐκ
356 588 438 670 γαίης
454 589 507 671 γὰρ
522 589 615 650 πάντα
631 587 679 648 καὶ
694 584 735 653 εἰς
750 588 803 666 γῆν
819 583 911 644 πάντα

782 687 911 747 seleucii.

300 793 333 857 ἐκ
349 793 489 856 πλειόνων
505 793 537 855 δὲ
557 792 605 854 καὶ
628 790 811 873 ἀριθμητῶν,
834 788 912 849 δυοῖν

259 896 311 976 μὲν
322 900 375 978 γης
387 919 418 958 τε
430 896 477 958 καὶ
489 896 591 962 ὕδατος
605 935 612 950 .
626 940 633 955 .
647 940 655 954 .
670 935 677 950 .
689 889 747 955 κατ’
761 889 852 958 ἐνίους
864 889 911 950 καί

260 999 276 1058 ό
298 994 488 1081 Κολοφώνιος
511 996 728 1079 Ξενοφάνης·
751 993 822 1076 φησί
845 993 898 1074 γὰρ

302 1102 405 1169 πάντες
427 1101 480 1182 γὰρ
507 1100 589 1183 γαίης
616 1120 647 1159 τε
673 1097 720 1158 καὶ
745 1096 846 1163 ὑδατός
869 1094 913 1156 ἐκ·

751 1197 913 1279 γενόμεσθα

259 1300 429 1387 (Ὅμοιοι
452 1299 527 1384 e>¹

301 1506 364 1570 ἀλλ’
402 1509 483 1589 ὑμεῖς
523 1507 574 1588 μὲν
615 1508 717 1573 πάντες
749 1503 826 1584 ὕδωρ
864 1503 912 1564 καὶ

679 1610 747 1687 γαῖα
769 1604 910 1727 γένοισθε.

300 1713 378 1774 ἐκ
344 1736 396 1795 γης
409 1712 442 1774 οὲ
453 1733 501 1772 και
492 1711 634 1793 αἰθέρος
650 1707 693 1773 1.
682 1707 855 1792 οριπίδης
872 1711 912 1776 tn

260 1815 393 1897 πάρεστιν
414 1812 617 1882 ἐκδέξασθαιέ
618 1836 635 1873 ιι
651 1835 701 1874 του
687 1811 808 1893 λέγειν
824 1810 911 1874 αὑτόν

1007 676 1102 741 Prob.
1119 699 1151 761 p.
1167 678 1256 756 21‚3

965 784 1041 844 Sum
1075 784 1128 862 qni
1159 781 1240 844 binis
1272 781 1437 861 principiis
1473 776 1621 839 mnndum

966 884 1186 947 discriminent.

966 1007 1037 1050 nom
1057 985 1306 1065 Xenophanes
1329 983 1538 1064 Colophonius
1555 991 1620 1043 ter·

965 1110 1034 1153 rom
1056 1100 1084 1151 et
1108 1108 1222 1171 αριιοικ
1242 1088 1392 1168 prodidit.

966 1312 1150 1376 quamquam
1182 1293 1259 1354 hoec
1292 1300 1386 1354 anteo
1415 1292 1455 1354 ob
1484 1291 1621 1355 llomero

965 1405 1102 1459 tractatu
1123 1397 1165 1457 sit
1188 1397 1295 1475 opinio

1007 1496 1065 1562 ἀλλ’
1095 1499 1176 1578 ὑμεῖς
1199 1498 1251 1579 μὲν
1274 1498 1376 1566 πάντες
1393 1497 1470 1581 ὕδωρ
1485 1497 1534 1560 καὶ
1553 1500 1622 1579 γαῖα

1477 1600 1621 1682 γένοισθε.

1007 1705 1158 1765 corneutit
1185 1704 1217 1763 in
1254 1721 1381 1764 rinmero
1411 1702 1623 1783 Euripides

964 1808 1019 1869 sed
1030 1808 1161 1886 speciem
1174 1806 1379 1866 discriminat.
1407 1814 1524 1867 terram
1538 1807 1621 1867 enirn

492 1914 512 1954 ³³
576 1956 596 1997 ρ
660 1911 680 1952 *
965 1918 993 1971 et
1008 1928 1110 1970 aerem
1125 1908 1245 1970 inducit
1258 1909 1418 1988 principio
1432 1928 1535 1971 rerum
1550 1928 1618 1971 esse

964 2014 997 2074 in
1019 2011 1156 2090 Antiopa
1178 2009 1229 2091 [fr.
1244 2011 1308 2074 935
1330 2010 1385 2093 Νη

1007 2112 1089 2196 (όρδις
1112 2114 1160 2176 τὸν
1184 2115 1258 2196 ὑψοῦ
1281 2111 1352 2175 τόνδ
1377 2111 1495 2196 ἄπειρον
1514 2111 1623 2196 αἰθέρα

1008 2216 1056 2277 καί
1082 2221 1135 2299 γῆν
1163 2214 1243 2298 πέριξ
1265 2214 1362 2300 ἔχονθ’
1395 2217 1493 2299 ὑγραῖς
1519 2214 1552 2277 ἐν
1575 2214 1623 2296 ἀγ·

1498 2317 1624 2399 nohum,

939 2340 942 2483 1
1008 2426 1108 2483 τοῦτον
1124 2423 1224 2502 νόμιζε
1238 2420 1330 2505 Ζῆνα,
1345 2419 1420 2484 τόνδ’
1442 2422 1514 2503 ἡγοῦ
1528 2417 1624 2501 θεόν.)

966 2545 998 2605 p.
1019 2525 1068 2591 10,
1085 2524 1125 2586 33

1013 2627 1062 2687 En
1079 2627 1127 2686 his
1142 2623 1306 2707 (qtiuttuor
1321 2623 1502 2708 elementis)
1517 2627 1625 2686 omnia

967 2748 1033 2790 esse
1054 2738 1164 2808 posteo
1185 2727 1323 2806 effipiam
1347 2728 1466 2790 Stoici
1493 2728 1623 2789 trudunt

968 2831 1096 2893 Zenon
1119 2829 1233 2893 Citieos
1255 2839 1283 2891 et
1306 2830 1535 2913 Chrysippus
1557 2832 1622 2892 So-

969 2933 1055 2995 laens
1072 2942 1100 2994 et
1119 2932 1315 2995 Cleanthes
1337 2933 1447 2995 Assius
1461 2935 1513 3015 qui
1527 2935 1624 3013 prin-

260 2525 365 2607 αἰθέρα
378 2526 424 2586 καὶ
435 2529 517 2605 γαῖαν
529 2526 643 2585 πάντων
655 2521 812 2603 γενέτειραν
825 2522 914 2583 ἀείδω

261 2628 293 2689 ἐκ
316 2629 463 2709 τεσσάρων
486 2627 518 2687 δὲ
542 2629 557 2688 ὑ
577 2623 812 2707 Ἐμπεδοκλῆς

260 3018 416 3026 .-—---.-—.
426 3020 459 3025 -.
480 3020 551 3025 -.—
576 3017 649 3025 ...—

333 3084 339 3113 ¹
359 3085 482 3135 Sentisne
504 3090 610 3151 apposui
636 3104 687 3136 non
712 3090 799 3150 quisliu
822 3091 875 3152 ipse
900 3093 1008 3154 scriptor
1027 3095 1091 3139 mirn
1109 3092 1228 3139 socordis
1248 3091 1392 3154 descripsit,
1416 3092 1461 3140 sed
1484 3092 1571 3154 quatis
1597 3092 1624 3138 iu

261 3174 401 3237 exemplari
416 3175 543 3223 invenisse
557 3176 684 3237 putandus
697 3188 742 3224 ost.
763 3193 822 3225 itum
835 3176 849 3238 ξ
862 3175 913 3227 314
933 3176 962 3226 ἐκ
976 3174 1094 3226 πλειόνων
1107 3175 1147 3238 δέ,
1161 3180 1251 3240 inquit,
1269 3176 1312 3226 καὶ
1325 3173 1479 3245 άμεθμητιὺν,
1497 3174 1563 3227 δυοῖν
1577 3175 1624 3241 μὲν

260 3263 304 3326 γῆς
322 3276 349 3309 τε
368 3260 410 3309 καὶ
429 3256 517 3316 ὑδατός
536 3257 549 3309 ὑ
562 3260 667 3328 ποιητὴς
676 3257 786 3330 Ὅμηρος
799 3260 839 3314 ὁτὲ
853 3263 897 3329 μὲν
910 3261 990 3329 λέγων
1005 3259 1129 3313 ‘dinturnis
1144 3291 1174 3298 --
1190 3259 1293 3331 't'nn'siss
1313 3266 1374 3328 quId
1391 3273 1474 3329 potest
1486 3264 1624 3314 absurdius

259 3351 398 3412 coniungi?
418 3354 527 3412 pertinet
537 3352 605 3398 sitim
616 3366 704 3399 versus
718 3353 868 3401 Homericus
879 3353 912 3400 nd
925 3353 1124 3400 confirmandum
1136 3352 1158 3400 'I‘
1166 3351 1180 3399 h
1188 3353 1283 3400 uteris
1294 3354 1443 3415 opinionem
1453 3351 1467 3414 ξ
1477 3350 1537 3411 313,
1551 3351 1623 3414 quod

259 3451 291 3484 ex
312 3436 398 3484 Probo
418 3437 548 3485 Plutarchi
569 3438 630 3485 Vita
649 3454 670 3486 c.
685 3435 718 3487 93
745 3441 824 3489 Abtiu
844 3441 855 3488 1
876 3438 915 3489 3ο
934 3441 995 3488 satis
1014 3446 1121 3486 coiistut.
1142 3448 1194 3487 tum
1208 3440 1325 3503 Euripidi
1346 3455 1447 3488 versum
1470 3433 1559 3507 αἰθέρα
1579 3437 1624 3487 καὶ

260 3526 331 3588 γαῖαν
351 3521 450 3570 πάντων
468 3522 604 3589 γενέτειραν
623 3520 697 3573 ἀείδω
717 3541 767 3573 non
787 3527 869 3574 solum
889 3534 993 3589 propter
1016 3534 1123 3574 metrum
1142 3525 1187 3574 sed
1207 3528 1284 3575 etium
1303 3525 1404 3574 dicendi
1428 3541 1509 3589 genus
1527 3527 1625 3590 spuriis

260 3612 345 3674 potius
370 3625 446 3671 ιγιιιιπι
471 3613 573 3659 incertis
591 3612 739 3674 fragmentis
759 3610 881 3674 [Nnuckii
899 3614 929 3662 fr.
943 3623 1007 3676 trag.
1028 3629 1051 3676 p.
1065 3610 1127 3674 534,
1147 3613 1237 3677 Eurip.
1257 3614 1286 3662 fr.
1306 3629 1331 3676 p.
1347 3607 1410 3676 28‘2]
1429 3612 1625 3676 adiungendum

261 3713 361 3746 censen.
382 3702 490 3759 pessime
510 3701 603 3748 t'uotum
624 3708 652 3746 ιιι
671 3714 758 3748 versus
777 3702 912 3763 genuinus,
932 3716 1006 3763 quem
1026 3702 1157 3764 praeteriit
1174 3700 1277 3759 Sextus,
1297 3701 1374 3748 etium
1395 3701 1420 3748 in
1435 3700 1521 3750 Probo
1542 3702 1624 3749 Inter·

261 3786 364 3834 rideret.
383 3785 429 3832 sed
442 3801 498 3834 cum
509 3787 635 3835 notissimi
650 3803 736 3835 versus
748 3783 807 3854 δρᾷς
818 3785 872 3836 κτλ.
897 3790 964 3852 apud
975 3789 1087 3838 Probum
1102 3806 1126 3853 p.
1140 3787 1179 3848 11,
1191 3786 1208 3837 8
1220 3787 1363 3835 sententiae
1375 3789 1540 3845 conveniunt,
1553 3787 1626 3835 barud

260 3872 349 3920 dubito
369 3871 573 3922 Schneidewiuo
593 3882 619 3922 et
636 3875 755 3925 Nniiekio
774 3875 936 3939 adstipulari,
962 3879 1006 3939 qui
1031 3877 1110 3927 Probi
1135 3876 1243 3923 alterum
1266 3888 1299 3921 cx
1322 3873 1404 3922 altero
1428 3874 1486 3922 loco
1509 3874 1626 3938 suppleri

261 3959 357 4007 iubent.
377 3960 408 4007 ri.
422 3974 499 4023 supra
512 3978 536 4024 p.
548 3959 590 4011 90.
609 3961 683 4011 Sexti
702 3964 825 4012 memorie
845 3979 920 4026 quum
934 3965 1067 4027 Hippolyti
1088 3963 1212 4025 excerptis
1233 3958 1319 4021 [reiut.
1340 3975 1408 4008 omit.
1428 3958 1497 4010 haer.
1517 3961 1543 4009 X
1556 3961 1580 4012 6.
1595 3958 1628 4022 7]

261 4056 378 4094 testatum
398 4047 520 4096 habemus
540 4049 599 4107 (uisi
619 4050 688 4111 quud
706 4050 749 4098 ille
769 4051 876 4098 fortasse
896 4059 963 4100 recte
983 4045 1053 4116 θαλῆ
1072 4047 1124 4099 τὸν
1144 4042 1310 4113 Μιλήσιον,
1329 4039 1447 4103 Ἵππασος
1465 4046 1510 4113 μὲν
1529 4044 1543 4097 h
1563 4040 1628 4097 Με-

260 4137 455 4189 ταποντῖνος,
475 4144 564 4184 contra
584 4138 665 4184 invito
684 4138 806 4199 scriptore
826 4138 943 4186 Platonis
962 4140 1115 4187 sententium
1133 4153 1164 4186 ex
1184 4136 1266 4198 primo
1287 4130 1352 4181 libro
1373 4149 1397 4196 p.
1411 4129 1445 4183 32
1463 4133 1580 4197 Gottiug.
1601 4142 1631 4182 et

260 4224 400 4271 minut-torn
420 4221 545 4283 quaedum
564 4224 742 4286 supplementa
760 4224 872 4281 eddidit)
896 4227 932 4272 sic
951 4225 1052 4274 turbata
1070 4233 1119 4273 est:
1144 4218 1223 4284 §313
1243 4213 1327 4286 Θαλῆς
1346 4216 1371 4269 δὲ
1390 4216 1416 4278 ἐξ
1435 4216 1532 4282 ὑδατος,
1551 4214 1628 4270 Ξενο-

261 4308 340 4374 φάνης
363 4305 388 4358 δὲ
412 4325 460 4358 κατ
488 4306 566 4365 ἐνίους
585 4307 614 4358 ἐκ
633 4324 724 4376 γης-
738 4308 816 4371 §314
835 4312 880 4376 γῆς
903 4327 929 4361 τε
950 4312 1015 4362 καὶ
1012 4307 1099 4366 ὑδατος
1126 4304 1140 4358 δ
1165 4305 1270 4374 ποιητὴς
1285 4301 1396 4374 Ὅμηρος
1420 4303 1460 4357 ὑτὲ
1484 4305 1529 4371 μὲν
1546 4304 1633 4372 ἰὺγων

257 4391 381 4445 &teutho
394 4413 467 4445 τε-
481 4391 584 4462 Ῑηθῦν’
603 4393 693 4446 ὅτὲόὲ
681 4391 804 4445 llll*
798 4401 911 4462 υμεῖι-
926 4394 1052 4465 γένοισθε.
1072 4389 1277 4464 συμφέρεσθαιδ
1299 4390 1367 4460 αὑτῳ
1386 4391 1456 4444 δοκεῖ
1472 4389 1526 4451 κατ’
1548 4392 1631 4452 ἐνίους

262 4479 332 4531 καθ’
323 4496 336 4531 ο
357 4477 520 4551 neronum:
540 4477 690 4551 Ξενοφάνης·
714 4483 775 4551 φησὶ
793 4481 854 4552 γὰρ
861 4487 994 4544 πάντες-
1009 4479 1203 4554 ἐκγενόμεσθα.
1217 4480 1246 4532 ἐκ
1266 4498 1311 4548 γης
1330 4479 1355 4531 δὲ
1375 4482 1418 4532 καὶ
1437 4477 1535 4548 αἰθίρος
1554 4474 1631 4548 Ehpt-

262 4567 333 4637 πίδης
351 4568 406 4620 κτλ.
426 4574 452 4621 in
466 4573 554 4623 Probo
569 4573 741 4637 suspicionem
755 4583 860 4623 mouent
872 4575 1044 4625 Parmeniden
1057 4574 1144 4638 opinio
1157 4569 1200 4633 [es.
1215 4571 1281 4620 inire
1294 4570 1375 4620 Clem.
1389 4570 1503 4632 Recogu.
1515 4568 1582 4617 VIII
1598 4566 1630 4619 15

262 4661 286 4707 in
308 4677 329 4707 ι·.
350 4659 381 4707 de
402 4660 494 4711 Geleni
514 4660 621 4709 historin
639 4658 714 4723 phil]
733 4668 759 4708 et
777 4660 934 4711 Artaximeni
953 4662 1049 4711 tributu
1067 4661 1230 4724 physicorum
1251 4659 1375 4708 inventio.

237 4783 246 4793 .
337 4742 397 4794 2ιιι]
422 4747 531 4796 osiridem
556 4748 662 4796 Homeri
687 4761 788 4795 versuum
808 4748 831 4795 H
846 4748 878 4796 titt
897 4748 1023 4796 adnotent
1046 4747 1145 4795 scholia
1164 4748 1265 4795 Veneta
1283 4743 1356 4793 AB:
1379 4741 1423 4792 καὶ
1446 4735 1629 4810 Ξενοφάνης

257 4831 358 4887 ιπάντες
377 4830 423 4899 γὰρ
441 4831 512 4899 γαίης
533 4831 615 4883 τεκαὶ
629 4828 718 4888 ὕδατος
730 4830 897 4899 ἐκγενόμεσθα
912 4829 1099 4900 [ἐκγεννιὺμεθα
1113 4830 1216 4896 Loyd.].
1236 4829 1265 4880 ἐκ
1278 4832 1323 4897 γῆς
1337 4829 1383 4896 γὰρ
1402 4829 1446 4892 [τὰ
1458 4831 1517 4879 add.
1531 4830 1629 4893 bend]

261 4917 341 4967 πάντα
359 4919 403 4968 καὶ
421 4918 455 4975 εἰς
473 4921 519 4987 γῆν
538 4918 630 4984 [πάντα
649 4917 815 4984 add.1.ey‹t.]
834 4917 941 4988 τελιυτγῗ
962 4918 991 4988 [ἦ
1010 4916 1088 4970 ὅτιτὸ
1106 4916 1173 4988 ὑδωρ
1189 4916 1235 4974 τὰς
1254 4916 1337 4985 ψυχὰς
1355 4914 1490 4985 διαφθείρει
1507 4917 1568 4968 odd.
1581 4916 1628 4980 A}
