3442 5588
641 332 916 383 ruossaouuss
1396 331 1455 394 201

93 501 242 580 saonen
271 501 357 564 orbis
383 521 423 563 ea
451 520 525 564 aere
550 502 712 581 compacti.
756 516 833 565 nam
861 498 946 566 hanc
968 519 1067 584 supra
1092 498 1254 583 explicavi
1280 499 1460 567 doctrinam

92 623 125 686 p.
143 603 197 668 33.
226 602 262 668 in
282 599 438 686 proximis
459 608 509 668 est
530 600 667 685 insignis
689 621 789 668 orror.

180 703 294 771 Isidos.
316 704 338 769 L
355 724 383 770 c.
405 704 445 769 21
470 703 573 787 [Suet.
588 725 621 788 p.
633 704 742 785 213R]
765 725 838 768 nam
860 706 966 769 dicunt
981 706 1080 769 Stoici
1095 723 1212 767 ornnem
1227 715 1343 770 terram
1357 725 1461 768 mon-

94 806 199 871 tibus
226 807 334 871 canat
360 826 491 888 quorum
518 807 629 869 umbra
653 808 753 887 fatur
781 808 857 871 luna
876 809 979 872 subito
1000 828 1063 872 non
1085 828 1250 889 apparere.
1295 807 1461 874 levitatem

95 908 276 976 breriantis
298 927 364 973 non
386 907 559 991 castigavit
581 906 695 974 editor.
731 908 808 990 quid
831 909 917 975 enim
933 910 1059 977 Stoicos
1082 916 1149 975 tam
1171 909 1309 994 puerilia
1330 909 1462 975 finxisse

93 1017 263 1097 putamus,
290 1029 371 1093 quos
398 1016 527 1077 constat
548 1009 701 1077 statuisse
724 1011 825 1093 [Plac.
849 1012 881 1077 11
903 1013 945 1077 29
965 1014 994 1094 6]
1017 1014 1068 1084 τὰς
1089 1013 1232 1096 ἐκλείψεις
1254 1009 1393 1098 [efficere
1416 1011 1462 1074 lu·

93 1110 184 1200 uam]
205 1114 247 1183 εἰς
269 1115 302 1178 τὸ
324 1115 454 1198 σκίασμα
475 1119 527 1198 τῆς
549 1119 602 1198 γῆς
623 1114 821 1196 ἐμπίπτουσαν
848 1113 888 1180 cf.
911 1115 1020 1181 Laert.
1044 1116 1104 1179 VH
1128 1116 1212 1180 145?
1245 1113 1302 1179 sed
1330 1113 1391 1179 iste
1418 1113 1462 1177 ad

96 1216 278 1301 priscorum
292 1215 532 1300 simplicitatem
547 1214 699 1282 redierat.
732 1234 808 1281 narn
828 1223 954 1283 montes
969 1216 1143 1283 luminibus
1158 1222 1317 1282 astrorum
1333 1214 1462 1283 oldeere

93 1317 254 1386 docuerat
285 1318 506 1385 Anaximenes
543 1316 711 1403 Hippolyt.
737 1318 754 1382 i
779 1329 803 1382 6.
851 1326 1001 1386 accurate
1040 1319 1180 1386 concinit
1217 1340 1289 1385 eum
1328 1316 1462 1384 Placitis

93 1422 265 1488 stellarum
287 1421 470 1488 sedentium
494 1419 683 1505 explicatio,
705 1440 801 1503 quam
824 1427 933 1487 tamen
955 1442 1021 1487 non
1045 1421 1220 1506 explicavit
1242 1420 1359 1487 editor:

183 1522 300 1591 Isidor.
323 1523 345 1589 l.
361 1542 387 1588 c.
410 1524 453 1588 25
476 1519 619 1609 [Sueton.
643 1544 675 1606 p.
692 1520 810 1609 meu]
843 1525 930 1604 salsa
1034 1527 1140 1606 opinio
1168 1535 1212 1588 est
1242 1532 1331 1587 noete
1355 1523 1462 1585 stellas

94 1626 212 1690 cadere
234 1647 303 1690 cnm
322 1627 460 1689 sciam
480 1646 521 1689 eo
536 1626 657 1688 aetbere
673 1627 779 1706 lapsos
801 1627 992 1708 igniculos
1013 1628 1061 1690 ire
1074 1648 1131 1709 per
1147 1629 1266 1690 caelum
1281 1628 1463 1708 portarique

93 1732 197 1792 uentis
288 1724 432 1813 [Servius
453 1746 561 1809 georg.
578 1728 673 1792 1366
695 1748 790 1810 quem
811 1729 848 1793 R.
866 1728 944 1793 citat
966 1748 1006 1795 ex
1029 1749 1147 1812 gruem
1170 1729 1235 1794 alio
1256 1726 1346 1793 fonte
1360 1723 1462 1810 fluxit]

93 1829 137 1897 ci.
161 1829 347 1896 Plocium
369 1831 424 1894 29
455 1829 641 1914 Ἀναξαγόρας
669 1830 736 1900 τοὺς
763 1831 958 1913 καλουμένους
985 1826 1152 1916 διᾴττοντας
1179 1834 1238 1897 ἀπὸ
1265 1835 1317 1894 τοῦ
1344 1830 1462 1914 αἰθέρος

93 1933 302 2019 σπινθήρων
325 1931 407 2016 δίκην
430 1932 657 2018 καταφέρεσθαι.

181 2035 323 2101 Tantum
344 2033 542 2100 Placitorum
564 2031 663 2110 refert
686 2033 937 2102 similitudinem.
972 2042 1082 2102 cetera
1104 2042 1161 2101 aut
1182 2034 1392 2102 abhorrentia
1406 2041 1463 2099 aut

96 2135 296 2223 pervulgata
318 2135 553 2221 praetermitto.
593 2135 749 2202 Varronis
770 2136 868 2220 igitur
890 2158 954 2202 uno
977 2138 1048 2203 loco
1071 2137 1248 2204 auctoritas
1269 2137 1387 2203 certius
1408 2135 1465 2200 ali·

97 2245 223 2323 quanto
246 2257 305 2323 per
327 2236 574 2321 compiIntorum
595 2237 732 2304 nebulas
746 2240 910 2323 pellueere
924 2240 1062 2307 ridetur.
1097 2259 1174 2322 ergo
1188 2238 1251 2304 nisi
1266 2237 1463 2304 Placitorum

97 2339 278 2408 similitudo
300 2339 335 2404 in
353 2339 523 2405 Censorini
546 2339 708 2425 excerptis
729 2340 901 2407 manifesto
923 2349 1094 2426 perspecta
1115 2347 1212 2425 esset,
1235 2340 1293 2406 illa
1315 2340 1463 2425 equidem

97 2444 133 2509 in
154 2440 313 2509 auxilium
335 2431 453 2508 vocare
475 2461 541 2507 non
562 2441 677 2510 ausim.
709 2463 795 2509 nunc
816 2463 894 2510 vero
910 2443 1069 2528 probatae
1083 2462 1202 2510 causae
1216 2449 1317 2509 testes
1332 2442 1464 2510 minoris

97 2546 176 2614 lidei
197 2544 357 2611 medere
377 2541 466 2609 hand
488 2544 688 2626 gravaberis.
1441 2624 1447 2633 ι

185 2649 291 2715 Varro
313 2645 540 2728 logbistoricos
563 2667 639 2712 suos
662 2647 748 2715 cirea
769 2650 874 2716 iniens
896 2658 1047 2717 octavum
1068 2669 1098 2715 a.
1123 2669 1154 2713 u.
1177 2669 1204 2714 c.
1227 2649 1369 2715 saeclum
1392 2670 1464 2716 con-

96 2750 269 2836 scripsisse
283 2746 421 2814 ridetur.
455 2768 574 2830 sequor
589 2749 674 2814 eninr
689 2751 857 2818 Bitschelii
873 2752 1032 2818 rationem
1048 2747 1169 2837 [opusc.
1183 2752 1308 2816 111414
1327 2750 1464 2816 Krische

95 2853 207 2919 Goett.
222 2852 286 2935 gel.
302 2850 394 2917 Stud.
409 2851 442 2916 Π
459 2851 543 2917 1845
565 2873 596 2935 p.
615 2854 685 2917 172.
718 2854 798 2920 nihil
815 2862 928 2921 contra
942 2852 1019 2919 iacit
1035 2853 1168 2937 Gruppe
1191 2855 1299 2920 Herm.
1316 2853 1364 2918 XI
1378 2850 1462 2939 239}

93 2954 145 3019 ‘de
169 2956 337 3032 Tuberone,
359 2953 473 3037 inquit,
496 2959 710 3019 controuersia
732 2978 798 3021 esse
820 2961 924 3041 nequit
947 2960 1020 3040 quin
1042 2959 1069 3018 is
1091 2960 1132 3019 rit
1155 2959 1189 3020 1..
1214 2958 1322 3020 Aetius
1346 2957 1463 3020 Tubero

93 3079 186 3142 ρυατνν
208 3062 349 3122 moinus
371 3058 410 3120 Μ.
429 3057 589 3122 Ciceronis
610 3069 639 3122 et
661 3060 907 3142 condiscipulum
928 3073 956 3124 et
971 3060 1221 3124 contubernalem
1243 3070 1270 3122 et
1293 3061 1418 3140 affinem
1437 3071 1465 3121 et

95 3163 299 3243 familiarem,
322 3161 358 3237 O.
382 3160 541 3225 Ciceronis
563 3163 596 3223 in
612 3161 691 3223 Asia
712 3182 742 3224 a.
761 3163 824 3225 693
846 3165 978 3244 legatum
999 3164 1149 3225 bominem
1172 3182 1241 3222 σανα
1261 3164 1465 3243 ingeniatum

96 3266 246 3329 doctina
268 3263 475 3340 accedentem,
496 3271 530 3326 at
552 3272 596 3326 est
616 3283 676 3344 pro
698 3264 830 3344 Ligario
853 3268 915 3328 ad
938 3268 988 3328 cni
1010 3267 1103 3328 etiam
1123 3264 1341 3327 Aenesidemus
1363 3263 1465 3346 λόγους

97 3367 302 3452 lloppasslosc
322 3385 397 3430 suos
418 3367 579 3447 inscripsit
595 3375 669 3430 teste
684 3367 794 3431 Plotio
816 3368 887 3432 etot.
911 3389 937 3432 c.
954 3369 1023 3429 212.
1056 3385 1132 3448 ergo
1150 3372 1186 3430 ut
1200 3367 1333 3432 tandem
1348 3367 1466 3448 longas

97 3471 161 3538 sed
185 3466 390 3536 nmoesauae
411 3466 641 3552 disputationis
663 3468 806 3534 calculos
827 3470 1058 3552 subducamus,
1085 3475 1161 3533 ante
1185 3474 1334 3534 octavum
1357 3487 1466 3534 saecu·

98 3576 169 3639 lum
201 3569 381 3637 uberrimus
403 3569 599 3636 Placitorum
627 3569 709 3636 liber
737 3571 859 3637 exstitit
882 3571 1008 3638 Stoicos
1030 3570 1270 3654 Epicureosque
1301 3571 1466 3654 multoque

97 3676 233 3744 uberius
264 3673 388 3758 priores
421 3678 454 3739 et
480 3671 635 3758 physicos
661 3679 694 3739 et
722 3674 865 3740 medicos
898 3674 1086 3757 complexus
1112 3678 1145 3737 et
1171 3672 1336 3756 proiectus
1363 3679 1419 3738 aut
1445 3691 1466 3736 a

98 3780 213 3846 Stoico
239 3782 297 3842 aut
323 3775 476 3843 eclectico
503 3775 632 3840 illorum
660 3775 769 3841 verbis
795 3796 863 3843 uso.
908 3794 984 3840 nam
1013 3775 1157 3840 recentia
1178 3776 1288 3842 insunt
1310 3779 1412 3841 multa
1434 3784 1467 3841 et

97 3881 237 3965 antiqua
263 3884 410 3945 recenter
435 3882 585 3944 bacam.
630 3898 669 3944 eo
696 3880 739 3944 ad
766 3879 969 3946 Tuberonem
996 3884 1082 3944 certe
1112 3898 1188 3943 usus
1216 3886 1266 3944 est
1288 3879 1390 3944 Varro
1413 3897 1466 3943 eo·

100 3984 243 4066 demque
257 3979 379 4046 Aetius.
414 3998 492 4063 ergo
514 4000 586 4045 cum
602 3979 769 4047 Posidonii
792 3988 825 4048 et
846 3980 1050 4064 Asclepiadis
1073 3980 1271 4064 temporibus
1286 3980 1371 4045 tetii
1392 3980 1466 4044 fons

99 4082 361 4167 circumscriptus
385 4082 441 4166 sit,
474 4081 529 4166 qui
556 4082 641 4148 idem
671 4082 733 4149 fuit
758 4083 928 4167 Varronis,
961 4088 1202 4148 vetustorum
1229 4082 1465 4147 Placitorum

100 4188 275 4272 origines
304 4183 351 4250 ab
378 4190 548 4251 exeunte
575 4206 605 4251 a.
629 4207 660 4250 u.
685 4206 711 4251 e.
735 4188 892 4251 saeculo
920 4182 1084 4268 septimo
1115 4186 1350 4268 repetendas
1378 4204 1466 4250 esse

100 4288 319 4375 consequitur.
353 4285 566 4371 Asclepiades
588 4287 622 4354 in
645 4288 815 4354 Censorini
837 4287 999 4371 excerptis
1021 4285 1062 4352 de
1085 4293 1202 4352 natura
1223 4287 1362 4353 hominis
1382 4287 1466 4354 forte

98 4416 167 4462 non
190 4395 317 4474 citatur,
339 4388 398 4454 sed
415 4387 457 4455 de
471 4390 610 4457 musices
631 4391 665 4457 ri
688 4411 714 4456 c.
728 4392 768 4456 12
790 4410 832 4457 ex
847 4390 961 4457 eodem
978 4389 1093 4474 opinor
1107 4388 1290 4475 Tuberone,
1313 4391 1356 4456 ad
1371 4412 1467 4475 quem

100 4519 178 4564 mox
193 4494 322 4562 dabitur
341 4490 473 4557 reditus.
506 4501 648 4559 ceterum
663 4513 705 4559 ne
721 4514 802 4578 opus
817 4493 946 4577 quidem
962 4498 1012 4558 est
1027 4489 1195 4557 subtiliore
1210 4510 1368 4558 annorum
1385 4514 1468 4559 com·

99 4598 281 4686 putatione.
320 4600 448 4660 constat
475 4596 622 4663 Varrone
652 4601 685 4663 et
711 4596 939 4681 Asclepiadem
967 4601 1000 4662 et
1028 4592 1237 4659 Posidonium
1265 4615 1331 4660 nna
1356 4602 1466 4662 aetate

98 4702 287 4789 superiores
309 4716 383 4763 esse
405 4693 457 4782 [ei.
480 4718 513 4782 p.
530 4697 622 4786 185³]
645 4718 750 4782 neque
772 4699 878 4765 minus
899 4705 1028 4766 constat
1050 4696 1225 4762 novissimo
1249 4697 1363 4780 cuique
1385 4698 1466 4764 libro

97 4806 245 4874 inhiasse
277 4797 488 4886 polyhistoris
514 4799 749 4886 curiositatem,
782 4809 816 4866 ut
846 4802 921 4867 hino
948 4801 1076 4886 quidem
1112 4798 1192 4863 nihil
1225 4798 1343 4864 oboriri
1370 4807 1467 4884 queat

95 4903 313 4979 difficultatis.
350 4901 409 4968 sed
431 4921 493 4986 age
516 4910 624 4969 cetera
647 4904 819 4970 rideamus
840 4924 917 4968 num
939 4901 1060 4969 nostris
1083 4899 1216 4967 calculis
1239 4901 1444 4968 conveniant.
