3442 5588
724 304 1000 354 raonscoasur
1479 305 1537 368 131

172 470 414 538 Xenocratis
442 471 594 555 placitum
624 469 672 535 ita
703 470 824 555 pendet
851 490 873 536 a
900 470 1049 534 Tulliano
1080 471 1271 555 exemplari,
1302 479 1337 538 ut
1365 472 1542 539 Krischous

173 573 393 640 certissimum
415 573 492 640 indo
513 578 741 656 argumentum
764 572 896 655 originis
915 570 1099 656 petiverit¹
1133 571 1269 656 insignis
1292 581 1341 640 est
1367 574 1543 660 praecipue

175 676 354 743 concordia
387 676 421 741 in
453 676 688 760 Aristotele,
722 675 812 741 cuius
841 673 1010 759 opiniones
1042 680 1176 758 uterque
1206 695 1263 743 eas
1295 678 1425 762 selegit,
1459 697 1543 760 quae

176 786 365 862 pugnarent
386 777 472 846 inter
493 798 529 844 se

220 884 315 948 nodo
344 885 425 946 caim
452 884 545 946 nwnti
578 881 685 944 tribuit
718 881 863 986 omnem}
932 885 1030 968 ψυχὴν
1053 881 1125 946 εἶναι
1148 887 1199 945 τοῦ
1226 885 1332 953 aditor
1358 882 1479 947 οἴεται.
1503 931 1510 945 .
1535 926 1543 942 .

178 985 373 1050 mautarn

222 1090 316 1154 mado
337 1087 484 1152 mandam
511 1089 613 1169 ipsam
642 1089 731 1152 deam
761 1089 836 1152 dicit
930 1084 1031 1150 ἔπειτα
1046 1089 1095 1150 τὸν
1111 1088 1221 1171 κόσμον
1237 1088 1306 1152 θεὸν
1322 1088 1544 1172 ἡγούμενος...

179 1213 249 1257 erse

178 1295 240 1362 aad
260 1313 398 1378 graecus
420 1292 518 1359 etiam
540 1311 600 1357 sua
622 1291 795 1357 admiscuit
817 1292 907 1358 velut
930 1295 945 1356 ὁ
969 1293 1056 1377 μέχρι
1077 1299 1130 1378 τῆς
1152 1297 1276 1380 σελήνης
1298 1295 1389 1379 αὐτῆς
1412 1296 1544 1379 διορίζων

178 1400 234 1482 τὴν
261 1397 398 1481 πρόνοιαν
427 1394 589 1461 trivialem
615 1413 695 1460 sane
726 1394 938 1479 sapientiam,
971 1394 1061 1460 cuius
1088 1396 1143 1462 vel
1172 1395 1277 1461 minus
1311 1396 1426 1462 eruditi
1452 1397 1545 1479 gnari

180 1497 313 1567 orant¹
356 1505 407 1565 est
427 1496 483 1563 ubi
505 1496 609 1563 latina
631 1495 813 1579 religiosius
834 1504 988 1581 sequatur

223 1623 281 1666 nec
306 1622 381 1666 cero
406 1601 607 1683 I'lreopbrarti
628 1604 841 1667 inconstantia
936 1601 1122 1687 Θεόφραστος
1142 1606 1259 1684 ...πῇ
1283 1603 1335 1684 μὲν
1358 1602 1479 1687 οὐρανὸν
1502 1609 1545 1685 πῇ

179 1707 314 1788 {aenda
337 1716 399 1770 cet:
424 1705 517 1769 moda
540 1705 620 1767 enim
641 1706 735 1767 menti
756 1704 841 1767 diei·
893 1706 926 1768 δὲ
949 1710 1062 1787 πνεῦμα
1085 1705 1134 1767 τὸν
1157 1705 1227 1767 θεὸν
1251 1705 1368 1768 ὑπονοεῖ

181 1829 254 1872 nan
276 1809 386 1872 tribnit
400 1810 623 1890 principatum,
644 1807 736 1869 modo
753 1808 841 1870 caelo

272 1909 439 1978 Ciceronis
453 1909 648 1994 mancipium
663 1909 846 1993 adgnoscis,
864 1910 918 1994 qui
933 1909 1202 1975 modo—modo
1218 1928 1335 1992 graeca
1349 1909 1487 1976 formula
1504 1919 1546 1995 πῇ

183 2017 345 2099 μὲν-πῇ
368 2015 401 2078 δὲ
422 2013 554 2080 minime
581 2014 707 2096 vulgari
734 2013 884 2080 reddidit
929 2014 995 2078 alia
1025 2018 1255 2080 commemorat
1277 2011 1453 2080 Krischeus
1475 2016 1496 2081 l.
1519 2037 1546 2082 c.

182 2139 213 2202 p.
228 2118 304 2183 345.
352 2114 525 2200 Epicurum
547 2115 581 2181 in
603 2116 754 2200 Epicurei
776 2115 918 2182 Tulliani
939 2115 1128 2182 recensione
1151 2136 1217 2181 non
1239 2113 1364 2181 invenit
1386 2116 1546 2184 Clemens.

183 2219 269 2287 unde
295 2217 523 2303 explicandam
552 2225 630 2302 puto
657 2218 828 2285 formulam
857 2238 923 2302 qua
943 2217 1034 2284 illum
1056 2217 1284 2302 praetermittit
1302 2215 1472 2304 Ἐπικούρου
1494 2221 1547 2302 μὲν

182 2323 234 2407 γὰρ
262 2322 354 2406 μόνου
380 2321 429 2385 καὶ
455 2321 531 2384 ἑκὼν
554 2322 715 2407 ἐκλήσομαι
738 2326 800 2386 κτλ.
834 2327 932 2404 atque
955 2320 1007 2386 hic
1029 2327 1100 2387 erat
1122 2320 1390 2405 philosophorum
1412 2321 1484 2387 finis
1505 2322 1548 2386 le·
1619 2360 1622 2366 ·

182 2422 323 2506 gitin'rus
368 2422 428 2490 sed
454 2443 551 2505 quem
581 2422 670 2507 prius
697 2425 850 2491 omiserat
879 2421 1085 2489 Heraclidem
1114 2422 1179 2488 iarn
1204 2423 1341 2490 moleste
1368 2424 1495 2489 addidit
1520 2424 1549 2485 τί

182 2527 235 2610 γὰρ
258 2523 450 2610 Ἡρακλείδης
473 2528 489 2590 ὁ
512 2526 663 2610 Ποντικόςς
696 2527 750 2591 οὐκ
778 2525 839 2592 ἔσθ’
873 2527 933 2610 ὅπῃ
962 2526 1017 2590 οὐκ
1043 2526 1090 2589 ἐπὶ
1117 2526 1153 2589 τὰ
1175 2526 1357 2611 Δημοκρίτου
1385 2529 1434 2591 καὶ
1460 2528 1548 2596 αὐτὸς

182 2627 377 2712 κατασύρεται
398 2627 516 2694 εἴδωλα.
562 2629 668 2695 Tullio
691 2629 774 2696 haec
796 2649 862 2695 non
884 2627 1052 2712 subripuit.
1097 2644 1175 2710 ergo
1197 2629 1242 2694 ad
1263 2629 1404 2714 priorem
1427 2628 1549 2694 iontem

184 2729 292 2799 rediit
337 2731 423 2798 unde
455 2730 593 2798 forsitan
625 2730 706 2797 lucis
738 2731 863 2814 aliquid
891 2729 926 2794 in
953 2729 1122 2796 obscuram
1149 2729 1331 2797 Heraclidis
1365 2730 1549 2817 opinionem

184 2833 351 2916 affulgeat
384 2853 461 2899 nam
483 2854 554 2901 cum
570 2833 732 2917 generalis
752 2832 914 2916 quaedam
937 2851 1009 2897 cum
1031 2830 1138 2896 indice
1154 2831 1308 2900 Sextiano
1331 2833 1423 2899 P.H.
1442 2833 1550 2898 11130

184 2936 361 3002 similitudo
383 2935 573 3022 intercedat,
596 2936 650 3020 qui
673 2957 714 3002 ex
736 2933 1056 3002 Pseudo-Clementis
1077 2933 1245 3001 christiani
1267 2935 1432 3021 scriptoris
1452 2936 1551 3001 Reco-

185 3038 385 3122 gnitionibus
409 3039 488 3103 VIII
503 3041 544 3104 15
566 3060 631 3104 non
653 3038 734 3104 nihil
756 3037 974 3126 supplementi
989 3036 1076 3121 capit
1099 3034 1151 3123 [cf.
1166 3037 1251 3104 inira
1272 3039 1305 3103 in
1328 3058 1356 3103 c.
1371 3037 1412 3103 de
1433 3037 1551 3103 Caleni

184 3140 258 3207 hist
274 3139 378 3230 phill,
400 3148 498 3224 atque
520 3140 608 3226 apud
630 3141 705 3206 illos
727 3141 985 3226 Di0nysiumque
1001 3140 1189 3224 episcopum
1203 3141 1237 3206 in
1253 3141 1325 3207 libri
1349 3139 1420 3224 Περὶ
1435 3141 1552 3225 φύσεως

187 3240 272 3330 [llus
298 3245 334 3308 P.
351 3244 387 3308 E.
411 3244 489 3308 XIV
512 3240 564 3329 23]
588 3250 740 3328 excerpto
763 3243 967 3309 Democritus
995 3263 1067 3308 cum
1090 3241 1264 3308 Heraclide
1290 3242 1479 3309 coniunctus
1501 3243 1552 3326 sit,

188 3344 365 3412 Clementis
394 3366 505 3413 erroro
527 3346 734 3413 Democritea
761 3346 851 3412 idola
877 3364 962 3428 quae
984 3365 1026 3412 ox
1048 3344 1205 3412 Cicerone
1226 3345 1400 3413 immiscuit
1421 3351 1554 3429 propter

190 3447 342 3514 uiciniam
356 3448 391 3514 in
402 3448 605 3515 Platonicum
620 3450 780 3514 translata
795 3468 867 3515 esse
882 3446 1037 3532 suspicor.
1061 3447 1178 3513 Zelleri
1194 3446 1323 3528 quidem
1340 3446 1554 3531 patrocinium

190 3550 287 3633 [111⁸
309 3572 342 3636 p.
358 3550 423 3617 889
431 3550 455 3634 ¹]
478 3570 595 3618 vereor
616 3570 659 3618 ne
680 3550 805 3616 irritum
826 3550 924 3617 sitin
947 3570 986 3616 eo
1009 3549 1166 3634 scriptore
1189 3549 1244 3633 qui
1265 3569 1391 3615 summa
1406 3550 1554 3615 socordia

190 3660 344 3738 excerpta
363 3673 426 3720 sua
447 3653 583 3721 miscere
605 3660 639 3720 ot
659 3653 702 3718 ad
725 3673 817 3719 snam
840 3651 1006 3718 libidinem
1021 3650 1194 3718 deflectere
1210 3653 1324 3718 soleat.
1354 3653 1413 3719 sed
1428 3659 1499 3718 utut
1513 3653 1555 3719 de

191 3754 362 3822 Heraclide
384 3755 560 3841 cogitabis,
591 3755 634 3822 de
655 3755 776 3840 duplici
799 3754 923 3838 origine
944 3773 1011 3820 non
1032 3751 1152 3838 poterit
1174 3752 1325 3820 dubitari.
1369 3757 1453 3823 alter
1474 3755 1556 3822 liber

258 3946 267 3978 ¹
286 3949 474 4012 Forscbnngsn
491 3965 518 4014 p.
530 3945 590 3998 319.
632 3945 765 3998 Vietmebr
786 3960 858 3996 mare
881 3959 911 3995 er
932 3943 1003 3996 nacla
1022 3941 1070 3994 der
1089 3941 1140 3994 Art
1158 3959 1192 3993 aa
1209 3943 1362 4009 actitem,
1387 3946 1436 3997 wie
1460 3961 1488 3996 er
1512 3945 1556 3997 dic

193 4030 297 4087 doceor
316 4032 455 4103 manebit
471 4032 531 4084 and
549 4032 601 4084 den
619 4031 739 4086 obereten
752 4028 872 4083 Himmet
883 4039 1108 4094 auennensem,
1128 4028 1258 4083 mittelbcr
1276 4031 1361 4084 daret
1380 4032 1431 4083 den
1448 4032 1557 4084 Hoerner

192 4120 268 4174 retbrt
285 4121 427 4190 onpeteitat
443 4119 553 4172 worden
571 4119 638 4172 sein

257 4205 270 4239 ¹
288 4209 357 4260 baec
375 4211 485 4261 redeunt
503 4208 598 4260 Strorn.
611 4211 637 4260 V
652 4209 684 4261 14
702 4226 728 4275 p.
741 4207 793 4261 700
801 4210 834 4260 Ρ.
853 4210 1000 4259 accuratius
1018 4207 1122 4256 exculta
1139 4221 1171 4257 ea
1189 4208 1307 4259 doctrina
1324 4215 1431 4274 apparet
1448 4210 1558 4273 primum

190 4297 256 4361 apud
274 4297 397 4350 Ocellam
416 4298 444 4348 11
463 4294 496 4348 22
514 4293 612 4359 [Zeller
629 4292 711 4358 1112,
726 4292 806 4360 117³]
824 4304 878 4346 tum
896 4297 966 4361 apud
984 4296 1092 4346 Aetium
1109 4295 1137 4346 11
1155 4294 1172 4346 4
1190 4304 1213 4342 ta
1232 4305 1258 4346 et
1275 4296 1302 4346 11
1322 4294 1337 4346 'l
1357 4303 1376 4346 t.
1406 4297 1445 4346 his
1464 4298 1559 4347 similia

190 4384 293 4436 tradam
316 4386 369 4436 iam
393 4384 539 4435 Alexandri
561 4384 733 4450 Polyhistoris
753 4383 913 4448 Pythagorei
935 4398 977 4448 ap.
996 4384 1083 4433 Laert
1103 4383 1169 4433 VIII
1188 4379 1222 4433 25
1240 4385 1271 4434 ct
1292 4381 1399 4447 [Arist]
1421 4384 1453 4434 de
1472 4384 1558 4434 mund.

190 4487 213 4536 ρ.
225 4468 298 4525 392·
313 4469 358 4525 30.
386 4471 448 4523 indo
461 4471 601 4522 CbrIstiani
614 4471 805 4536 providentiam
824 4487 856 4521 ex
869 4471 965 4521 mundo
984 4471 1117 4521 sublunari
1136 4472 1265 4521 exclusam
1285 4471 1418 4522 itentidem
1437 4473 1559 4535 referunt,

190 4568 290 4624 pnerer
315 4560 478 4611 Clementem
501 4554 634 4609 'fatiant
653 4575 677 4624 p.
694 4557 725 4610 10
735 4559 806 4611 Otto.
831 4559 936 4624 Origen.
960 4560 987 4608 in
1010 4560 1086 4623 epist.
1110 4558 1144 4609 ad
1165 4555 1270 4609 Rom.3
1290 4557 1340 4618 (IV
1357 4575 1382 4624 p.
1396 4556 1499 4611 503sn
1519 4561 1560 4611 ed.

191 4647 221 4697 de
237 4647 265 4697 la
282 4646 341 4699 Rue
360 4647 436 4699 Parte
458 4641 535 4706 1759)
552 4645 651 4696 Euseb.
664 4647 696 4697 P.
712 4647 744 4697 Ε.
758 4646 810 4697 XV
829 4643 845 4696 5
864 4654 883 4695 1.
912 4645 1017 4710 Hippoi.
1037 4646 1091 4695 VII
1112 4645 1143 4697 19
1162 4663 1187 4710 p·
1200 4642 1261 4706 325,
1276 4640 1309 4695 25
1329 4645 1445 4711 Gotting.
1473 4648 1561 4698 Theo-

193 4733 277 4784 doret.'
290 4749 329 4798 gr.
350 4734 396 4784 aff.
415 4748 467 4784 cur.
479 4733 505 4783 V
523 4731 567 4784 47.
588 4732 718 4799 Epiphan.
737 4731 887 4786 cn1496
906 4728 1096 4796 Oen1.[1087]
1115 4740 1141 4783 et
1159 4734 1224 4783 alias
1244 4731 1275 4781 cf.
1294 4731 1328 4780 A.
1346 4732 1417 4783 Jahn
1437 4735 1516 4799 symb.
1535 4736 1562 4784 in

194 4821 319 4887 EpIphan.
334 4823 402 4872 Pan.
413 4818 534 4884 [Oehlert
552 4819 682 4886 Eptplran.
702 4821 769 4871 tIV
787 4838 813 4886 p.
826 4818 876 4872 108
888 4827 914 4870 et
929 4817 990 4882 109]
1010 4819 1118 4884 Gregor.
1130 4822 1196 4871 Nau.
1210 4819 1317 4869 XXVII
1335 4835 1360 4883 p.
1374 4817 1426 4872 495
1436 4823 1471 4870 A.
1489 4820 1562 4871 Elina

195 4907 257 4959 Cret.
276 4910 317 4959 ed.
337 4909 421 4958 Jahn.
450 4909 532 4971 llige.
551 4909 643 4972 patrol.
662 4924 699 4973 gr.
719 4916 736 4957 t.
756 4908 875 4958 XXXVI
896 4923 920 4971 p.
935 4905 995 4960 765.

1305 4988 1360 5054 9*
