3442 5588
551 341 654 391 ,τοττι
673 340 775 390 νοιιο.
789 339 828 427 ii
834 335 863 388 31
878 345 937 384 ι.-ι
955 334 989 387 3ο
1002 345 1047 383 τι
1413 329 1475 394 363

268 446 478 497 ευυτιοοιιτ
497 447 590 497 νιυιτ.
603 447 631 495 ii
644 442 686 495 31.
699 442 733 496 ιο
922 442 1079 494 sionim
1098 427 1175 491 σου.
1188 440 1201 489 1
1214 436 1272 490 τοι
1291 434 1344 487 ον

158 586 218 650 ἀπδ
251 589 304 669 τὴς
330 589 384 668 φής
411 585 535 649 σταδίων
563 584 703 669 μυριάδας
728 606 770 647 τε-
822 583 880 645 ἀπδ
906 585 959 663 τὴς
984 584 1037 663 γῆς
1062 579 1185 642 σταδίων
1209 577 1348 660 μυριάδας
1369 572 1432 654 [μυ-

159 689 312 772 τρακοσίας
333 688 382 752 καί
405 687 642 771 ὀκτακισμυρίας,
663 687 716 771 τὴν
738 687 771 749 δὲ
823 682 942 769 ριάδων]
949 681 1134 766 τετρακοσίας
1145 681 1193 744 καὶ
1205 681 1307 744 στάδια
1318 675 1435 743 ὀκτάκις

159 793 283 876 σελήνην
316 790 439 875 ἀπέχειν
470 794 523 874 τὴς
551 794 604 873 γῆς
631 790 772 874 μυριάδας
824 787 921 871 μύρια,
947 784 999 867 τὴν
1022 784 1055 846 δὲ
1086 785 1209 866 σελήνην
1232 781 1353 865 ἀπέχειν
1375 778 1433 840 ἀπὸ

159 894 360 978 ἑβδομήκοντα
382 893 461 957 δκτὼ
484 892 619 956 σταδίων.
823 893 875 972 τὴς
896 891 949 970 γῆς
972 888 1111 970 μυριάδας
1133 887 1333 970 ἑβδομήκοντα
1354 881 1432 943 ὀκτὼ

823 990 957 1055 σταδίων.
1456 1002 1468 1039 ι
1526 1058 1530 1071 Ι

789 1115 806 1165 4
863 1089 1109 1175 Ἐμπεδοκλῆς
1130 1093 1182 1152 τοῦ
1198 1089 1288 1172 ίίψους
1301 1090 1353 1149 τοῦ
1375 1086 1433 1150 ἀπὸ

821 1199 933 1279 τὴςγὴς
939 1191 1061 1276 <ε1ς>τδν
1071 1192 1207 1276 οὐρανόν,
1220 1192 1283 1275 ήτις
1293 1188 1369 1252 έστίν
1382 1185 1428 1271 ἀφ’

821 1299 907 1382 ἡμῶν
919 1295 1064 1372 ἀνάτασις,
1079 1294 1198 1357 πλείονα
1209 1291 1281 1356 εἶναι
1292 1290 1345 1375 τὴν
1360 1290 1434 1354 κατὰ

821 1402 854 1463 τὸ
877 1400 984 1466 πλάτος
999 1398 1157 1474 διάστασιν,
1180 1396 1255 1460 κατὰ
1275 1399 1360 1458 τοῦτο
1381 1396 1433 1455 τοῦ

821 1502 944 1587 οὐρανοῦ
960 1501 1069 1583 μᾶλλον
1085 1497 1323 1580 ἀναπεπταμένου
1338 1497 1386 1559 διὰ
1400 1498 1433 1559 τδ
1447 1514 1470 1552 10

823 1603 879 1690 ηἰιρ
897 1602 1107 1687 παραπλησίως
1121 1602 1171 1664 τδν
1185 1600 1295 1683 κόσμον
1309 1598 1434 1662 κεῖσθαι.

789 1715 805 1767 5
868 1704 1016 1788 ἰίὁηίλος
1042 1704 1075 1767 δὲ
1100 1704 1171 1788 πρδς
1197 1703 1250 1787 τήν
1275 1699 1434 1788 φαντασίαν

822 1810 938 1893 δέχεται
965 1808 998 1870 τδ
1021 1806 1273 1889 ἀναπεπταμένον,
1300 1804 1333 1867 οἰι
1361 1802 1435 1866 κατά

824 1913 876 1995 τὴν
899 1909 1067 1974 ὑπόστασιν.

135 2030 205 2114 τλβ.
242 2027 326 2111 Περί
357 2028 534 2105 ἐνιαυτοῦ,
561 2028 668 2096 πόσος
690 2029 769 2092 ἑκά·

158 2152 239 2194 στου
260 2135 330 2193 τῶν
353 2133 539 2212 πλανητῶν
563 2130 690 2214 χρόνος
711 2131 768 2193 καί

187 2235 240 2303 τίς
262 2236 278 2296 ό
301 2233 409 2316 μέγας
431 2233 608 2301 ἐνιαυτός.
642 2242 699 2293 Gi

164 2356 252 2404 lixv
265 2351 299 2404 54

197 2437 341 2508 Ἐνιαυτός
374 2438 434 2503 ἐστι
458 2435 571 2523 Κρόνου
599 2441 651 2523 μὲν
679 2441 801 2506 ἐνιαυι
861 2438 1007 2509 Ἐνιαυτός
1033 2440 1093 2502 ἐστι
1120 2437 1234 2523 Κρόνου
1263 2441 1314 2520 μὲν
1341 2440 1431 2502 ἐνιαυ-
1446 2458 1468 2495 1ο

126 2560 150 2599 10
163 2546 220 2604 τῶν
251 2542 382 2625 περίοδος
415 2543 583 2626 τριάκοντα,
616 2543 684 2612 Διὸς
717 2545 771 2606 δώ·
821 2547 880 2606 τῶν
909 2543 1042 2626 περίοδος
1075 2542 1244 2625 τριάκοντα,
1277 2542 1344 2611 Διὸς
1377 2543 1432 2604 δώ-

159 2646 244 2721 δεκα,
279 2641 378 2728 Ἄρεος
411 2646 497 2721 δυεῖν,
536 2645 619 2729 ἡλίου
656 2647 771 2709 δώδεκα
822 2648 903 2723 δεκα,
919 2642 1018 2729 Ἄρεος
1040 2645 1129 2721 δυοῖν,
1152 2644 1236 2726 ἡλίου
1250 2645 1365 2706 δώδεκα
1381 2649 1434 2725 μὴ-

161 2752 258 2829 μὴνες·
282 2748 309 2808 οἱ
332 2745 358 2809 δ’
386 2747 468 2810 αὐτοὶ
480 2744 587 2831 Ἑρμοῦ
610 2749 658 2811 καὶ
670 2746 770 2832 Ἀφρο-
822 2771 876 2818 νες·
912 2744 983 2810 οίδ
1011 2746 1093 2810 αὐτοὶ
1110 2743 1219 2831 Ἑρμοῦ
1241 2745 1290 2808 καί
1306 2742 1434 2829 Ἀφροδί-

157 2849 250 2931 δίτὴς,
274 2850 422 2933 ἰσόδρομοι
438 2852 501 2934 γάρ·
525 2853 648 2935 σελήνης
664 2851 770 2936 ἡμέραι
822 2875 892 2935 της,
916 2849 1064 2933 ἰσόδρομοι
1086 2851 1149 2934 γάρ·
1183 2851 1306 2932 σελήνης
1327 2847 1434 2932 ἡμέραι

157 2954 318 3034 τριάκοντα.
353 2953 436 3023 οὖτος
458 2954 512 3038 γὰρ
535 2957 550 3018 ὁ
577 2955 685 3024 τέλειος
713 2957 769 3040 μὴν
821 2956 982 3039 τριάκοντα.
1012 2952 1095 3023 οὗτος
1122 2952 1176 3036 γὰρ
1205 2949 1352 3020 ὁτέλειος
1375 2952 1468 3034 μὴντυ

123 3074 146 3110 ιτ
159 3056 217 3117 ἀπὸ
239 3057 355 3140 φάσεως
378 3056 419 3124 εἰς
441 3058 568 3120 σύνοδον.
822 3059 881 3120 ἀπὸ
909 3057 1026 3141 φάσεως
1052 3056 1093 3125 εἰς
1119 3055 1247 3119 σόνοδον.
1287 3054 1433 3136 γίγνεσθαι

823 3161 855 3222 δὲ
871 3161 919 3222 τδν
934 3159 1088 3242 λεγόμενον
1105 3157 1194 3240 μέγαν
1210 3156 1350 3233 ἐνιαυτόν,
1366 3156 1434 3219 όταν

823 3261 869 3323 ἐπὶ
895 3261 962 3329 τοὺς
984 3261 1090 3330 αὐτοὺς
1106 3257 1152 3343 ἀφ’
1175 3260 1216 3321 ὧν
1238 3257 1360 3342 ἤρξαντο
1383 3264 1435 3342 τῆς

824 3366 967 3447 κινήσεως
989 3363 1149 3448 ἀφίκωνται
1171 3360 1287 3430 τόπους.

199 3459 255 3523 ’ἰὸν
285 3461 317 3520 δὲ
347 3460 435 3542 μέγαν
463 3461 591 3523 ἐνιαυτὸν
614 3464 641 3524 οί
665 3464 717 3543 μέν
739 3463 804 3537 ἐνρ
866 3464 924 3529 'iii
951 3466 983 3529 δέ
1009 3489 1040 3549 γε
1067 3465 1155 3548 μέγαν
1179 3464 1308 3528 ένιαυτδν
1331 3466 1358 3527 οἱ
1382 3464 1433 3545 μὲν
1446 3485 1470 3520 υ

158 3569 196 3644 τη
221 3564 400 3644 ὀκταετηρίδι
415 3563 551 3635 τίίλενται,
574 3566 601 3627 οἱ
624 3565 656 3626 δὲ
679 3565 708 3627 έν
731 3571 768 3647 τῇ
821 3570 851 3631 ἐν
873 3570 913 3651 τή
935 3568 1115 3652 ὀκταετηρίδι
1136 3566 1278 3642 τίθενται,
1301 3569 1328 3629 οἱ
1351 3568 1383 3629 δὲ
1405 3567 1435 3629 ἐν

157 3665 478 3748 ἐννεακαιδεκαετηρίδι,
501 3667 528 3727 οἱ
544 3667 577 3728 δὲ
592 3667 692 3736 ἐντοῖς
708 3667 770 3752 ἑξή-
821 3678 857 3754 τὴ
881 3670 1201 3753 ἐννεακαιδεκαετηρίδι,
1225 3669 1252 3731 οἱ
1274 3667 1296 3732 δ
1324 3670 1436 3738 ἐντοῖς

156 3791 243 3831 κοντα
265 3768 329 3836 ἑνὸς
351 3767 473 3830 δέουσιν.
820 3775 1038 3859 τετραπλασίοις
1066 3770 1168 3842 ἔτεσιν,
1201 3773 1228 3833 oi
1262 3769 1286 3833 δ’
1319 3773 1349 3834 ἐν
1376 3775 1436 3841 τοῖς
1542 3816 1547 3825 ,

821 3876 960 3961 ἑξήκοντα
982 3873 1002 3916 *
1016 3874 1036 3917 *
1059 3875 1089 3939 ἐν
1105 3874 1148 3943 οἷς
1163 3871 1367 3956 Οἰνοπίδης
1387 3872 1434 3935 καὶ

147 4010 160 4061 1
182 4007 293 4066 σταδίους
312 4007 438 4076 μυριάδων
450 4009 618 4077 τετρακοσίων
634 4012 676 4062 καί
694 4009 768 4063 δκτα-
860 4017 870 4067 l
895 4013 1014 4083 μυριάδας
1037 4011 1163 4081 μυριάδων
1186 4014 1222 4064 Αι
1247 4011 1372 4080 μυριάδων
1392 4014 1477 4080 μυριά-

112 4097 251 4166 κισμυρίιυν
262 4100 296 4147 E:
311 4098 356 4147 sed
372 4101 402 4148 cf.
413 4099 436 4148 G
446 4099 533 4163 Lydus
545 4095 557 4163 ,1
569 4099 585 4148 4
596 4097 703 4149 σταδίων
713 4112 770 4164 post
821 4102 865 4161 δας
883 4106 999 4154 Heeren:
1019 4098 1145 4169 μυριάδων
1163 4102 1256 4152 inclusi

111 4182 390 4254 χὴςν.3Ο(Α)ΒΟ,Ιί
407 4184 672 4237 5ένιαυτοῦῦΑΒΟι
691 4185 769 4237 ένιαυ-
857 4191 872 4242 7
897 4189 947 4241 οἷον
970 4186 1073 4256 οὐρανόν
1095 4190 1128 4238 F:
1159 4187 1209 4239 οἷον
1233 4187 1341 4257 οὐρανοῦ
1366 4192 1399 4239 C:
1430 4188 1478 4246 ἕως

110 4277 163 4322 τῶν
177 4274 198 4322 Ε
221 4268 234 4338 Η
255 4271 475 4329 πόσος-ἐνιαυτός
488 4273 551 4323 AB:
571 4272 645 4331 πόσος
664 4273 771 4325 ἑκάστου
823 4277 928 4348 οὐρανοῦ
947 4280 1063 4328 Ηεετυηι
1082 4279 1183 4326 correxi

111 4363 163 4410 τῶν
176 4356 348 4425 πλανωμένων
362 4356 375 4409 ό
388 4358 465 4427 μίχας
479 4359 588 4418 ἐνιαυτός
603 4362 635 4411 C:
652 4378 703 4411 om.
722 4364 770 4414 EG
859 4366 892 4417 14
911 4367 998 4416 tiiuius
1017 4366 1088 4415 deest
1107 4367 1139 4415 es.
1158 4380 1236 4429 supra
1254 4382 1278 4429 μ.
1293 4363 1345 4415 ⁶270
1364 4364 1416 4416 c.8

111 4458 138 4495 at
162 4449 192 4496 cs.
213 4448 307 4497 Aciiii.
329 4466 350 4497 c.
367 4448 398 4497 111
416 4465 440 4511 p.
458 4445 506 4498 137
514 4462 532 4505 ,τ
555 4447 592 4504 τίς
615 4445 769 4515 δκαλοόμε-
857 4452 891 4505 ‘23
910 4451 1000 4509 αὐτοὺς
1019 4453 1054 4503 C:
1074 4469 1124 4502 om,
1143 4453 1164 4502 F

110 4550 151 4589 νοτ
170 4533 247 4600 μέγας
266 4534 374 4591 ἐνιαυτὸς
393 4533 436 4584 καὶ
455 4532 480 4584 ἐν
499 4533 582 4591 τόσοις
595 4534 691 4602 χρόνοις
711 4534 769 4586 ἔκα-
857 4539 890 4591 ii
910 4542 1039 4591 intercidit
1061 4537 1113 4594 ivi:
1136 4537 1230 4590 δέουσιν
1253 4542 1284 4589 ci.
1309 4542 1367 4590 λεί.
1391 4542 1424 4590 v.
1444 4542 1477 4590 Η.

111 4636 168 4677 στος
194 4625 246 4671 τῶν
277 4621 412 4691 πλανητῶν
442 4618 590 4672 καθίσταται
616 4620 629 4688 ΙΙ
659 4622 689 4672 10
721 4621 770 4679 διὸς
823 4628 887 4678 XT:
907 4625 960 4684 ἑνὸς
978 4625 1076 4683 δέοντος
1095 4629 1196 4678 Ileeren

111 4707 254 4772 E[uc1¹]G:
274 4707 323 4766 διδς
336 4708 362 4760 δὲ
376 4710 470 4771 (Α)Βο
486 4707 499 4775 11
517 4710 545 4760 11
561 4709 631 4777 ἄρεος
644 4711 677 4759 B:
692 4708 772 4778 ἀρεως

111 4797 181 4857 (A)c
202 4792 217 4862 ΙΙ
236 4794 300 4846 δυεῖν
315 4798 374 4847 EC:
395 4795 460 4846 δυοῖν
480 4799 526 4847 ΑΒ
547 4793 560 4864 ΙΙ
581 4796 651 4865 ἡλίου
670 4795 696 4848 δὲ
714 4801 735 4848 i:
757 4796 769 4865 11

115 4883 145 4934 13
165 4880 270 4951 σελήνης
284 4882 310 4935 δὲ
324 4887 345 4933 Ε
362 4883 375 4948 Ιί
391 4883 471 4952 ἡμέρα
485 4887 506 4935 Β
522 4882 535 4951 Η
554 4886 584 4937 if)
598 4886 696 4954 φάσεως
710 4887 770 4936 EA:

111 4969 280 5041 φαῦσεως·(ῑ;
300 4974 412 5040 φοίνσεως
431 4976 452 5024 Β
