3442 5588
628 323 905 374 ruouacouuus
1399 327 1441 390 45

158 490 208 554 Ex
224 489 251 553 F
267 489 448 573 descriptos
470 508 542 555 esse
557 498 713 572 quotquot
729 498 899 556 servantur
914 491 1075 573 pleniores
1091 490 1228 573 codices,
1251 491 1440 557 Vaticanum

72 590 300 672 Augustanum
323 591 580 656 Escurialensem
602 591 798 658 Famesinos
818 591 901 656 alios
917 591 998 657 duos
1021 592 1076 677 (ex
1098 592 1212 675 quibus
1232 594 1442 676 Augustanus

72 691 236 757 interdum
260 691 407 777 feliciter,
430 711 530 776 saepe
552 700 674 759 temere
697 701 858 760 correctus
881 693 944 779 est)
966 695 1163 760 luculentum
1187 703 1237 761 est
1257 696 1291 761 (l.
1310 696 1442 762 Wachs-

73 793 188 858 muthii
205 793 384 880 inventum,
408 795 462 879 qui
479 795 622 862 codicem
644 797 668 860 P
685 797 926 863 accuratissime
941 799 1104 863 conlatum
1119 796 1196 861 mihi
1212 797 1441 864 humanissime

72 895 115 961 sd
139 896 270 962 Pisoita
296 897 495 962 recensenda
523 898 690 964 commisit.
737 899 823 965 unde
850 899 1009 983 potiorem
1036 898 1285 983 discrepantiam
1315 901 1441 966 omissis

71 998 236 1064 lemmatis
259 997 450 1082 mendisque
473 998 647 1066 levioribus
669 999 802 1066 exhibui
829 1002 876 1066 ita
905 1009 1013 1067 tamen
1043 1009 1078 1067 ut
1106 1002 1349 1069 concinentibus
1372 1002 1439 1067 FO

71 1099 254 1184 simplicius
276 1100 449 1186 archetypi
468 1108 580 1166 notam
597 1102 626 1165 Α
645 1102 873 1169 adscriberem.
908 1105 1094 1169 coniectura
1121 1105 1249 1187 parcius
1271 1126 1347 1169 usus
1370 1125 1439 1168 sum

69 1222 136 1267 non
158 1201 340 1268 Stobaeum
363 1204 423 1270 sed
443 1204 593 1270 librarios
616 1204 841 1286 castigaturus.
878 1206 920 1272 de
943 1205 1078 1289 uncinis,
1102 1206 1217 1288 quibus
1240 1207 1439 1290 excerptoris

69 1304 298 1374 additamenta
321 1307 467 1391 distinxi,
488 1307 554 1372 alio
578 1307 649 1372 loco
671 1307 843 1374 dicendum
866 1308 936 1374 erit.

541 1695 580 1750 IV
614 1697 664 1752 ΒΕ
682 1695 784 1751 fflll
801 1694 968 1751 Pmululs

156 1893 326 1960 Plutarchi
350 1901 383 1959 et
404 1892 539 1958 Stobaei
561 1892 753 1977 placitomm
776 1911 968 1958 consensum
991 1913 1031 1960 ex
1055 1914 1114 1960 usu
1137 1895 1268 1961 maioris
1291 1894 1363 1960 libri
1385 1916 1438 1962 ex-

69 1996 262 2080 plicandum
290 2014 364 2060 esse
390 2015 483 2078 quern
516 1997 599 2063 alter
627 1996 730 2060 alt-ero
758 1994 885 2078 plenius
912 1994 1112 2080 exhauserit,
1143 1997 1175 2062 id
1198 2017 1303 2082 paene
1326 2020 1437 2065 omues

69 2098 282 2165 consentiunt
304 2096 357 2180 qui
380 2097 434 2161 vel
456 2098 572 2163 leviter
593 2097 651 2162 illa
673 2096 793 2180 scripta
813 2096 997 2179 tetigerunt.
1032 2106 1130 2182 atque
1153 2099 1179 2163 si
1203 2100 1253 2164 cui
1277 2099 1360 2166 forte
1381 2102 1437 2167 du·

61 2201 186 2267 'bitatio
211 2207 283 2266 erat
304 2199 459 2282 impedito
475 2199 664 2265 idonearum
681 2199 858 2264 editionum
875 2220 944 2284 usu,
967 2199 995 2264 is
1009 2199 1073 2265 iam
1090 2220 1129 2266 ex
1145 2206 1276 2266 nostrae
1290 2201 1436 2268 instituto

69 2302 148 2386 qnid
181 2302 350 2385 utriusque
379 2301 421 2365 sit
450 2301 615 2385 proprium
637 2301 714 2384 quid
736 2321 904 2367 commune
927 2303 1015 2367 nullo
1038 2301 1169 2385 negotio
1192 2302 1349 2386 dispiciet.
1393 2305 1436 2370 ad

69 2406 205 2472 maioris
228 2411 337 2471 antem
364 2403 508 2486 corporis
535 2403 709 2486 imaginem
738 2403 983 2469 instaurandam
1015 2405 1200 2488 priusquam
1233 2405 1436 2491 accedamus,

70 2507 369 2594 circumspiciamus
392 2511 519 2590 oportet
541 2505 568 2570 si
592 2513 685 2573 extra
709 2504 875 2570 Plutarchi
898 2505 1095 2590 Stobaeique
1116 2515 1270 2592 excerpta
1291 2508 1358 2574 alia
1373 2509 1436 2574 sint

69 2621 214 2680 servata.
259 2612 382 2678 scilicet
404 2609 517 2675 mimm
541 2607 669 2674 videtur
691 2605 775 2671 hanc
797 2626 894 2689 quam
923 2610 1139 2676 necessariam
1167 2610 1239 2677 dico
1268 2617 1301 2676 et
1322 2611 1437 2694 princi·

72 2716 182 2799 palem
206 2721 340 2780 nostrae
362 2711 561 2797 quaestionis
584 2715 709 2794 partem
732 2729 774 2776 ne
795 2709 942 2792 attigisse
964 2711 1093 2794 quidem
1108 2713 1358 2796 Volkmaunum,
1381 2714 1434 2796 qui

71 2836 179 2901 nuper
200 2817 397 2881 Placitorum
425 2812 664 2879 vicissitudines
690 2811 821 2877 tandem
853 2812 1028 2895 aliquando
1062 2814 1205 2879 enodare
1232 2814 1292 2879 sibi
1321 2836 1436 2900 propo

69 2927 190 2985 suerat
236 2915 288 3004 [N.
307 2916 416 3000 jahrb.
439 2914 460 2980 f.
485 2913 602 2979 Philol.
625 2911 700 2978 0111
725 2914 804 2978 1871
830 2936 861 2999 p.
878 2915 1069 3003 oue-705}

159 3020 432 3087 'theodoretus
460 3015 632 3100 episcopus
660 3014 813 3100 Cyrensis
841 3017 928 3084 idem
956 3039 1051 3102 quern
1077 3038 1176 3102 supra
1203 3040 1234 3103 p.
1252 3022 1293 3085 10
1321 3019 1435 3086 strinxi

67 3121 273 3208 amplissima
295 3120 438 3187 servavit
466 3139 506 3185 ex
536 3117 696 3184 communi
724 3117 780 3183 illo
807 3118 898 3185 sonte
920 3127 1089 3204 excerpta,
1121 3141 1214 3206 quae,
1243 3122 1269 3186 sl
1292 3121 1435 3206 excipias

68 3224 173 3292 verba
194 3222 311 3307 quibus
332 3223 388 3288 ille
408 3221 563 3304 abundat,
586 3226 652 3284 tam
668 3238 742 3284 raro
760 3221 768 3251 ¹
790 3227 865 3286 sunt
887 3221 1020 3287 arbitrio
1042 3222 1237 3306 adulterata,
1259 3231 1295 3287 ut
1309 3244 1434 3289 summa

69 3327 138 3392 illis
157 3325 240 3391 tides
262 3323 414 3389 habenda
429 3323 480 3389 sit.
512 3323 623 3387 insunt
639 3323 771 3405 eclogae
786 3323 820 3387 in
836 3323 1033 3389 Graecarum
1048 3325 1253 3390 affectionum
1268 3325 1434 3392 curatione

67 3414 241 3513 [uuquam
275 3427 459 3510 παθημάτων
492 3426 687 3510 depereunti
715 3445 779 3492 rec.
802 3425 861 3491 Th.
885 3425 1048 3491 Gaisford.
1072 3424 1175 3492 Oxon.
1201 3424 1312 3512 1839],
1346 3427 1436 3492 ouius

67 3533 151 3599 liber
173 3531 219 3596 IV
247 3529 325 3596 inde
346 3548 367 3593 a
388 3530 451 3593 cb
474 3536 628 3613 excerpta
655 3529 754 3596 habet
776 3528 925 3594 Placit.3
949 3536 1059 3589 12-19.
1080 3535 1193 3590 21-23.
1212 3538 1254 3591 25.
1274 3537 1316 3592 uo.
1350 3529 1436 3595 unde

68 3655 141 3701 enm
167 3629 362 3698 Plutarchus
387 3639 425 3692 18.
446 3638 488 3692 21.
508 3639 550 3691 ua
570 3639 620 3706 25,
643 3631 802 3698 Stobaeus
828 3641 868 3695 12.
890 3636 1001 3692 ro-uo
1024 3628 1263 3712 compilaverit,
1298 3639 1436 3715 apparet

67 3743 191 3820 quanto
212 3733 316 3817 magis
336 3733 394 3799 ille
416 3733 541 3817 pristini
565 3735 759 3819 exemplaris
778 3735 957 3801 ubertatem
974 3730 1179 3812 adsequatur.
1214 3741 1352 3814 augetur
1367 3734 1435 3818 phi-

67 3838 278 3924 losophorum
296 3836 395 3902 index
410 3835 613 3901 Parmenidis
635 3844 668 3902 et
682 3835 805 3902 Melissi
819 3831 1012 3913 nominibus,
1035 3831 1172 3897 aliorum
1187 3833 1271 3899 tituli
1287 3843 1435 3901 creseunt

67 3943 120 4008 vel
135 3940 264 4026 patriae
279 3945 314 4005 ut
329 3937 492 4004 Stratonis
513 3939 567 4004 vel
588 3939 706 4005 aetatis
728 3946 764 4003 ut
782 3935 912 4021 Epicuri
933 3935 986 3999 vel
1009 3932 1212 4000 decretorum
1234 3937 1433 4004 accuratiore

65 4043 297 4128 descriptione.
347 4039 530 4125 explicandi
564 4041 669 4122 gratia
702 4040 841 4124 paucula
873 4036 1039 4102 addidisse
1073 4036 1311 4104 Theodoretum
1344 4042 1434 4107 velut

66 4147 145 4227 §18
159 4146 181 4231 ¹,
203 4166 271 4210 non
294 4151 343 4210 est
367 4143 452 4226 quod
474 4142 580 4208 acrius
602 4142 767 4225 castigem.

151 4247 203 4312 Ad
222 4248 274 4312 15
296 4245 482 4311 dubitanter
497 4244 607 4310 rettuli
623 4263 707 4326 quae
722 4244 766 4308 IV
784 4245 823 4309 12
846 4242 983 4327 Hippasi
1006 4249 1039 4308 et
1054 4241 1210 4306 Heracliti
1225 4241 1267 4307 de
1282 4242 1432 4308 universo

63 4350 206 4416 traditur
228 4348 401 4415 sententia.
444 4344 503 4410 sed
524 4345 661 4410 inveniri
686 4344 788 4429 possit
811 4345 908 4410 etiam
937 4344 1003 4409 alia
1024 4343 1144 4409 idonea
1166 4343 1270 4408 sedes.
1314 4343 1391 4425 quin
1414 4365 1433 4409 e

64 4450 200 4517 Placitis
223 4470 265 4516 ea
287 4458 441 4535 excerpta
463 4448 514 4532 sit,
537 4447 697 4514 dubitatio
720 4454 770 4513 est
791 4448 891 4512 nulla.

136 4642 144 4673 ¹
163 4646 276 4695 sonasse
289 4641 501 4707 philosophorum
514 4639 610 4702 patrias
623 4648 649 4689 et
661 4640 795 4703 magistros
808 4636 916 4687 subinde
929 4651 961 4686 ex
974 4651 1021 4686 sus
1032 4636 1156 4685 memoris
1168 4634 1268 4684 addidit
1285 4637 1338 4687 etr
1350 4635 1383 4689 [39
1392 4653 1431 4700 sq.

62 4728 108 4779 sed
127 4730 178 4779 hoc
198 4729 373 4780 demonstrari
392 4728 488 4792 nequit.

133 4812 145 4846 ²
161 4813 270 4868 καλοῦσι
281 4814 309 4868 ol
326 4843 354 4851 -
369 4810 510 4879 rruhldptwc
524 4821 668 4863 atomorum
683 4812 799 4862 delinitio
813 4814 926 4861 manavit
938 4827 970 4860 cx
985 4811 1091 4859 Aristot.
1103 4810 1128 4860 d.
1143 4813 1229 4860 anima
1241 4809 1254 4857 1
1269 4806 1285 4858 2
1299 4808 1395 4874 pddds
1405 4808 1429 4870 3,

62 4921 139 4967 quem
157 4916 245 4957 tamen
265 4905 337 4955 haud
356 4906 408 4952 selo
428 4917 460 4951 ιιιι
479 4903 532 4965 ipse
551 4919 604 4952 ιιοιι
623 4902 791 4965 usurpaverit.
