3464 5586
177 353 241 418 432

285 459 493 511 PLUTiiRcffl
506 429 604 509 ῦιῐνι.
624 461 649 509 ν
667 457 702 510 νο

670 357 770 407 narn
789 356 929 406 γυιων
947 352 981 405 20
1000 365 1059 403 1-o

923 423 1254 511 ῗνῖὄιῖσῗυσω
1273 454 1308 508 43
1325 453 1385 519 [37]
1400 468 1407 502 ι

264 595 292 660 ῖς.
330 594 426 660 Πόσα
447 596 529 680 γένη
552 595 655 682 ζῴων
677 597 736 659 καλ
760 597 790 660 εἰ
885 596 986 661 Πόσα
1009 593 1091 678 γένη
1119 594 1218 681 ζῴων
1245 596 1302 659 καὶ
1329 594 1359 657 εἰ
1387 594 1499 658 πάντα

342 699 454 761 πάντα
475 697 630 783 αἰσθητὰ
651 698 707 762 καὶ

402 802 535 883 λογικά.
570 809 653 863 (³124

267 934 413 998 Πλάτων
439 938 488 1001 καὶ
507 935 752 1022 Ἀριστοτέλης
774 959 834 1002 τεσ·
857 952 868 1002 1

916 695 1041 780 λογικὰ
1063 698 1122 760 καλ
1144 695 1309 781 αἰσθητά.
1342 708 1367 756 D
1392 700 1453 757 ΓΠ

930 938 1078 1003 Πλάτων
1103 937 1152 1000 καὶ
1171 931 1417 1020 Ἀριστοτέλης
1438 934 1499 997 τέτ-

199 1055 298 1121 οσαρα
319 1037 388 1122 γένη
411 1037 498 1124 ζῴων
523 1040 606 1125 φασί,
627 1043 752 1126 χερσαῖα
774 1037 834 1103 ἔνυ-
885 1063 959 1126 ταρα
994 1038 1064 1123 γένη
1098 1036 1199 1123 ζῴων,
1235 1043 1361 1125 χερσαῖα
1393 1035 1497 1122 ἔνυδρα

222 1139 276 1222 δρα
314 1141 408 1223 πτηνὰ
446 1140 579 1226 οὐράνια·
618 1141 666 1205 καὶ
706 1142 760 1227 γὰρ
797 1144 834 1208 τὰ
885 1142 979 1228 πτηνὰ
995 1141 1123 1226 οὐράνια.
1143 1141 1192 1204 καὶ
1207 1140 1261 1225 γὰρ
1275 1140 1312 1204 τὰ
1326 1139 1419 1226 ἄστρα
1434 1140 1522 1226 <pat

223 1239 316 1324 ἄστρα
331 1246 396 1327 ζῷα
410 1240 637 1326 λέγεσθαι*καὶ
660 1243 769 1327 κόσμον
784 1245 833 1310 καὶ
884 1242 1052 1328 λέγεσθαι*
1073 1245 1123 1308 τὸν
1146 1243 1254 1327 κόσμον
1277 1244 1325 1306 καλ
1349 1243 1431 1307 τὸν*
1456 1241 1499 1307 ἔν-

226 1347 284 1407 τῦιν
300 1344 406 1428 γηίνων
421 1343 441 1385 *
454 1346 530 1431 ζῷον
545 1345 659 1427 λογικόν
675 1344 831 1411 ἀθάνατον.
884 1349 964 1424 θεον,
987 1351 1065 1432 ζῷον
1086 1347 1201 1429 λογικόν
1223 1346 1379 1410 ἀθάνατον.

264 1444 485 1531 Δημόκριτος
503 1444 710 1531 Ἐπίκουρος
731 1448 768 1512 τὰ
788 1449 868 1515 οῦν

194 1564 219 1602 10
227 1549 309 1632 ράνια
332 1594 340 1611 .
363 1594 402 1611 ..

262 1646 496 1732 Ἀναξαγόρας
510 1652 603 1714 πάντα
618 1650 655 1714 τὰ
670 1655 734 1735 ζῷα
748 1653 833 1735 λόγον
852 1661 868 1713 3

222 1746 301 1834 ἔχειν
324 1751 373 1813 τόν
395 1750 590 1835 ἐνεργητικόν,
617 1755 666 1816 τὸν
694 1752 721 1815 θ’
748 1755 834 1817 οἱονεὶ

223 1855 289 1915 νοῦν
313 1855 354 1937 μὴ
378 1851 457 1938 ἔχειν
478 1854 752 1940 τόνγτταθητικόν,
785 1860 835 1920 τὸν

223 1952 377 2037 λεγόμενον
399 1960 451 2019 τοῦ
473 1960 524 2020 νοῦ
547 1957 683 2041 ἑρμηνέα

192 2073 216 2112 υ
274 2055 483 2142 Πυθαγόρας
527 2057 674 2122 Πλάτων
716 2061 867 2144 λομκὰςέ

224 2157 277 2240 μὲν
299 2156 373 2223 εἶναι
396 2160 524 2224 καὶτῶν
546 2159 660 2244 ἀλόγων
683 2160 769 2247 ζιόων
784 2186 833 2225 κα·

223 2260 372 2343 λουμένων
393 2260 445 2331 τός
459 2263 566 2346 ψυχάς,
588 2261 622 2326 οῦ
639 2263 696 2347 μὴν
712 2267 835 2348 λογικῶς

224 2361 394 2446 ἐνεργούσας
416 2362 496 2448 παρὰ
516 2363 569 2448 τὴν
586 2365 760 2449 δυσκρασίαν
775 2370 834 2428 τῶν

223 2465 368 2546 σωμάτων
398 2464 446 2529 καὶ
473 2466 507 2528 τὸ
535 2465 577 2550 μὴ
606 2463 686 2550 ἔχειν
707 2467 741 2530 τό
763 2489 834 2552 φρα-
909 2525 911 2531 .
1022 2432 1025 2437 ⁴

189 2585 213 2622 νυ
226 2566 334 2644 στικόν,
356 2567 455 2652 ὥσπερ
477 2567 525 2631 ἐπὶ
547 2570 606 2631 τῶν
628 2568 764 2653 πιθήκων
787 2569 834 2632 καὶ

222 2672 281 2731 τῶν
293 2672 400 2732 κυνῶν·
423 2674 520 2735 νοοῦσι
544 2670 597 2753 μὲν
618 2669 673 2754 γὰρ
688 2669 778 2748 οῦτοι,
800 2669 835 2734 οὐ

222 2771 364 2854 φράζουσι
386 2771 429 2835 δέ.

264 2871 436 2956 Διογένης
459 2874 591 2959 μετέχειν
613 2873 666 2956 μὲν
687 2873 762 2938 αὐτὰ
781 2878 833 2937 τοῦ
852 2878 869 2930 5

223 2978 328 3058 νοητοῦ
349 2974 397 3037 καὶ
420 2974 521 3058 ἀέρος,
543 2975 591 3038 διὰ
613 2975 646 3038 δὲ
668 2975 760 3040 τὸτὰ
782 2977 835 3058 μὲν

190 3076 390 3160 ιοπυκνότητι,
405 3076 443 3140 τὰ
454 3077 486 3140 δὲ
497 3081 673 3163 πλεονασμῷ
685 3083 738 3162 τῆς
753 3078 835 3163 ὑγρα·

215 3286 232 3336 4
252 3280 359 3336 Πλάτων
372 3282 415 3334 καλ
426 3278 594 3351 Ἀριστοτέλης
607 3283 642 3334 G:
661 3279 712 3334 έστι
724 3300 836 3353 πραγμα-

180 3371 234 3424 τεία
251 3368 432 3440 Ἀριστοτέλους
449 3368 546 3437 [ἀριστσ
564 3387 688 3436 anporocr.
709 3368 740 3421 τλ
758 3372 792 3435 Β]
811 3369 837 3422 έν

180 3457 308 3528 ἧ(Α)Β(λ
322 3460 376 3509 dixi
386 3459 418 3508 de
429 3457 628 3522 interpolatione
637 3459 710 3509 Proi.
723 3475 747 3522 ρ.
756 3456 807 3508 143
822 3454 835 3524 Η

180 3545 196 3597 5
215 3544 276 3614 φησί
294 3545 400 3606 (A)BC:
420 3547 521 3594 correxi
540 3546 572 3594 oi.
588 3545 611 3596 G
632 3540 646 3610 ΙΙ
666 3543 682 3594 7
702 3541 836 3613 όστραόλι

182 3649 233 3683 om.
257 3632 350 3694 (Δ)Βο
379 3627 392 3697 ΙΙ
419 3629 463 3681 καὶ
486 3627 580 3696 κόσμον
602 3631 637 3681 B:
664 3630 708 3681 καὶ
734 3628 838 3699 κόσμων

181 3720 261 3782 (A)c:
286 3718 329 3769 καλ
352 3713 426 3775 αὐτὸς
446 3713 459 3767 ό
476 3715 569 3784 κόσμος
587 3718 611 3770 G
630 3715 643 3783 ΙΙ
663 3715 771 3769 καὶτῶν
783 3715 836 3786 γηί-

180 3824 230 3857 νων
244 3807 326 3868 (Aicz
339 3805 382 3856 καλ
391 3803 438 3873 τὴν
447 3803 534 3873 γηένην
543 3805 578 3856 Βι
593 3822 644 3856 om.
656 3805 838 3856 GStobaeana

182 3877 416 3946 KAiTtiNENO'N
436 3895 518 3943 mixta
541 3909 597 3943 oum
620 3893 782 3958 interpolatis
801 3895 838 3942 la·

181 3992 235 4032 tara
255 3983 374 4035 videntur
391 3984 422 4033 ci.
441 3982 474 4031 ad
493 3980 565 4031 Stob.
585 3996 617 4030 ox
636 3983 708 4030 onius
728 3981 838 4031 leotiona

180 4070 352 4135 Wyttonbaoh
376 4066 419 4119 τόν
440 4063 498 4119 θιόν
522 4070 648 4132 corruptio
671 4071 723 4117 τῶν
745 4065 838 4136 γηίνων

180 4156 322 4216 ουθττίτυίτς
341 4154 387 4205 aad
400 4157 432 4206 cf.
445 4155 561 4220 Bomaya
573 4156 624 4204 Dia
634 4156 705 4206 Dial.
718 4157 745 4205 d.
758 4157 837 4205 Arist

179 4261 205 4309 p.
215 4243 265 4297 167
280 4241 293 4311 ΙΙ
308 4242 342 4293 10
350 4244 467 4293 lacunam
478 4242 699 4303 indicavitzeuen
708 4243 781 4292 doeat
790 4238 837 4291 οῦκ

179 4328 285 4398 inpiati
303 4332 345 4380 vol
361 4327 398 4397 μὴ
410 4325 500 4397 λογικὰ
512 4325 573 4380 εἶναι
586 4324 600 4395 ΙΙ
617 4327 647 4380 11
661 4327 693 4379 τὰ
705 4329 767 4379 AB:
786 4346 837 4379 om.

181 4416 202 4466 C
222 4412 235 4481 ΙΙ
260 4413 291 4467 13
309 4411 450 4484 παθητικόν
473 4424 621 4481 corruptum
638 4424 685 4465 eat
710 4433 735 4466 τ.
754 4417 837 4467 Zeiler

180 4504 193 4553 1
206 4500 291 4555 ‘905⁴
304 4504 492 4568 intellegendus
505 4503 608 4553 videtur
618 4501 766 4553 Stoicorum
776 4518 836 4571 προ-

181 4587 283 4657 φορικός
301 4587 373 4657 λόγος
391 4592 423 4641 ci.
442 4591 546 4641 Heraol.
564 4590 672 4653 allegor.
695 4607 720 4655 p.
738 4588 786 4641 142
799 4584 836 4640 Μ.

182 4695 206 4726 ν.
224 4673 266 4739 §4
284 4673 297 4744 ΙΙ
320 4676 352 4729 19
370 4676 414 4727 καὶ
431 4675 461 4728 τό
480 4677 501 4727 O
520 4678 552 4727 of.
571 4676 607 4729 G:
632 4675 676 4726 καὶ
694 4680 732 4744 τῷ
751 4677 800 4727 ΑΒ
820 4672 834 4743 ii

180 4761 211 4813 21
233 4765 315 4814 νοοῦσι
333 4764 368 4816 G:
386 4760 488 4814 λαλοῦσι
507 4763 599 4825 (11)Βο
622 4760 635 4828 λλ
656 4761 691 4814 24
706 4763 749 4815 καὶ
763 4762 835 4832 ἀέρος

181 4866 232 4900 om.
246 4853 282 4901 B:
300 4851 346 4901 τοῦ
362 4851 480 4917 νοητικοῦ
491 4848 563 4917 ἀέρος
576 4852 750 4901 verisimiliter
762 4853 836 4916 Wyt·

180 4938 290 4988 tonbaoh
309 4940 339 4987 oi.
359 4932 509 5004 αἰσθητικοῦ
526 4933 666 5004 ττντῦματος
685 4936 749 4989 214

889 3208 955 3214 .-.....
963 3208 996 3213 -..
1006 3207 1087 3214 -.—-

925 3285 941 3335 6
964 3278 1007 3331 τόν
1029 3279 1123 3347 κόσμον
1145 3278 1190 3330 καὶ
1211 3279 1253 3332 τόν
1279 3280 1319 3345 [τό
1338 3281 1373 3345 C]
1399 3276 1483 3332 ἔνθεον
1507 3283 1545 3330 A:

889 3372 960 3421 Antii
985 3371 1116 3434 exemplar
1139 3372 1258 3420 vitiosum
1277 3373 1313 3419 ita
1335 3372 1463 3433 corrigam
1480 3367 1546 3431 (καὶ)

890 3457 933 3521 [ci.
945 3458 1026 3521 Pina]
1037 3455 1081 3508 τόν
1093 3455 1187 3524 κόσμον
1200 3453 1293 3509 καῦτὸν
1305 3452 1401 3507 ἔνθεονι
1414 3455 1459 3507 καὶ
1471 3452 1547 3506 αὐτόν

888 3542 932 3595 τόν
950 3541 1044 3610 κόσμον
1063 3540 1147 3594 ἔνθεον
1165 3547 1310 3609 praeiverat
1327 3546 1430 3594 Hearon
