<?xml version="1.0" encoding="UTF-8"?>
<!DOCTYPE html PUBLIC "-//W3C//DTD XHTML 1.0 Transitional//EN"
    "http://www.w3.org/TR/xhtml1/DTD/xhtml1-transitional.dtd">
<html xmlns="http://www.w3.org/1999/xhtml" xml:lang="en" lang="en">
 <head>
  <title>
</title>
<meta http-equiv="Content-Type" content="text/html;charset=utf-8" />
  <meta name='ocr-system' content='tesseract 3.04.00' />
  <meta name='ocr-capabilities' content='ocr_page ocr_carea ocr_par ocr_line ocrx_word'/>
</head>
<body>
  <div class='ocr_page' id='page_1' title='image "./doxographigraec00dielgoog/doxographigraec00dielgoog_0198.png"; bbox 0 0 3442 5588; ppageno 0'>
   <div class='ocr_carea' id='block_1_1' title="bbox 650 331 1464 396">
    <p class='ocr_par' dir='ltr' id='par_1_1' title="bbox 650 331 1464 396">
     <span class='ocr_line' id='line_1_1' title="bbox 650 331 1464 396; baseline 0.02 -15"><span class='ocrx_word' id='word_1_1' title='bbox 650 331 927 382; x_wconf 80' lang='lat' dir='ltr'><strong>Paonueounun</strong></span> <span class='ocrx_word' id='word_1_2' title='bbox 1406 334 1464 396; x_wconf 75' lang='grc'><strong>111</strong></span> 
     </span>
    </p>
   </div>
   <div class='ocr_carea' id='block_1_2' title="bbox 101 499 1481 4058">
    <p class='ocr_par' dir='ltr' id='par_1_2' title="bbox 101 499 1481 4058">
     <span class='ocr_line' id='line_1_2' title="bbox 102 499 1467 587; baseline 0.004 -22"><span class='ocrx_word' id='word_1_3' title='bbox 102 499 160 565; x_wconf 83' lang='grc'><strong>111.</strong></span> <span class='ocrx_word' id='word_1_4' title='bbox 196 499 368 583; x_wconf 82' lang='lat' dir='ltr'><strong>occupavit</strong></span> <span class='ocrx_word' id='word_1_5' title='bbox 393 499 670 584; x_wconf 75' lang='lat' dir='ltr'><strong>emendationem,</strong></span> <span class='ocrx_word' id='word_1_6' title='bbox 699 499 871 584; x_wconf 86' lang='lat' dir='ltr'><strong>Porphyrii</strong></span> <span class='ocrx_word' id='word_1_7' title='bbox 894 507 1002 568; x_wconf 89' lang='lat' dir='ltr'><strong>tamen</strong></span> <span class='ocrx_word' id='word_1_8' title='bbox 1024 501 1200 587; x_wconf 91' lang='lat' dir='ltr'><strong>immemor,</strong></span> <span class='ocrx_word' id='word_1_9' title='bbox 1222 503 1258 567; x_wconf 92' lang='lat' dir='ltr'><strong>L.</strong></span> <span class='ocrx_word' id='word_1_10' title='bbox 1282 503 1467 570; x_wconf 82' lang='lat' dir='ltr'><strong>Dindordus</strong></span> 
     </span>
     <span class='ocr_line' id='line_1_3' title="bbox 101 601 1467 689; baseline 0.004 -22"><span class='ocrx_word' id='word_1_11' title='bbox 101 603 248 670; x_wconf 76' lang='lat' dir='ltr'><strong>thesaur.</strong></span> <span class='ocrx_word' id='word_1_12' title='bbox 279 602 312 666; x_wconf 91' lang='grc' dir='ltr'>Π</span> <span class='ocrx_word' id='word_1_13' title='bbox 334 622 365 684; x_wconf 95' lang='lat' dir='ltr'><strong>p.</strong></span> <span class='ocrx_word' id='word_1_14' title='bbox 383 601 443 665; x_wconf 82' lang='grc'><strong>137</strong></span> <span class='ocrx_word' id='word_1_15' title='bbox 474 620 498 665; x_wconf 92' lang='grc'><strong>0.</strong></span> <span class='ocrx_word' id='word_1_16' title='bbox 522 623 552 669; x_wconf 85' lang='lat' dir='ltr'><strong>v.</strong></span> <span class='ocrx_word' id='word_1_17' title='bbox 577 603 800 689; x_wconf 82' lang='grc' dir='ltr'>βαρσαγιέλαιον.</span> <span class='ocrx_word' id='word_1_18' title='bbox 841 602 916 669; x_wconf 91' lang='lat' dir='ltr'><strong>hinc</strong></span> <span class='ocrx_word' id='word_1_19' title='bbox 948 603 1026 668; x_wconf 95' lang='lat' dir='ltr'><strong>mihi</strong></span> <span class='ocrx_word' id='word_1_20' title='bbox 1060 603 1154 668; x_wconf 91' lang='lat' dir='ltr'><strong>simul</strong></span> <span class='ocrx_word' id='word_1_21' title='bbox 1186 605 1313 671; x_wconf 81' lang='lat' dir='ltr'><strong>elucere</strong></span> <span class='ocrx_word' id='word_1_22' title='bbox 1341 608 1467 674; x_wconf 87' lang='lat' dir='ltr'><strong>videtur</strong></span> 
     </span>
     <span class='ocr_line' id='line_1_4' title="bbox 102 703 1466 794; baseline 0.004 -24"><span class='ocrx_word' id='word_1_23' title='bbox 102 707 169 771; x_wconf 91' lang='lat' dir='ltr'><strong>iam</strong></span> <span class='ocrx_word' id='word_1_24' title='bbox 193 703 412 791; x_wconf 82' lang='lat' dir='ltr'><strong>Epiphanium</strong></span> <span class='ocrx_word' id='word_1_25' title='bbox 445 711 587 769; x_wconf 92' lang='lat' dir='ltr'><strong>monstro</strong></span> <span class='ocrx_word' id='word_1_26' title='bbox 616 705 672 769; x_wconf 92' lang='lat' dir='ltr'><strong>illo</strong></span> <span class='ocrx_word' id='word_1_27' title='bbox 701 704 824 770; x_wconf 92' lang='lat' dir='ltr'><strong>elusum</strong></span> <span class='ocrx_word' id='word_1_28' title='bbox 854 725 935 772; x_wconf 88' lang='lat' dir='ltr'><strong>esse.</strong></span> <span class='ocrx_word' id='word_1_29' title='bbox 981 726 1055 771; x_wconf 91' lang='lat' dir='ltr'><strong>nam</strong></span> <span class='ocrx_word' id='word_1_30' title='bbox 1078 707 1249 773; x_wconf 85' lang='lat' dir='ltr'><strong>invenerat</strong></span> <span class='ocrx_word' id='word_1_31' title='bbox 1271 709 1466 794; x_wconf 79' lang='grc' dir='ltr'>Σωκράτγςὸ</span> 
     </span>
     <span class='ocr_line' id='line_1_5' title="bbox 103 805 1468 895; baseline 0.004 -23"><span class='ocrx_word' id='word_1_32' title='bbox 103 808 312 895; x_wconf 79' lang='grc' dir='ltr'>Σωφρονίσκου</span> <span class='ocrx_word' id='word_1_33' title='bbox 326 811 378 870; x_wconf 83' lang='grc' dir='ltr'><strong>τοῦ</strong></span> <span class='ocrx_word' id='word_1_34' title='bbox 394 805 550 889; x_wconf 82' lang='grc' dir='ltr'>ἐλμάγλου,</span> <span class='ocrx_word' id='word_1_35' title='bbox 574 825 614 872; x_wconf 92' lang='lat' dir='ltr'><strong>ex</strong></span> <span class='ocrx_word' id='word_1_36' title='bbox 630 806 664 870; x_wconf 77' lang='grc' dir='ltr'><strong>Σ.</strong></span> <span class='ocrx_word' id='word_1_37' title='bbox 680 811 731 871; x_wconf 83' lang='grc' dir='ltr'><strong>τοῦ</strong></span> <span class='ocrx_word' id='word_1_38' title='bbox 748 808 930 894; x_wconf 79' lang='grc' dir='ltr'>ἑρμογλύρου</span> <span class='ocrx_word' id='word_1_39' title='bbox 954 816 1147 892; x_wconf 86' lang='lat' dir='ltr'><strong>corruptum.</strong></span> <span class='ocrx_word' id='word_1_40' title='bbox 1160 811 1168 840; x_wconf 87' lang='lat'><em>¹</em></span> <span class='ocrx_word' id='word_1_41' title='bbox 1190 811 1316 894; x_wconf 84' lang='lat' dir='ltr'><strong>priores</strong></span> <span class='ocrx_word' id='word_1_42' title='bbox 1331 815 1468 893; x_wconf 63' lang='lat'>§51-11</span> 
     </span>
     <span class='ocr_line' id='line_1_6' title="bbox 103 907 1468 996; baseline 0.004 -21"><span class='ocrx_word' id='word_1_43' title='bbox 103 910 206 995; x_wconf 87' lang='lat' dir='ltr'><strong>probe</strong></span> <span class='ocrx_word' id='word_1_44' title='bbox 223 916 385 994; x_wconf 85' lang='lat' dir='ltr'><strong>excerpta.</strong></span> <span class='ocrx_word' id='word_1_45' title='bbox 407 907 609 975; x_wconf 80' lang='lat' dir='ltr'><strong>Archelao</strong></span> <span class='ocrx_word' id='word_1_46' title='bbox 626 915 734 975; x_wconf 88' lang='lat' dir='ltr'><strong>tamen</strong></span> <span class='ocrx_word' id='word_1_47' title='bbox 750 917 869 976; x_wconf 92' lang='lat' dir='ltr'><strong>terram</strong></span> <span class='ocrx_word' id='word_1_48' title='bbox 884 910 1077 995; x_wconf 90' lang='lat' dir='ltr'><strong>principium</strong></span> <span class='ocrx_word' id='word_1_49' title='bbox 1100 912 1189 978; x_wconf 85' lang='lat' dir='ltr'><strong>dedit</strong></span> <span class='ocrx_word' id='word_1_50' title='bbox 1211 913 1336 996; x_wconf 90' lang='lat' dir='ltr'><strong>vulgari</strong></span> <span class='ocrx_word' id='word_1_51' title='bbox 1360 935 1468 981; x_wconf 91' lang='lat' dir='ltr'><strong>errore</strong></span> 
     </span>
     <span class='ocr_line' id='line_1_7' title="bbox 106 1010 1469 1101; baseline 0.002 -23"><span class='ocrx_word' id='word_1_52' title='bbox 106 1013 229 1098; x_wconf 85' lang='lat' dir='ltr'><strong>quippe</strong></span> <span class='ocrx_word' id='word_1_53' title='bbox 251 1011 337 1078; x_wconf 91' lang='lat' dir='ltr'><strong>unde</strong></span> <span class='ocrx_word' id='word_1_54' title='bbox 358 1010 515 1078; x_wconf 90' lang='lat' dir='ltr'><strong>animalia</strong></span> <span class='ocrx_word' id='word_1_55' title='bbox 539 1018 711 1095; x_wconf 87' lang='lat' dir='ltr'><strong>procreata</strong></span> <span class='ocrx_word' id='word_1_56' title='bbox 734 1012 889 1078; x_wconf 89' lang='lat' dir='ltr'><strong>crederet</strong></span> <span class='ocrx_word' id='word_1_57' title='bbox 913 1013 954 1079; x_wconf 94' lang='lat' dir='ltr'><strong>de</strong></span> <span class='ocrx_word' id='word_1_58' title='bbox 970 1014 1198 1098; x_wconf 81' lang='lat' dir='ltr'><strong>Pythagora</strong></span> <span class='ocrx_word' id='word_1_59' title='bbox 1220 1014 1469 1101; x_wconf 88' lang='lat' dir='ltr'><strong>biographorum</strong></span> 
     </span>
     <span class='ocr_line' id='line_1_8' title="bbox 104 1113 1470 1206; baseline 0.003 -24"><span class='ocrx_word' id='word_1_60' title='bbox 104 1116 251 1200; x_wconf 76' lang='lat' dir='ltr'><strong>vulgaria</strong></span> <span class='ocrx_word' id='word_1_61' title='bbox 278 1115 434 1182; x_wconf 91' lang='lat' dir='ltr'><strong>memoria</strong></span> <span class='ocrx_word' id='word_1_62' title='bbox 460 1114 653 1198; x_wconf 79' lang='lat' dir='ltr'><strong>recoquitur.</strong></span> <span class='ocrx_word' id='word_1_63' title='bbox 699 1113 740 1180; x_wconf 88' lang='lat' dir='ltr'><strong>de</strong></span> <span class='ocrx_word' id='word_1_64' title='bbox 767 1113 1014 1199; x_wconf 86' lang='lat' dir='ltr'><strong>Xenophane</strong></span> <span class='ocrx_word' id='word_1_65' title='bbox 1047 1117 1193 1184; x_wconf 91' lang='lat' dir='ltr'><strong>similiter</strong></span> <span class='ocrx_word' id='word_1_66' title='bbox 1219 1118 1360 1201; x_wconf 91' lang='lat' dir='ltr'><strong>loquitur</strong></span> <span class='ocrx_word' id='word_1_67' title='bbox 1393 1122 1470 1206; x_wconf 90' lang='lat' dir='ltr'><strong>Hip·</strong></span> 
     </span>
     <span class='ocr_line' id='line_1_9' title="bbox 104 1215 1469 1305; baseline 0.004 -21"><span class='ocrx_word' id='word_1_68' title='bbox 104 1221 221 1305; x_wconf 89' lang='lat' dir='ltr'><strong>polyto</strong></span> <span class='ocrx_word' id='word_1_69' title='bbox 246 1221 330 1284; x_wconf 82' lang='lat'><strong>141.</strong></span> <span class='ocrx_word' id='word_1_70' title='bbox 365 1218 462 1302; x_wconf 89' lang='lat' dir='ltr'><strong>plane</strong></span> <span class='ocrx_word' id='word_1_71' title='bbox 494 1223 604 1282; x_wconf 93' lang='lat' dir='ltr'><strong>mente</strong></span> <span class='ocrx_word' id='word_1_72' title='bbox 632 1222 747 1300; x_wconf 90' lang='lat' dir='ltr'><strong>captus</strong></span> <span class='ocrx_word' id='word_1_73' title='bbox 774 1215 902 1300; x_wconf 82' lang='lat' dir='ltr'><strong>scripsit</strong></span> <span class='ocrx_word' id='word_1_74' title='bbox 929 1215 970 1282; x_wconf 92' lang='lat' dir='ltr'><strong>de</strong></span> <span class='ocrx_word' id='word_1_75' title='bbox 997 1219 1233 1287; x_wconf 85' lang='lat' dir='ltr'><strong>Parmenidc</strong></span> <span class='ocrx_word' id='word_1_76' title='bbox 1271 1242 1366 1304; x_wconf 94' lang='lat' dir='ltr'><strong>quem</strong></span> <span class='ocrx_word' id='word_1_77' title='bbox 1398 1243 1469 1289; x_wconf 91' lang='lat' dir='ltr'><strong>cum</strong></span> 
     </span>
     <span class='ocr_line' id='line_1_10' title="bbox 104 1317 1470 1395; baseline 0.006 -8"><span class='ocrx_word' id='word_1_78' title='bbox 104 1321 350 1388; x_wconf 80' lang='lat' dir='ltr'><strong>Anaximandro</strong></span> <span class='ocrx_word' id='word_1_79' title='bbox 380 1318 470 1384; x_wconf 92' lang='lat' dir='ltr'><strong>haud</strong></span> <span class='ocrx_word' id='word_1_80' title='bbox 497 1317 561 1384; x_wconf 85' lang='lat' dir='ltr'><strong>levi</strong></span> <span class='ocrx_word' id='word_1_81' title='bbox 589 1337 699 1384; x_wconf 90' lang='lat' dir='ltr'><strong>errore</strong></span> <span class='ocrx_word' id='word_1_82' title='bbox 726 1317 910 1384; x_wconf 83' lang='lat' dir='ltr'><strong>confudisse</strong></span> <span class='ocrx_word' id='word_1_83' title='bbox 934 1319 1070 1385; x_wconf 90' lang='lat' dir='ltr'><strong>coniecit</strong></span> <span class='ocrx_word' id='word_1_84' title='bbox 1092 1321 1199 1388; x_wconf 87' lang='lat' dir='ltr'><strong>Zeller</strong></span> <span class='ocrx_word' id='word_1_85' title='bbox 1220 1324 1254 1387; x_wconf 83' lang='lat'><strong>1⁴</strong></span> <span class='ocrx_word' id='word_1_86' title='bbox 1277 1327 1341 1390; x_wconf 77' lang='lat'><strong>514</strong></span> <span class='ocrx_word' id='word_1_87' title='bbox 1358 1336 1384 1392; x_wconf 84' lang='lat'><strong>3.</strong></span> <span class='ocrx_word' id='word_1_88' title='bbox 1429 1327 1470 1395; x_wconf 92' lang='lat' dir='ltr'><strong>de</strong></span> 
     </span>
     <span class='ocr_line' id='line_1_11' title="bbox 105 1418 1469 1507; baseline 0.006 -19"><span class='ocrx_word' id='word_1_89' title='bbox 105 1424 262 1490; x_wconf 88' lang='lat' dir='ltr'><strong>Zenone</strong></span> <span class='ocrx_word' id='word_1_90' title='bbox 284 1429 320 1487; x_wconf 88' lang='lat' dir='ltr'><strong>ut</strong></span> <span class='ocrx_word' id='word_1_91' title='bbox 342 1441 449 1506; x_wconf 86' lang='lat' dir='ltr'><strong>supra</strong></span> <span class='ocrx_word' id='word_1_92' title='bbox 474 1422 516 1487; x_wconf 94' lang='lat' dir='ltr'><strong>de</strong></span> <span class='ocrx_word' id='word_1_93' title='bbox 544 1418 749 1504; x_wconf 90' lang='lat' dir='ltr'><strong>Leucippo</strong></span> <span class='ocrx_word' id='word_1_94' title='bbox 772 1439 926 1502; x_wconf 87' lang='lat' dir='ltr'><strong>germano</strong></span> <span class='ocrx_word' id='word_1_95' title='bbox 953 1421 1102 1507; x_wconf 84' lang='lat' dir='ltr'><strong>Sceptico</strong></span> <span class='ocrx_word' id='word_1_96' title='bbox 1129 1423 1169 1489; x_wconf 90' lang='grc'><strong>01.</strong></span> <span class='ocrx_word' id='word_1_97' title='bbox 1196 1426 1307 1491; x_wconf 83' lang='lat' dir='ltr'><strong>Daris.</strong></span> <span class='ocrx_word' id='word_1_98' title='bbox 1336 1431 1379 1495; x_wconf 92' lang='lat' dir='ltr'><strong>ad</strong></span> <span class='ocrx_word' id='word_1_99' title='bbox 1403 1430 1469 1497; x_wconf 83' lang='grc'><strong>010.</strong></span> 
     </span>
     <span class='ocr_line' id='line_1_12' title="bbox 103 1521 1470 1614; baseline 0.005 -23"><span class='ocrx_word' id='word_1_100' title='bbox 103 1525 207 1591; x_wconf 82' lang='lat' dir='ltr'><strong>Acad.</strong></span> <span class='ocrx_word' id='word_1_101' title='bbox 232 1525 321 1608; x_wconf 77' lang='lat'><strong>117,</strong></span> <span class='ocrx_word' id='word_1_102' title='bbox 354 1523 450 1591; x_wconf 87' lang='lat' dir='ltr'><strong>Bake</strong></span> <span class='ocrx_word' id='word_1_103' title='bbox 478 1523 521 1589; x_wconf 91' lang='lat' dir='ltr'><strong>ad</strong></span> <span class='ocrx_word' id='word_1_104' title='bbox 548 1521 713 1588; x_wconf 75' lang='lat' dir='ltr'><strong>Cleomed.</strong></span> <span class='ocrx_word' id='word_1_105' title='bbox 737 1542 768 1604; x_wconf 91' lang='lat' dir='ltr'><strong>p.</strong></span> <span class='ocrx_word' id='word_1_106' title='bbox 785 1523 866 1607; x_wconf 87' lang='grc'>391,</span> <span class='ocrx_word' id='word_1_107' title='bbox 900 1523 982 1590; x_wconf 91' lang='lat' dir='ltr'><strong>Iahn</strong></span> <span class='ocrx_word' id='word_1_108' title='bbox 1010 1525 1053 1591; x_wconf 93' lang='lat' dir='ltr'><strong>ad</strong></span> <span class='ocrx_word' id='word_1_109' title='bbox 1080 1526 1196 1610; x_wconf 83' lang='lat' dir='ltr'><strong>Epiph.</strong></span> <span class='ocrx_word' id='word_1_110' title='bbox 1228 1528 1330 1611; x_wconf 87' lang='lat' dir='ltr'><strong>symb.</strong></span> <span class='ocrx_word' id='word_1_111' title='bbox 1359 1553 1390 1614; x_wconf 88' lang='lat' dir='ltr'><strong>p.</strong></span> <span class='ocrx_word' id='word_1_112' title='bbox 1408 1534 1470 1598; x_wconf 95' lang='grc'><strong>109</strong></span> 
     </span>
     <span class='ocr_line' id='line_1_13' title="bbox 107 1623 1472 1711; baseline 0.006 -19"><span class='ocrx_word' id='word_1_113' title='bbox 107 1634 140 1693; x_wconf 89' lang='grc'><strong>01</strong></span> <span class='ocrx_word' id='word_1_114' title='bbox 163 1627 281 1692; x_wconf 74' lang='lat' dir='ltr'><strong>huual</strong></span> <span class='ocrx_word' id='word_1_115' title='bbox 305 1625 422 1691; x_wconf 93' lang='lat' dir='ltr'><strong>Philol.</strong></span> <span class='ocrx_word' id='word_1_116' title='bbox 444 1625 476 1689; x_wconf 87' lang='lat' dir='ltr'>X</span> <span class='ocrx_word' id='word_1_117' title='bbox 499 1647 531 1709; x_wconf 88' lang='lat' dir='ltr'><strong>p.</strong></span> <span class='ocrx_word' id='word_1_118' title='bbox 549 1626 620 1690; x_wconf 89' lang='grc'><strong>169.</strong></span> <span class='ocrx_word' id='word_1_119' title='bbox 656 1623 743 1689; x_wconf 92' lang='lat' dir='ltr'><strong>idem</strong></span> <span class='ocrx_word' id='word_1_120' title='bbox 769 1623 811 1689; x_wconf 90' lang='lat' dir='ltr'><strong>de</strong></span> <span class='ocrx_word' id='word_1_121' title='bbox 836 1625 1054 1693; x_wconf 89' lang='lat' dir='ltr'><strong>Democriti</strong></span> <span class='ocrx_word' id='word_1_122' title='bbox 1080 1628 1208 1711; x_wconf 88' lang='lat' dir='ltr'><strong>placitis</strong></span> <span class='ocrx_word' id='word_1_123' title='bbox 1236 1638 1323 1697; x_wconf 89' lang='lat' dir='ltr'><strong>recte</strong></span> <span class='ocrx_word' id='word_1_124' title='bbox 1352 1634 1472 1700; x_wconf 90' lang='lat' dir='ltr'><strong>iudiea-</strong></span> 
     </span>
     <span class='ocr_line' id='line_1_14' title="bbox 107 1725 1471 1818; baseline 0.004 -22"><span class='ocrx_word' id='word_1_125' title='bbox 107 1731 188 1797; x_wconf 81' lang='lat' dir='ltr'><strong>vit.¹</strong></span> <span class='ocrx_word' id='word_1_126' title='bbox 221 1728 480 1797; x_wconf 83' lang='lat' dir='ltr'><strong>Metrodorum</strong></span> <span class='ocrx_word' id='word_1_127' title='bbox 495 1728 592 1814; x_wconf 91' lang='lat' dir='ltr'><strong>paulo</strong></span> <span class='ocrx_word' id='word_1_128' title='bbox 610 1725 728 1792; x_wconf 85' lang='lat' dir='ltr'><strong>rectius</strong></span> <span class='ocrx_word' id='word_1_129' title='bbox 744 1733 865 1810; x_wconf 89' lang='lat' dir='ltr'><strong>censet,</strong></span> <span class='ocrx_word' id='word_1_130' title='bbox 888 1729 947 1794; x_wconf 87' lang='lat' dir='ltr'><strong>sed</strong></span> <span class='ocrx_word' id='word_1_131' title='bbox 963 1730 1211 1813; x_wconf 85' lang='lat' dir='ltr'><strong>Protagoram</strong></span> <span class='ocrx_word' id='word_1_132' title='bbox 1235 1752 1275 1799; x_wconf 93' lang='grc' dir='ltr'>οο</span> <span class='ocrx_word' id='word_1_133' title='bbox 1299 1736 1471 1818; x_wconf 83' lang='lat' dir='ltr'><strong>malignius</strong></span> 
     </span>
     <span class='ocr_line' id='line_1_15' title="bbox 107 1826 1471 1921; baseline 0.006 -23"><span class='ocrx_word' id='word_1_134' title='bbox 107 1833 149 1899; x_wconf 90' lang='grc'><strong>01.</strong></span> <span class='ocrx_word' id='word_1_135' title='bbox 178 1832 316 1898; x_wconf 88' lang='lat' dir='ltr'><strong>Krische</strong></span> <span class='ocrx_word' id='word_1_136' title='bbox 344 1853 376 1915; x_wconf 90' lang='lat' dir='ltr'><strong>p.</strong></span> <span class='ocrx_word' id='word_1_137' title='bbox 393 1832 465 1896; x_wconf 92' lang='grc'><strong>134.</strong></span> <span class='ocrx_word' id='word_1_138' title='bbox 510 1827 679 1911; x_wconf 89' lang='lat' dir='ltr'><strong>Diogeni</strong></span> <span class='ocrx_word' id='word_1_139' title='bbox 716 1847 798 1892; x_wconf 82' lang='grc'><strong>1110</strong></span> <span class='ocrx_word' id='word_1_140' title='bbox 821 1826 977 1913; x_wconf 77' lang='lat' dir='ltr'><strong>¹Cyrenen</strong></span> <span class='ocrx_word' id='word_1_141' title='bbox 1010 1833 1149 1916; x_wconf 89' lang='lat' dir='ltr'><strong>patriam</strong></span> <span class='ocrx_word' id='word_1_142' title='bbox 1183 1834 1351 1921; x_wconf 86' lang='lat' dir='ltr'><strong>adscribit,</strong></span> <span class='ocrx_word' id='word_1_143' title='bbox 1384 1847 1471 1906; x_wconf 91' lang='lat' dir='ltr'><strong>recte</strong></span> 
     </span>
     <span class='ocr_line' id='line_1_16' title="bbox 107 1930 1472 2016; baseline 0.004 -15"><span class='ocrx_word' id='word_1_144' title='bbox 107 1944 220 2002; x_wconf 87' lang='lat' dir='ltr'><strong>tamen</strong></span> <span class='ocrx_word' id='word_1_145' title='bbox 242 1935 342 2002; x_wconf 91' lang='lat' dir='ltr'><strong>etiam</strong></span> <span class='ocrx_word' id='word_1_146' title='bbox 358 1932 572 2016; x_wconf 85' lang='lat' dir='ltr'><strong>Smyrnaeum</strong></span> <span class='ocrx_word' id='word_1_147' title='bbox 596 1931 650 2014; x_wconf 91' lang='grc'><strong>[01.</strong></span> <span class='ocrx_word' id='word_1_148' title='bbox 674 1950 704 2012; x_wconf 90' lang='lat' dir='ltr'><strong>p.</strong></span> <span class='ocrx_word' id='word_1_149' title='bbox 721 1930 798 2011; x_wconf 89' lang='grc'><strong>223]</strong></span> <span class='ocrx_word' id='word_1_150' title='bbox 821 1931 976 1999; x_wconf 93' lang='lat' dir='ltr'><strong>nominat.</strong></span> <span class='ocrx_word' id='word_1_151' title='bbox 1009 1934 1237 2003; x_wconf 86' lang='lat' dir='ltr'><strong>Heraclitea</strong></span> <span class='ocrx_word' id='word_1_152' title='bbox 1253 1957 1324 2002; x_wconf 93' lang='lat' dir='ltr'><strong>cum</strong></span> <span class='ocrx_word' id='word_1_153' title='bbox 1340 1939 1472 2006; x_wconf 89' lang='lat' dir='ltr'><strong>Placitis</strong></span> 
     </span>
     <span class='ocr_line' id='line_1_17' title="bbox 108 2030 1473 2123; baseline 0.003 -19"><span class='ocrx_word' id='word_1_154' title='bbox 108 2044 292 2104; x_wconf 88' lang='lat' dir='ltr'><strong>consonant</strong></span> <span class='ocrx_word' id='word_1_155' title='bbox 314 2034 365 2123; x_wconf 87' lang='lat' dir='ltr'><strong>[cf.</strong></span> <span class='ocrx_word' id='word_1_156' title='bbox 382 2056 412 2118; x_wconf 88' lang='lat' dir='ltr'><strong>p.</strong></span> <span class='ocrx_word' id='word_1_157' title='bbox 431 2033 493 2099; x_wconf 80' lang='grc'><strong>119</strong></span> <span class='ocrx_word' id='word_1_158' title='bbox 507 2031 527 2120; x_wconf 87' lang='lat'><strong>¹]</strong></span> <span class='ocrx_word' id='word_1_159' title='bbox 550 2030 738 2099; x_wconf 87' lang='lat' dir='ltr'><strong>Prodicus</strong></span> <span class='ocrx_word' id='word_1_160' title='bbox 758 2037 856 2116; x_wconf 91' lang='lat' dir='ltr'><strong>recte,</strong></span> <span class='ocrx_word' id='word_1_161' title='bbox 879 2034 994 2102; x_wconf 92' lang='lat' dir='ltr'><strong>Plato</strong></span> <span class='ocrx_word' id='word_1_162' title='bbox 1017 2057 1088 2102; x_wconf 87' lang='lat' dir='ltr'><strong>cum</strong></span> <span class='ocrx_word' id='word_1_163' title='bbox 1104 2038 1378 2123; x_wconf 88' lang='lat' dir='ltr'><strong>anacephalaeosi</strong></span> <span class='ocrx_word' id='word_1_164' title='bbox 1399 2064 1473 2108; x_wconf 90' lang='lat' dir='ltr'><strong>con·</strong></span> 
     </span>
     <span class='ocr_line' id='line_1_18' title="bbox 107 2130 1473 2223; baseline 0.004 -17"><span class='ocrx_word' id='word_1_165' title='bbox 107 2141 264 2209; x_wconf 82' lang='lat' dir='ltr'><strong>ferendus</strong></span> <span class='ocrx_word' id='word_1_166' title='bbox 295 2146 354 2205; x_wconf 86' lang='lat' dir='ltr'><strong>est.</strong></span> <span class='ocrx_word' id='word_1_167' title='bbox 400 2133 606 2220; x_wconf 84' lang='lat' dir='ltr'><strong>Cyrenaici</strong></span> <span class='ocrx_word' id='word_1_168' title='bbox 633 2130 748 2200; x_wconf 92' lang='lat' dir='ltr'><strong>eodem</strong></span> <span class='ocrx_word' id='word_1_169' title='bbox 780 2133 877 2199; x_wconf 91' lang='lat' dir='ltr'><strong>modo</strong></span> <span class='ocrx_word' id='word_1_170' title='bbox 906 2158 969 2220; x_wconf 91' lang='lat' dir='ltr'><strong>quo</strong></span> <span class='ocrx_word' id='word_1_171' title='bbox 1002 2137 1091 2223; x_wconf 91' lang='lat' dir='ltr'><strong>apud</strong></span> <span class='ocrx_word' id='word_1_172' title='bbox 1122 2139 1288 2207; x_wconf 88' lang='lat' dir='ltr'><strong>Laertium</strong></span> <span class='ocrx_word' id='word_1_173' title='bbox 1321 2149 1473 2211; x_wconf 85' lang='lat' dir='ltr'><strong>taxantur</strong></span> 
     </span>
     <span class='ocr_line' id='line_1_19' title="bbox 107 2234 1474 2331; baseline 0.003 -23"><span class='ocrx_word' id='word_1_174' title='bbox 107 2238 399 2327; x_wconf 88' lang='lat' dir='ltr'><strong>apophthegmatis</strong></span> <span class='ocrx_word' id='word_1_175' title='bbox 420 2234 572 2301; x_wconf 87' lang='lat' dir='ltr'><strong>narratis.</strong></span> <span class='ocrx_word' id='word_1_176' title='bbox 605 2255 781 2302; x_wconf 85' lang='grc'><strong>10000010</strong></span> <span class='ocrx_word' id='word_1_177' title='bbox 804 2234 953 2320; x_wconf 80' lang='lat' dir='ltr'><strong>Cynici.</strong></span> <span class='ocrx_word' id='word_1_178' title='bbox 987 2241 1028 2307; x_wconf 95' lang='lat' dir='ltr'><strong>de</strong></span> <span class='ocrx_word' id='word_1_179' title='bbox 1049 2241 1265 2309; x_wconf 79' lang='lat' dir='ltr'><strong>Aristotele</strong></span> <span class='ocrx_word' id='word_1_180' title='bbox 1291 2247 1474 2331; x_wconf 91' lang='lat' dir='ltr'><strong>anacepha-</strong></span> 
     </span>
     <span class='ocr_line' id='line_1_20' title="bbox 108 2336 1474 2428; baseline 0.005 -20"><span class='ocrx_word' id='word_1_181' title='bbox 108 2345 238 2410; x_wconf 87' lang='lat' dir='ltr'><strong>laeosin</strong></span> <span class='ocrx_word' id='word_1_182' title='bbox 259 2341 388 2428; x_wconf 86' lang='lat' dir='ltr'><strong>repetit.</strong></span> <span class='ocrx_word' id='word_1_183' title='bbox 421 2338 455 2403; x_wconf 92' lang='lat' dir='ltr'><strong>in</strong></span> <span class='ocrx_word' id='word_1_184' title='bbox 478 2336 684 2403; x_wconf 86' lang='lat' dir='ltr'><strong>Stratonis</strong></span> <span class='ocrx_word' id='word_1_185' title='bbox 706 2337 875 2403; x_wconf 91' lang='lat' dir='ltr'><strong>elementis</strong></span> <span class='ocrx_word' id='word_1_186' title='bbox 897 2341 1033 2407; x_wconf 90' lang='lat' dir='ltr'><strong>alteram</strong></span> <span class='ocrx_word' id='word_1_187' title='bbox 1053 2361 1184 2408; x_wconf 88' lang='lat' dir='ltr'><strong>causam</strong></span> <span class='ocrx_word' id='word_1_188' title='bbox 1206 2342 1334 2426; x_wconf 86' lang='lat' dir='ltr'><strong>frigoris</strong></span> <span class='ocrx_word' id='word_1_189' title='bbox 1358 2349 1474 2416; x_wconf 88' lang='lat' dir='ltr'><strong>omittit</strong></span> 
     </span>
     <span class='ocr_line' id='line_1_21' title="bbox 107 2438 1474 2533; baseline 0.004 -22"><span class='ocrx_word' id='word_1_190' title='bbox 107 2445 151 2512; x_wconf 87' lang='grc'><strong>01.</strong></span> <span class='ocrx_word' id='word_1_191' title='bbox 173 2444 312 2512; x_wconf 86' lang='lat' dir='ltr'><strong>Krische</strong></span> <span class='ocrx_word' id='word_1_192' title='bbox 334 2464 366 2529; x_wconf 89' lang='lat' dir='ltr'><strong>p.</strong></span> <span class='ocrx_word' id='word_1_193' title='bbox 382 2442 457 2508; x_wconf 84' lang='grc'><strong>353.</strong></span> <span class='ocrx_word' id='word_1_194' title='bbox 494 2438 582 2522; x_wconf 92' lang='lat' dir='ltr'><strong>quod</strong></span> <span class='ocrx_word' id='word_1_195' title='bbox 603 2438 746 2504; x_wconf 87' lang='lat' dir='ltr'><strong>infinitas</strong></span> <span class='ocrx_word' id='word_1_196' title='bbox 768 2441 913 2524; x_wconf 87' lang='lat' dir='ltr'><strong>corporis</strong></span> <span class='ocrx_word' id='word_1_197' title='bbox 935 2450 1045 2526; x_wconf 88' lang='lat' dir='ltr'><strong>partes</strong></span> <span class='ocrx_word' id='word_1_198' title='bbox 1066 2444 1150 2510; x_wconf 86' lang='lat' dir='ltr'><strong>falso</strong></span> <span class='ocrx_word' id='word_1_199' title='bbox 1173 2444 1291 2511; x_wconf 82' lang='lat' dir='ltr'><strong>dixerit</strong></span> <span class='ocrx_word' id='word_1_200' title='bbox 1313 2448 1474 2533; x_wconf 88' lang='lat' dir='ltr'><strong>vitupera·</strong></span> 
     </span>
     <span class='ocr_line' id='line_1_22' title="bbox 107 2541 1474 2631; baseline 0.004 -19"><span class='ocrx_word' id='word_1_201' title='bbox 107 2554 163 2612; x_wconf 88' lang='lat' dir='ltr'><strong>tur</strong></span> <span class='ocrx_word' id='word_1_202' title='bbox 184 2567 207 2614; x_wconf 93' lang='lat' dir='ltr'><strong>a</strong></span> <span class='ocrx_word' id='word_1_203' title='bbox 228 2544 463 2628; x_wconf 77' lang='grc' dir='ltr'><strong>201101οΠ2,</strong></span> <span class='ocrx_word' id='word_1_204' title='bbox 488 2543 550 2606; x_wconf 84' lang='grc'><strong>140</strong></span> <span class='ocrx_word' id='word_1_205' title='bbox 565 2542 586 2607; x_wconf 77' lang='lat'><strong>⁸.</strong></span> <span class='ocrx_word' id='word_1_206' title='bbox 619 2541 801 2608; x_wconf 90' lang='lat' dir='ltr'><strong>Zenouea</strong></span> <span class='ocrx_word' id='word_1_207' title='bbox 835 2544 953 2627; x_wconf 89' lang='lat' dir='ltr'><strong>partim</strong></span> <span class='ocrx_word' id='word_1_208' title='bbox 983 2552 1072 2611; x_wconf 87' lang='lat' dir='ltr'><strong>recta</strong></span> <span class='ocrx_word' id='word_1_209' title='bbox 1104 2552 1179 2612; x_wconf 89' lang='lat' dir='ltr'><strong>sunt</strong></span> <span class='ocrx_word' id='word_1_210' title='bbox 1210 2547 1327 2631; x_wconf 91' lang='lat' dir='ltr'><strong>partim</strong></span> <span class='ocrx_word' id='word_1_211' title='bbox 1352 2550 1399 2616; x_wconf 89' lang='lat' dir='ltr'><strong>ita</strong></span> <span class='ocrx_word' id='word_1_212' title='bbox 1425 2553 1474 2617; x_wconf 89' lang='lat' dir='ltr'><strong>ira</strong></span> 
     </span>
     <span class='ocr_line' id='line_1_23' title="bbox 107 2643 1474 2733; baseline 0.004 -19"><span class='ocrx_word' id='word_1_213' title='bbox 107 2648 284 2733; x_wconf 83' lang='lat' dir='ltr'><strong>studioque</strong></span> <span class='ocrx_word' id='word_1_214' title='bbox 311 2654 452 2730; x_wconf 87' lang='lat' dir='ltr'><strong>mutata,</strong></span> <span class='ocrx_word' id='word_1_215' title='bbox 479 2650 514 2710; x_wconf 87' lang='lat' dir='ltr'><strong>ut</strong></span> <span class='ocrx_word' id='word_1_216' title='bbox 543 2643 708 2729; x_wconf 85' lang='lat' dir='ltr'><strong>scriptoris</strong></span> <span class='ocrx_word' id='word_1_217' title='bbox 736 2644 904 2711; x_wconf 75' lang='lat' dir='ltr'><strong>consilium</strong></span> <span class='ocrx_word' id='word_1_218' title='bbox 931 2653 1054 2731; x_wconf 86' lang='lat' dir='ltr'><strong>pateat.</strong></span> <span class='ocrx_word' id='word_1_219' title='bbox 1089 2647 1297 2733; x_wconf 81' lang='lat' dir='ltr'><strong>Chrysippi</strong></span> <span class='ocrx_word' id='word_1_220' title='bbox 1329 2653 1410 2724; x_wconf 80' lang='grc' dir='ltr'>τέλος</span> <span class='ocrx_word' id='word_1_221' title='bbox 1440 2657 1474 2719; x_wconf 83' lang='grc' dir='ltr'><strong>τὸ</strong></span> 
     </span>
     <span class='ocr_line' id='line_1_24' title="bbox 109 2744 1474 2837; baseline 0.004 -21"><span class='ocrx_word' id='word_1_222' title='bbox 109 2753 265 2837; x_wconf 53' lang='lat' dir='ltr'><strong>fidenate&lt;</strong></span> <span class='ocrx_word' id='word_1_223' title='bbox 291 2751 364 2816; x_wconf 78' lang='grc' dir='ltr'>εἶναι</span> <span class='ocrx_word' id='word_1_224' title='bbox 394 2748 475 2813; x_wconf 91' lang='lat' dir='ltr'><strong>mire</strong></span> <span class='ocrx_word' id='word_1_225' title='bbox 501 2744 716 2830; x_wconf 83' lang='lat' dir='ltr'><strong>depravatum</strong></span> <span class='ocrx_word' id='word_1_226' title='bbox 749 2752 808 2812; x_wconf 92' lang='lat' dir='ltr'><strong>est.</strong></span> <span class='ocrx_word' id='word_1_227' title='bbox 854 2756 910 2815; x_wconf 92' lang='lat' dir='ltr'><strong>aut</strong></span> <span class='ocrx_word' id='word_1_228' title='bbox 938 2750 1052 2820; x_wconf 78' lang='grc' dir='ltr'>ἀπαθὲς</span> <span class='ocrx_word' id='word_1_229' title='bbox 1081 2749 1322 2816; x_wconf 89' lang='lat' dir='ltr'><strong>rescribendum</strong></span> <span class='ocrx_word' id='word_1_230' title='bbox 1350 2756 1474 2822; x_wconf 89' lang='lat' dir='ltr'><strong>autad</strong></span> 
     </span>
     <span class='ocr_line' id='line_1_25' title="bbox 110 2846 1476 2938; baseline 0.003 -19"><span class='ocrx_word' id='word_1_231' title='bbox 110 2854 295 2938; x_wconf 90' lang='lat' dir='ltr'><strong>proximum</strong></span> <span class='ocrx_word' id='word_1_232' title='bbox 318 2851 500 2934; x_wconf 89' lang='lat' dir='ltr'><strong>Diogenem</strong></span> <span class='ocrx_word' id='word_1_233' title='bbox 522 2846 740 2934; x_wconf 91' lang='lat' dir='ltr'><strong>Babylonium</strong></span> <span class='ocrx_word' id='word_1_234' title='bbox 768 2848 972 2916; x_wconf 83' lang='lat' dir='ltr'><strong>referendum</strong></span> <span class='ocrx_word' id='word_1_235' title='bbox 1000 2858 1111 2918; x_wconf 90' lang='lat' dir='ltr'><strong>censet</strong></span> <span class='ocrx_word' id='word_1_236' title='bbox 1135 2850 1320 2919; x_wconf 80' lang='lat' dir='ltr'><strong>Gatalxerus</strong></span> <span class='ocrx_word' id='word_1_237' title='bbox 1347 2857 1391 2921; x_wconf 88' lang='lat' dir='ltr'><strong>ad</strong></span> <span class='ocrx_word' id='word_1_238' title='bbox 1412 2858 1476 2923; x_wconf 84' lang='lat' dir='ltr'><strong>An·</strong></span> 
     </span>
     <span class='ocr_line' id='line_1_26' title="bbox 111 2949 1475 3039; baseline 0.004 -19"><span class='ocrx_word' id='word_1_239' title='bbox 111 2955 216 3021; x_wconf 86' lang='lat' dir='ltr'><strong>tonin.</strong></span> <span class='ocrx_word' id='word_1_240' title='bbox 238 2975 353 3022; x_wconf 90' lang='lat' dir='ltr'><strong>comm</strong></span> <span class='ocrx_word' id='word_1_241' title='bbox 376 2976 407 3039; x_wconf 88' lang='lat' dir='ltr'><strong>p.</strong></span> <span class='ocrx_word' id='word_1_242' title='bbox 426 2953 497 3018; x_wconf 88' lang='grc'><strong>102.</strong></span> <span class='ocrx_word' id='word_1_243' title='bbox 532 2949 620 3017; x_wconf 91' lang='lat' dir='ltr'><strong>unde</strong></span> <span class='ocrx_word' id='word_1_244' title='bbox 653 2952 883 3018; x_wconf 87' lang='lat' dir='ltr'><strong>Panaetium</strong></span> <span class='ocrx_word' id='word_1_245' title='bbox 915 2952 1050 3018; x_wconf 86' lang='lat' dir='ltr'><strong>deornm</strong></span> <span class='ocrx_word' id='word_1_246' title='bbox 1083 2952 1269 3037; x_wconf 87' lang='lat' dir='ltr'><strong>opinionem</strong></span> <span class='ocrx_word' id='word_1_247' title='bbox 1302 2955 1475 3025; x_wconf 87' lang='lat' dir='ltr'><strong>absurdam</strong></span> 
     </span>
     <span class='ocr_line' id='line_1_27' title="bbox 110 3052 1476 3140; baseline 0.006 -18"><span class='ocrx_word' id='word_1_248' title='bbox 110 3055 238 3124; x_wconf 87' lang='lat' dir='ltr'><strong>dixisse</strong></span> <span class='ocrx_word' id='word_1_249' title='bbox 261 3056 392 3123; x_wconf 81' lang='lat' dir='ltr'><strong>sciverit</strong></span> <span class='ocrx_word' id='word_1_250' title='bbox 407 3052 612 3140; x_wconf 80' lang='lat' dir='ltr'><strong>Epiphanius</strong></span> <span class='ocrx_word' id='word_1_251' title='bbox 635 3052 755 3120; x_wconf 83' lang='grc'><strong>100010.</strong></span> <span class='ocrx_word' id='word_1_252' title='bbox 790 3053 876 3136; x_wconf 93' lang='lat' dir='ltr'><strong>quod</strong></span> <span class='ocrx_word' id='word_1_253' title='bbox 898 3054 939 3121; x_wconf 87' lang='lat' dir='ltr'><strong>de</strong></span> <span class='ocrx_word' id='word_1_254' title='bbox 961 3053 1172 3121; x_wconf 92' lang='lat' dir='ltr'><strong>Posidonio</strong></span> <span class='ocrx_word' id='word_1_255' title='bbox 1197 3055 1360 3140; x_wconf 87' lang='lat' dir='ltr'><strong>profertur</strong></span> <span class='ocrx_word' id='word_1_256' title='bbox 1381 3061 1476 3130; x_wconf 88' lang='lat' dir='ltr'><strong>finem</strong></span> 
     </span>
     <span class='ocr_line' id='line_1_28' title="bbox 110 3155 1477 3241; baseline 0.005 -17"><span class='ocrx_word' id='word_1_257' title='bbox 110 3157 272 3225; x_wconf 89' lang='lat' dir='ltr'><strong>bonorum</strong></span> <span class='ocrx_word' id='word_1_258' title='bbox 300 3156 433 3224; x_wconf 86' lang='lat' dir='ltr'><strong>divitias</strong></span> <span class='ocrx_word' id='word_1_259' title='bbox 461 3155 699 3239; x_wconf 85' lang='lat' dir='ltr'><strong>sanitatemque</strong></span> <span class='ocrx_word' id='word_1_260' title='bbox 729 3177 801 3224; x_wconf 87' lang='lat' dir='ltr'><strong>esse</strong></span> <span class='ocrx_word' id='word_1_261' title='bbox 832 3156 921 3224; x_wconf 91' lang='lat' dir='ltr'><strong>hand</strong></span> <span class='ocrx_word' id='word_1_262' title='bbox 948 3156 1046 3223; x_wconf 91' lang='lat' dir='ltr'><strong>dubie</strong></span> <span class='ocrx_word' id='word_1_263' title='bbox 1071 3176 1112 3223; x_wconf 84' lang='lat' dir='ltr'><strong>ex</strong></span> <span class='ocrx_word' id='word_1_264' title='bbox 1139 3157 1295 3241; x_wconf 88' lang='lat' dir='ltr'><strong>Diogenis</strong></span> <span class='ocrx_word' id='word_1_265' title='bbox 1321 3164 1477 3231; x_wconf 89' lang='lat' dir='ltr'><strong>memoria</strong></span> 
     </span>
     <span class='ocr_line' id='line_1_29' title="bbox 113 3242 1477 3353; baseline 0.004 -26"><span class='ocrx_word' id='word_1_266' title='bbox 113 3242 179 3327; x_wconf 73' lang='lat' dir='ltr'><strong>Vll</strong></span> <span class='ocrx_word' id='word_1_267' title='bbox 202 3261 265 3327; x_wconf 80' lang='lat'><strong>128</strong></span> <span class='ocrx_word' id='word_1_268' title='bbox 287 3263 303 3325; x_wconf 85' lang='lat' dir='ltr'><strong>b</strong></span> <span class='ocrx_word' id='word_1_269' title='bbox 326 3260 423 3342; x_wconf 76' lang='grc' dir='ltr'>μέντοι</span> <span class='ocrx_word' id='word_1_270' title='bbox 447 3258 600 3328; x_wconf 81' lang='grc' dir='ltr'>Παναίτιος</span> <span class='ocrx_word' id='word_1_271' title='bbox 622 3259 670 3322; x_wconf 83' lang='grc' dir='ltr'>καὶ</span> <span class='ocrx_word' id='word_1_272' title='bbox 700 3256 892 3328; x_wconf 81' lang='grc' dir='ltr'>Ποσειδώνιος</span> <span class='ocrx_word' id='word_1_273' title='bbox 915 3259 968 3322; x_wconf 85' lang='grc' dir='ltr'><strong>οὐκ</strong></span> <span class='ocrx_word' id='word_1_274' title='bbox 991 3259 1121 3343; x_wconf 82' lang='grc' dir='ltr'><strong>αὐτάρκη</strong></span> <span class='ocrx_word' id='word_1_275' title='bbox 1144 3259 1258 3344; x_wconf 81' lang='grc' dir='ltr'>λέγουσι</span> <span class='ocrx_word' id='word_1_276' title='bbox 1285 3265 1338 3347; x_wconf 79' lang='grc' dir='ltr'><strong>τὴν</strong></span> <span class='ocrx_word' id='word_1_277' title='bbox 1361 3267 1477 3353; x_wconf 78' lang='grc' dir='ltr'>ἀρετήν,</span> 
     </span>
     <span class='ocr_line' id='line_1_30' title="bbox 114 3360 1478 3450; baseline 0.006 -23"><span class='ocrx_word' id='word_1_278' title='bbox 114 3363 195 3427; x_wconf 73' lang='grc' dir='ltr'><strong>ἀλλὰ</strong></span> <span class='ocrx_word' id='word_1_279' title='bbox 225 3364 326 3450; x_wconf 77' lang='grc' dir='ltr'>χροίαν</span> <span class='ocrx_word' id='word_1_280' title='bbox 360 3363 434 3427; x_wconf 79' lang='grc' dir='ltr'>εἶναί</span> <span class='ocrx_word' id='word_1_281' title='bbox 463 3382 535 3447; x_wconf 84' lang='grc' dir='ltr'>φασι</span> <span class='ocrx_word' id='word_1_282' title='bbox 564 3360 613 3424; x_wconf 80' lang='grc' dir='ltr'>καὶ</span> <span class='ocrx_word' id='word_1_283' title='bbox 644 3360 751 3444; x_wconf 78' lang='grc' dir='ltr'>ὑγιείας</span> <span class='ocrx_word' id='word_1_284' title='bbox 779 3363 827 3427; x_wconf 81' lang='grc' dir='ltr'>καὶ</span> <span class='ocrx_word' id='word_1_285' title='bbox 853 3362 993 3448; x_wconf 77' lang='grc' dir='ltr'>χορηγίας</span> <span class='ocrx_word' id='word_1_286' title='bbox 1020 3363 1068 3425; x_wconf 86' lang='grc' dir='ltr'>καὶ</span> <span class='ocrx_word' id='word_1_287' title='bbox 1097 3361 1197 3448; x_wconf 77' lang='grc' dir='ltr'>ἰσχύος</span> <span class='ocrx_word' id='word_1_288' title='bbox 1224 3364 1320 3430; x_wconf 82' lang='lat' dir='ltr'><strong>solita</strong></span> <span class='ocrx_word' id='word_1_289' title='bbox 1350 3368 1478 3435; x_wconf 82' lang='lat' dir='ltr'><strong>vafritie</strong></span> 
     </span>
     <span class='ocr_line' id='line_1_31' title="bbox 112 3461 1478 3545; baseline 0.005 -15"><span class='ocrx_word' id='word_1_290' title='bbox 112 3463 282 3531; x_wconf 83' lang='lat' dir='ltr'><strong>detortum</strong></span> <span class='ocrx_word' id='word_1_291' title='bbox 304 3471 364 3532; x_wconf 82' lang='lat' dir='ltr'><strong>est</strong></span> <span class='ocrx_word' id='word_1_292' title='bbox 409 3469 523 3531; x_wconf 87' lang='lat' dir='ltr'><strong>contra</strong></span> <span class='ocrx_word' id='word_1_293' title='bbox 544 3461 754 3545; x_wconf 85' lang='lat' dir='ltr'><strong>Epicurum</strong></span> <span class='ocrx_word' id='word_1_294' title='bbox 777 3464 950 3530; x_wconf 87' lang='lat' dir='ltr'><strong>sollemnes</strong></span> <span class='ocrx_word' id='word_1_295' title='bbox 972 3462 1151 3529; x_wconf 90' lang='lat' dir='ltr'><strong>calumnias</strong></span> <span class='ocrx_word' id='word_1_296' title='bbox 1174 3464 1342 3533; x_wconf 90' lang='lat' dir='ltr'><strong>iaculatur.</strong></span> <span class='ocrx_word' id='word_1_297' title='bbox 1380 3491 1478 3537; x_wconf 91' lang='lat' dir='ltr'><strong>unum</strong></span> 
     </span>
     <span class='ocr_line' id='line_1_32' title="bbox 113 3563 1478 3658; baseline 0.003 -25"><span class='ocrx_word' id='word_1_298' title='bbox 113 3564 244 3633; x_wconf 74' lang='grc'><strong>11100010</strong></span> <span class='ocrx_word' id='word_1_299' title='bbox 257 3565 354 3633; x_wconf 83' lang='lat' dir='ltr'><strong>velim</strong></span> <span class='ocrx_word' id='word_1_300' title='bbox 369 3564 456 3631; x_wconf 86' lang='lat' dir='ltr'><strong>unde</strong></span> <span class='ocrx_word' id='word_1_301' title='bbox 470 3563 643 3649; x_wconf 81' lang='lat' dir='ltr'><strong>arripuerit</strong></span> <span class='ocrx_word' id='word_1_302' title='bbox 665 3565 739 3648; x_wconf 80' lang='lat'><strong>§15</strong></span> <span class='ocrx_word' id='word_1_303' title='bbox 763 3569 853 3651; x_wconf 78' lang='grc' dir='ltr'>μηδὲν</span> <span class='ocrx_word' id='word_1_304' title='bbox 875 3565 1026 3629; x_wconf 78' lang='grc' dir='ltr'>εἶναιτῶν</span> <span class='ocrx_word' id='word_1_305' title='bbox 1049 3565 1079 3629; x_wconf 83' lang='grc' dir='ltr'><strong>ἐν</strong></span> <span class='ocrx_word' id='word_1_306' title='bbox 1102 3573 1144 3652; x_wconf 81' lang='grc' dir='ltr'><strong>τῷ</strong></span> <span class='ocrx_word' id='word_1_307' title='bbox 1170 3569 1225 3654; x_wconf 82' lang='grc' dir='ltr'><strong>βίῳ</strong></span> <span class='ocrx_word' id='word_1_308' title='bbox 1248 3570 1381 3635; x_wconf 74' lang='grc' dir='ltr'>ἑκούσιον</span> <span class='ocrx_word' id='word_1_309' title='bbox 1404 3575 1478 3658; x_wconf 73' lang='grc' dir='ltr'><strong>μήτε</strong></span> 
     </span>
     <span class='ocr_line' id='line_1_33' title="bbox 115 3664 1477 3755; baseline 0.005 -24"><span class='ocrx_word' id='word_1_310' title='bbox 115 3668 250 3752; x_wconf 76' lang='grc' dir='ltr'>ριίθησιν</span> <span class='ocrx_word' id='word_1_311' title='bbox 272 3671 346 3754; x_wconf 79' lang='grc' dir='ltr'><strong>μήτε</strong></span> <span class='ocrx_word' id='word_1_312' title='bbox 369 3664 558 3733; x_wconf 76' lang='grc' dir='ltr'>ἀπαιδευσίαν</span> <span class='ocrx_word' id='word_1_313' title='bbox 574 3668 648 3752; x_wconf 82' lang='grc' dir='ltr'>μήτε</span> <span class='ocrx_word' id='word_1_314' title='bbox 664 3666 736 3730; x_wconf 78' lang='grc' dir='ltr'>ἄλλο</span> <span class='ocrx_word' id='word_1_315' title='bbox 752 3668 853 3752; x_wconf 78' lang='grc' dir='ltr'>μηδέν,</span> <span class='ocrx_word' id='word_1_316' title='bbox 872 3667 948 3731; x_wconf 80' lang='grc' dir='ltr'>ἀλλὰ</span> <span class='ocrx_word' id='word_1_317' title='bbox 966 3668 1060 3730; x_wconf 76' lang='grc' dir='ltr'>πάντα</span> <span class='ocrx_word' id='word_1_318' title='bbox 1083 3670 1206 3735; x_wconf 82' lang='grc' dir='ltr'>ἀκούσια</span> <span class='ocrx_word' id='word_1_319' title='bbox 1228 3671 1376 3755; x_wconf 75' lang='grc' dir='ltr'>γίγνεσθαι</span> <span class='ocrx_word' id='word_1_320' title='bbox 1397 3679 1477 3738; x_wconf 82' lang='grc' dir='ltr'>πᾶσι·</span> 
     </span>
     <span class='ocr_line' id='line_1_34' title="bbox 115 3769 1479 3860; baseline 0.006 -28"><span class='ocrx_word' id='word_1_321' title='bbox 115 3769 166 3832; x_wconf 75' lang='grc' dir='ltr'>καὶ</span> <span class='ocrx_word' id='word_1_322' title='bbox 190 3769 226 3834; x_wconf 81' lang='lat' dir='ltr'><strong>ob</strong></span> <span class='ocrx_word' id='word_1_323' title='bbox 240 3771 299 3856; x_wconf 78' lang='grc' dir='ltr'><strong>χρὴ</strong></span> <span class='ocrx_word' id='word_1_324' title='bbox 315 3770 410 3856; x_wconf 81' lang='grc' dir='ltr'>ψέγειν</span> <span class='ocrx_word' id='word_1_325' title='bbox 425 3771 500 3849; x_wconf 82' lang='grc' dir='ltr'>τινά,</span> <span class='ocrx_word' id='word_1_326' title='bbox 523 3769 565 3838; x_wconf 80' lang='grc' dir='ltr'>ὥς</span> <span class='ocrx_word' id='word_1_327' title='bbox 587 3790 684 3854; x_wconf 79' lang='grc' dir='ltr'>φησιν,</span> <span class='ocrx_word' id='word_1_328' title='bbox 706 3770 775 3834; x_wconf 80' lang='grc' dir='ltr'>οὐδὲ</span> <span class='ocrx_word' id='word_1_329' title='bbox 797 3771 932 3835; x_wconf 81' lang='grc' dir='ltr'>ἐπαινεῖν.</span> <span class='ocrx_word' id='word_1_330' title='bbox 966 3769 1001 3832; x_wconf 82' lang='lat' dir='ltr'><strong>ob</strong></span> <span class='ocrx_word' id='word_1_331' title='bbox 1023 3769 1077 3853; x_wconf 80' lang='grc' dir='ltr'><strong>γὰρ</strong></span> <span class='ocrx_word' id='word_1_332' title='bbox 1100 3771 1213 3842; x_wconf 80' lang='grc' dir='ltr'>ἑκόντες</span> <span class='ocrx_word' id='word_1_333' title='bbox 1235 3778 1326 3837; x_wconf 83' lang='grc' dir='ltr'>ταῦτα</span> <span class='ocrx_word' id='word_1_334' title='bbox 1348 3776 1479 3860; x_wconf 81' lang='grc' dir='ltr'>ὑφίσταν-</span> 
     </span>
     <span class='ocr_line' id='line_1_35' title="bbox 114 3870 1480 3958; baseline 0.005 -23"><span class='ocrx_word' id='word_1_335' title='bbox 114 3893 177 3935; x_wconf 81' lang='grc' dir='ltr'>ται.</span> <span class='ocrx_word' id='word_1_336' title='bbox 210 3878 338 3939; x_wconf 84' lang='grc'><strong>0010101</strong></span> <span class='ocrx_word' id='word_1_337' title='bbox 356 3873 534 3958; x_wconf 85' lang='lat' dir='ltr'><strong>Epicureos</strong></span> <span class='ocrx_word' id='word_1_338' title='bbox 556 3871 654 3954; x_wconf 86' lang='lat' dir='ltr'><strong>plane</strong></span> <span class='ocrx_word' id='word_1_339' title='bbox 678 3871 840 3938; x_wconf 86' lang='lat' dir='ltr'><strong>contraria</strong></span> <span class='ocrx_word' id='word_1_340' title='bbox 861 3870 1019 3937; x_wconf 85' lang='lat' dir='ltr'><strong>docuisse.</strong></span> <span class='ocrx_word' id='word_1_341' title='bbox 1060 3892 1127 3937; x_wconf 93' lang='lat' dir='ltr'><strong>non</strong></span> <span class='ocrx_word' id='word_1_342' title='bbox 1150 3873 1327 3940; x_wconf 93' lang='lat' dir='ltr'><strong>obtundam</strong></span> <span class='ocrx_word' id='word_1_343' title='bbox 1351 3876 1480 3944; x_wconf 90' lang='lat' dir='ltr'><strong>diutius.</strong></span> 
     </span>
     <span class='ocr_line' id='line_1_36' title="bbox 113 3972 1481 4058; baseline 0.004 -19"><span class='ocrx_word' id='word_1_344' title='bbox 113 3990 196 4039; x_wconf 87' lang='lat' dir='ltr'><strong>uam</strong></span> <span class='ocrx_word' id='word_1_345' title='bbox 229 3981 262 4040; x_wconf 89' lang='grc'><strong>01</strong></span> <span class='ocrx_word' id='word_1_346' title='bbox 293 3973 445 4058; x_wconf 86' lang='lat' dir='ltr'><strong>indignus</strong></span> <span class='ocrx_word' id='word_1_347' title='bbox 476 3980 527 4041; x_wconf 90' lang='grc'><strong>001</strong></span> <span class='ocrx_word' id='word_1_348' title='bbox 560 3973 698 4057; x_wconf 88' lang='lat' dir='ltr'><strong>scriptor</strong></span> <span class='ocrx_word' id='word_1_349' title='bbox 726 3973 777 4039; x_wconf 92' lang='lat' dir='ltr'><strong>cui</strong></span> <span class='ocrx_word' id='word_1_350' title='bbox 805 3973 933 4056; x_wconf 91' lang='lat' dir='ltr'><strong>longius</strong></span> <span class='ocrx_word' id='word_1_351' title='bbox 960 3972 1169 4040; x_wconf 91' lang='lat' dir='ltr'><strong>immoremur</strong></span> <span class='ocrx_word' id='word_1_352' title='bbox 1194 3983 1227 4042; x_wconf 87' lang='grc'><strong>01</strong></span> <span class='ocrx_word' id='word_1_353' title='bbox 1258 3984 1391 4043; x_wconf 89' lang='lat' dir='ltr'><strong>manent</strong></span> <span class='ocrx_word' id='word_1_354' title='bbox 1421 4000 1481 4045; x_wconf 86' lang='lat' dir='ltr'><strong>uos</strong></span> 
     </span>
    </p>
   </div>
   <div class='ocr_carea' id='block_1_3' title="bbox 113 4073 1481 4262">
    <p class='ocr_par' dir='ltr' id='par_1_3' title="bbox 113 4073 1481 4262">
     <span class='ocr_line' id='line_1_37' title="bbox 113 4073 1481 4162; baseline 0.003 -20"><span class='ocrx_word' id='word_1_355' title='bbox 113 4076 328 4158; x_wconf 84' lang='lat' dir='ltr'><strong>quaestiones</strong></span> <span class='ocrx_word' id='word_1_356' title='bbox 348 4076 514 4160; x_wconf 83' lang='lat' dir='ltr'><strong>aliquanto</strong></span> <span class='ocrx_word' id='word_1_357' title='bbox 530 4075 698 4160; x_wconf 60' lang='lat' dir='ltr'><strong>puriores</strong></span> <span class='ocrx_word' id='word_1_358' title='bbox 713 4073 856 4140; x_wconf 74' lang='grc' dir='ltr'><strong>(10111ἱί</strong></span> <span class='ocrx_word' id='word_1_359' title='bbox 872 4075 1114 4161; x_wconf 88' lang='lat' dir='ltr'><strong>compositione,</strong></span> <span class='ocrx_word' id='word_1_360' title='bbox 1138 4096 1200 4160; x_wconf 93' lang='lat' dir='ltr'><strong>quo</strong></span> <span class='ocrx_word' id='word_1_361' title='bbox 1223 4084 1297 4161; x_wconf 89' lang='lat' dir='ltr'><strong>post</strong></span> <span class='ocrx_word' id='word_1_362' title='bbox 1318 4078 1481 4162; x_wconf 87' lang='lat' dir='ltr'><strong>longiores</strong></span> 
     </span>
     <span class='ocr_line' id='line_1_38' title="bbox 113 4174 559 4262; baseline 0 -20"><span class='ocrx_word' id='word_1_363' title='bbox 113 4174 277 4262; x_wconf 79' lang='lat' dir='ltr'><strong>ambages</strong></span> <span class='ocrx_word' id='word_1_364' title='bbox 296 4176 427 4244; x_wconf 87' lang='lat' dir='ltr'><strong>tandem</strong></span> <span class='ocrx_word' id='word_1_365' title='bbox 449 4178 559 4245; x_wconf 90' lang='lat' dir='ltr'><strong>redeo.</strong></span> 
     </span>
    </p>
   </div>
   <div class='ocr_carea' id='block_1_4' title="bbox 112 4397 1485 4737">
    <p class='ocr_par' dir='ltr' id='par_1_4' title="bbox 114 4397 1482 4563">
     <span class='ocr_line' id='line_1_39' title="bbox 195 4397 1482 4479; baseline 0.009 -29"><span class='ocrx_word' id='word_1_366' title='bbox 195 4397 203 4428; x_wconf 89' lang='lat'><strong>¹</strong></span> <span class='ocrx_word' id='word_1_367' title='bbox 223 4402 306 4466; x_wconf 85' lang='lat' dir='ltr'><strong>ipsum</strong></span> <span class='ocrx_word' id='word_1_368' title='bbox 329 4403 400 4466; x_wconf 85' lang='lat' dir='ltr'><strong>qnod</strong></span> <span class='ocrx_word' id='word_1_369' title='bbox 421 4407 583 4456; x_wconf 82' lang='lat' dir='ltr'><strong>conieceram</strong></span> <span class='ocrx_word' id='word_1_370' title='bbox 609 4405 745 4457; x_wconf 71' lang='lat' dir='ltr'><strong>confirmat</strong></span> <span class='ocrx_word' id='word_1_371' title='bbox 761 4404 836 4456; x_wconf 82' lang='lat' dir='ltr'><strong>Theo</strong></span> <span class='ocrx_word' id='word_1_372' title='bbox 854 4421 988 4471; x_wconf 85' lang='lat' dir='ltr'><strong>progymn.</strong></span> <span class='ocrx_word' id='word_1_373' title='bbox 1008 4405 1025 4458; x_wconf 88' lang='lat'>8</span> <span class='ocrx_word' id='word_1_374' title='bbox 1043 4404 1201 4471; x_wconf 80' lang='lat' dir='ltr'><strong>[1230w.]</strong></span> <span class='ocrx_word' id='word_1_375' title='bbox 1223 4404 1362 4479; x_wconf 75' lang='grc' dir='ltr'>Σωκράτης</span> <span class='ocrx_word' id='word_1_376' title='bbox 1384 4409 1397 4462; x_wconf 81' lang='grc' dir='ltr'>ὁ</span> <span class='ocrx_word' id='word_1_377' title='bbox 1421 4408 1482 4463; x_wconf 84' lang='grc' dir='ltr'>Φαι-</span> 
     </span>
     <span class='ocr_line' id='line_1_40' title="bbox 114 4481 956 4563; baseline 0.014 -30"><span class='ocrx_word' id='word_1_378' title='bbox 114 4481 228 4552; x_wconf 81' lang='grc' dir='ltr'>ναρίτνγς</span> <span class='ocrx_word' id='word_1_379' title='bbox 244 4487 291 4554; x_wconf 73' lang='grc' dir='ltr'>τῆς</span> <span class='ocrx_word' id='word_1_380' title='bbox 308 4485 383 4554; x_wconf 77' lang='grc' dir='ltr'>μαίας</span> <span class='ocrx_word' id='word_1_381' title='bbox 401 4485 451 4547; x_wconf 77' lang='grc' dir='ltr'>υίὸς</span> <span class='ocrx_word' id='word_1_382' title='bbox 469 4491 513 4542; x_wconf 72' lang='lat' dir='ltr'><strong>nal</strong></span> <span class='ocrx_word' id='word_1_383' title='bbox 532 4487 710 4560; x_wconf 74' lang='grc' dir='ltr'>Σωφρονίσκου</span> <span class='ocrx_word' id='word_1_384' title='bbox 728 4493 774 4541; x_wconf 82' lang='grc' dir='ltr'><strong>τοῦ</strong></span> <span class='ocrx_word' id='word_1_385' title='bbox 792 4489 956 4563; x_wconf 75' lang='grc' dir='ltr'>ίρρογλίιρου.</span> 
     </span>
    </p>

    <p class='ocr_par' dir='ltr' id='par_1_5' title="bbox 112 4568 1485 4737">
     <span class='ocr_line' id='line_1_41' title="bbox 191 4568 1485 4644; baseline 0.011 -20"><span class='ocrx_word' id='word_1_386' title='bbox 191 4568 329 4638; x_wconf 75' lang='lat' dir='ltr'><strong>&#39;symbol</strong></span> <span class='ocrx_word' id='word_1_387' title='bbox 347 4577 365 4625; x_wconf 89' lang='lat'><strong>1.</strong></span> <span class='ocrx_word' id='word_1_388' title='bbox 384 4592 405 4627; x_wconf 91' lang='grc'><strong>0.</strong></span> <span class='ocrx_word' id='word_1_389' title='bbox 423 4595 448 4644; x_wconf 92' lang='grc' dir='ltr'><strong>ρ.</strong></span> <span class='ocrx_word' id='word_1_390' title='bbox 464 4577 522 4631; x_wconf 87' lang='grc'><strong>109.</strong></span> <span class='ocrx_word' id='word_1_391' title='bbox 542 4594 609 4644; x_wconf 66' lang='lat' dir='ltr'><strong>quoae</strong></span> <span class='ocrx_word' id='word_1_392' title='bbox 629 4577 794 4642; x_wconf 75' lang='lat' dir='ltr'><strong>Epiphaniae</strong></span> <span class='ocrx_word' id='word_1_393' title='bbox 814 4579 917 4631; x_wconf 79' lang='lat' dir='ltr'><strong>subiicit</strong></span> <span class='ocrx_word' id='word_1_394' title='bbox 935 4581 949 4644; x_wconf 68' lang='grc' dir='ltr'><strong>ξ</strong></span> <span class='ocrx_word' id='word_1_395' title='bbox 965 4580 996 4633; x_wconf 83' lang='grc'><strong>15</strong></span> <span class='ocrx_word' id='word_1_396' title='bbox 1020 4582 1063 4632; x_wconf 82' lang='grc' dir='ltr'>καὶ</span> <span class='ocrx_word' id='word_1_397' title='bbox 1085 4580 1114 4632; x_wconf 74' lang='grc' dir='ltr'><strong>τὸ</strong></span> <span class='ocrx_word' id='word_1_398' title='bbox 1133 4580 1223 4633; x_wconf 79' lang='grc' dir='ltr'>δοκοῦν</span> <span class='ocrx_word' id='word_1_399' title='bbox 1246 4582 1341 4635; x_wconf 79' lang='grc' dir='ltr'>δίκαιον</span> <span class='ocrx_word' id='word_1_400' title='bbox 1359 4583 1406 4636; x_wconf 74' lang='lat' dir='ltr'><strong>obn</strong></span> <span class='ocrx_word' id='word_1_401' title='bbox 1425 4585 1485 4638; x_wconf 78' lang='lat' dir='ltr'><strong>elren</strong></span> 
     </span>
     <span class='ocr_line' id='line_1_42' title="bbox 112 4655 1485 4737; baseline 0.012 -28"><span class='ocrx_word' id='word_1_402' title='bbox 112 4655 215 4709; x_wconf 75' lang='grc' dir='ltr'>δίκαιον</span> <span class='ocrx_word' id='word_1_403' title='bbox 231 4676 286 4712; x_wconf 89' lang='lat' dir='ltr'><strong>nen</strong></span> <span class='ocrx_word' id='word_1_404' title='bbox 304 4661 450 4714; x_wconf 76' lang='lat' dir='ltr'><strong>Denwerr&#39;ti</strong></span> <span class='ocrx_word' id='word_1_405' title='bbox 470 4675 544 4728; x_wconf 80' lang='lat' dir='ltr'><strong>eant,</strong></span> <span class='ocrx_word' id='word_1_406' title='bbox 568 4665 616 4717; x_wconf 81' lang='grc'><strong>0001</strong></span> <span class='ocrx_word' id='word_1_407' title='bbox 630 4665 720 4737; x_wconf 60' lang='lat' dir='ltr'><strong>pagiua</strong></span> <span class='ocrx_word' id='word_1_408' title='bbox 740 4664 950 4733; x_wconf 77' lang='lat' dir='ltr'><strong>Pyrrhoniornm</strong></span> <span class='ocrx_word' id='word_1_409' title='bbox 970 4705 977 4718; x_wconf 97' lang='lat'><strong>.</strong></span> <span class='ocrx_word' id='word_1_410' title='bbox 997 4704 1002 4715; x_wconf 94' lang='lat'><strong>.</strong></span> <span class='ocrx_word' id='word_1_411' title='bbox 1024 4704 1029 4715; x_wconf 92' lang='lat'><strong>.</strong></span> <span class='ocrx_word' id='word_1_412' title='bbox 1048 4684 1096 4719; x_wconf 84' lang='lat' dir='ltr'><strong>nec</strong></span> <span class='ocrx_word' id='word_1_413' title='bbox 1117 4670 1203 4736; x_wconf 79' lang='grc' dir='ltr'><strong>000ρί0</strong></span> <span class='ocrx_word' id='word_1_414' title='bbox 1223 4670 1405 4724; x_wconf 78' lang='lat' dir='ltr'><strong>Democriteae</strong></span> <span class='ocrx_word' id='word_1_415' title='bbox 1422 4684 1485 4727; x_wconf 81' lang='grc'><strong>0111</strong></span> 
     </span>
    </p>
   </div>
   <div class='ocr_carea' id='block_1_5' title="bbox 114 4744 1485 4828">
    <p class='ocr_par' dir='ltr' id='par_1_6' title="bbox 114 4744 1485 4828">
     <span class='ocr_line' id='line_1_43' title="bbox 114 4744 1485 4828; baseline 0.01 -30"><span class='ocrx_word' id='word_1_416' title='bbox 114 4744 268 4799; x_wconf 63' lang='lat' dir='ltr'><strong>emmeno</strong></span> <span class='ocrx_word' id='word_1_417' title='bbox 284 4762 351 4811; x_wconf 78' lang='grc'><strong>01000</strong></span> <span class='ocrx_word' id='word_1_418' title='bbox 369 4748 442 4815; x_wconf 79' lang='lat' dir='ltr'><strong>apud</strong></span> <span class='ocrx_word' id='word_1_419' title='bbox 454 4747 636 4817; x_wconf 78' lang='lat' dir='ltr'><strong>Epiphaniam</strong></span> <span class='ocrx_word' id='word_1_420' title='bbox 655 4761 814 4819; x_wconf 80' lang='lat' dir='ltr'><strong>aequantur:</strong></span> <span class='ocrx_word' id='word_1_421' title='bbox 832 4752 940 4805; x_wconf 83' lang='grc' dir='ltr'>ίπίνοιαν</span> <span class='ocrx_word' id='word_1_422' title='bbox 958 4754 1004 4823; x_wconf 84' lang='grc' dir='ltr'><strong>γὰρ</strong></span> <span class='ocrx_word' id='word_1_423' title='bbox 1016 4753 1099 4824; x_wconf 82' lang='grc' dir='ltr'>κακὴν</span> <span class='ocrx_word' id='word_1_424' title='bbox 1117 4792 1123 4806; x_wconf 95' lang='grc'><strong>.</strong></span> <span class='ocrx_word' id='word_1_425' title='bbox 1138 4793 1163 4807; x_wconf 93' lang='grc'><strong>..</strong></span> <span class='ocrx_word' id='word_1_426' title='bbox 1184 4753 1329 4827; x_wconf 70' lang='grc' dir='ltr'>ἐλιυθιρίως</span> <span class='ocrx_word' id='word_1_427' title='bbox 1346 4757 1399 4828; x_wconf 74' lang='grc' dir='ltr'><strong>ζῆν.</strong></span> <span class='ocrx_word' id='word_1_428' title='bbox 1418 4777 1485 4826; x_wconf 81' lang='lat' dir='ltr'><strong>quae</strong></span> 
     </span>
    </p>
   </div>
   <div class='ocr_carea' id='block_1_6' title="bbox 115 4832 1486 4994">
    <p class='ocr_par' dir='ltr' id='par_1_7' title="bbox 115 4832 1486 4994">
     <span class='ocr_line' id='line_1_44' title="bbox 115 4832 1486 4911; baseline 0.013 -29"><span class='ocrx_word' id='word_1_429' title='bbox 115 4832 266 4885; x_wconf 74' lang='lat' dir='ltr'><strong>renuntias</strong></span> <span class='ocrx_word' id='word_1_430' title='bbox 287 4834 313 4886; x_wconf 82' lang='lat' dir='ltr'><strong>ei</strong></span> <span class='ocrx_word' id='word_1_431' title='bbox 334 4834 473 4903; x_wconf 65' lang='lat' dir='ltr'><strong>«promen</strong></span> <span class='ocrx_word' id='word_1_432' title='bbox 495 4836 621 4890; x_wconf 74' lang='lat' dir='ltr'><strong>ridentur</strong></span> <span class='ocrx_word' id='word_1_433' title='bbox 644 4839 690 4905; x_wconf 81' lang='lat' dir='ltr'><strong>qai</strong></span> <span class='ocrx_word' id='word_1_434' title='bbox 712 4839 749 4890; x_wconf 85' lang='lat' dir='ltr'><strong>ad</strong></span> <span class='ocrx_word' id='word_1_435' title='bbox 773 4839 922 4892; x_wconf 80' lang='lat' dir='ltr'><strong>doctrinam</strong></span> <span class='ocrx_word' id='word_1_436' title='bbox 945 4841 977 4892; x_wconf 84' lang='lat' dir='ltr'><strong>de</strong></span> <span class='ocrx_word' id='word_1_437' title='bbox 1000 4842 1116 4895; x_wconf 76' lang='lat' dir='ltr'><strong>moribus</strong></span> <span class='ocrx_word' id='word_1_438' title='bbox 1136 4858 1281 4910; x_wconf 79' lang='lat' dir='ltr'><strong>perperam</strong></span> <span class='ocrx_word' id='word_1_439' title='bbox 1303 4847 1486 4911; x_wconf 77' lang='lat' dir='ltr'><strong>pertraherent</strong></span> 
     </span>
     <span class='ocr_line' id='line_1_45' title="bbox 115 4920 1142 4994; baseline 0.015 -25"><span class='ocrx_word' id='word_1_440' title='bbox 115 4920 200 4970; x_wconf 76' lang='grc'><strong>00010</strong></span> <span class='ocrx_word' id='word_1_441' title='bbox 218 4920 368 4972; x_wconf 66' lang='lat' dir='ltr'><strong>Danaam</strong></span> <span class='ocrx_word' id='word_1_442' title='bbox 383 4920 509 4984; x_wconf 74' lang='grc'><strong>00000110,</strong></span> <span class='ocrx_word' id='word_1_443' title='bbox 528 4926 671 4989; x_wconf 69' lang='lat' dir='ltr'><strong>qualitate·</strong></span> <span class='ocrx_word' id='word_1_444' title='bbox 689 4942 780 4977; x_wconf 84' lang='lat' dir='ltr'><strong>rerum</strong></span> <span class='ocrx_word' id='word_1_445' title='bbox 798 4924 867 4994; x_wconf 81' lang='grc' dir='ltr'>νόμῳ</span> <span class='ocrx_word' id='word_1_446' title='bbox 888 4937 991 4979; x_wconf 84' lang='lat' dir='ltr'><strong>tantum</strong></span> <span class='ocrx_word' id='word_1_447' title='bbox 1010 4945 1064 4982; x_wconf 82' lang='grc'><strong>0000</strong></span> <span class='ocrx_word' id='word_1_448' title='bbox 1083 4969 1089 4983; x_wconf 96' lang='grc'><strong>.</strong></span> <span class='ocrx_word' id='word_1_449' title='bbox 1110 4967 1115 4979; x_wconf 83' lang='grc'><strong>.</strong></span> <span class='ocrx_word' id='word_1_450' title='bbox 1136 4970 1142 4984; x_wconf 92' lang='grc'><strong>.</strong></span> 
     </span>
    </p>
   </div>
   <div class='ocr_carea' id='block_1_7' title="bbox 169 5017 1282 5083">
    <p class='ocr_par' dir='ltr' id='par_1_8' title="bbox 169 5017 1282 5083">
     <span class='ocr_line' id='line_1_46' title="bbox 169 5017 1282 5083; baseline 0.009 -12"><span class='ocrx_word' id='word_1_451' title='bbox 169 5031 265 5079; x_wconf 78' lang='lat' dir='ltr'><strong>niele,</strong></span> <span class='ocrx_word' id='word_1_452' title='bbox 283 5032 427 5083; x_wconf 69' lang='lat' dir='ltr'><strong>Dexegraphl</strong></span> <span class='ocrx_word' id='word_1_453' title='bbox 446 5034 528 5083; x_wconf 69' lang='grc'><strong>010001.</strong></span> <span class='ocrx_word' id='word_1_454' title='bbox 1243 5017 1282 5081; x_wconf 74' lang='lat'><strong>12</strong></span> 
     </span>
    </p>
   </div>
   <div class='ocr_carea' id='block_1_8' title="bbox 0 0 1741 5588">
    <p class='ocr_par' dir='ltr' id='par_1_9' title="bbox 0 0 1741 5588">
     <span class='ocr_line' id='line_1_47' title="bbox 0 0 1741 5588; baseline 0 0"><span class='ocrx_word' id='word_1_455' title='bbox 0 0 1741 5588; x_wconf 95' lang='lat' dir='ltr'><strong> </strong></span> 
     </span>
    </p>
   </div>
  </div>
 </body>
</html>
