3464 5586
154 327 195 390 36
438 330 451 378 1
486 330 536 380 DE
557 330 824 381 PLUTARCHEAE
845 330 1029 382 EPITOMIIS
1049 332 1220 383 MEMORIA

236 496 412 561 Alterius
435 496 576 561 classis

153 607 227 664 sunt
249 598 321 663 libri
345 600 512 683 complura
535 598 698 664 Plutarchi
721 603 842 687 scripta
864 600 999 668 moralia
1021 600 1196 684 complexi,
1225 622 1360 684 quorum
1389 603 1459 670 iata
1481 611 1513 672 et

151 700 390 766 vicissitudines
412 721 617 784 nequaquam
639 702 718 766 satis
740 706 910 787 explorata
932 710 1015 770 sunt.
1061 710 1188 769 constat
1215 710 1324 770 tamen
1351 705 1449 772 etiam
1470 707 1512 773 de

151 803 298 886 Placitis,
322 803 408 886 quod
438 804 480 869 M.
508 805 592 870 Trou
615 801 668 889 [de
697 805 789 870 codd.
818 826 883 871 non
911 805 1007 869 nullis
1034 804 1168 870 Parisin.
1196 806 1280 871 Plut.
1307 806 1388 874 Mor.
1416 809 1512 875 Iauer

153 905 233 970 1871
263 927 294 989 p.
323 903 374 991 12]
409 905 490 971 dixit
512 905 645 971 futuro
668 907 875 973 Moralium
902 906 1042 973 editori
1072 907 1192 972 multo
1224 908 1347 991 magis
1381 930 1510 976 eorum

151 1008 390 1090 singulorum
414 1007 587 1074 codicum
610 1009 673 1091 qui
696 1030 809 1074 unum
839 1010 901 1076 vel
929 1028 1054 1093 pauca
1074 1015 1221 1074 tautum
1244 1010 1410 1079 Moralia
1432 1020 1511 1079 tra·

151 1111 262 1194 dunt,
289 1111 485 1176 rationem
511 1109 728 1177 habendam
755 1130 981 1194 essequam
1012 1131 1143 1177 eorum
1171 1112 1235 1195 qui
1270 1112 1438 1197 plurima
1469 1115 1510 1180 in

150 1233 266 1277 unum
303 1232 439 1295 corpus
478 1212 712 1295 redegerint.
767 1233 872 1295 neque
907 1213 1012 1279 minus
1049 1220 1176 1279 constat
1211 1212 1246 1277 in
1280 1216 1510 1282 vetustioribus

150 1315 328 1382 ethicorum
358 1314 493 1398 syllogis
508 1314 532 1397 ¹,
566 1335 699 1397 quarum
728 1316 806 1380 ordo
838 1315 993 1399 originem
1025 1321 1114 1381 trans
1144 1315 1349 1383 millesimum
1379 1339 1411 1402 p.
1434 1317 1509 1385 Chr.

149 1436 271 1483 annum
293 1417 401 1499 habet,
426 1415 621 1481 Placitorum
644 1418 749 1482 locum
770 1417 871 1484 fuisse
892 1418 1025 1483 nullum.
1070 1418 1168 1484 immo
1191 1439 1263 1484 oum
1292 1439 1435 1485 seorsum
1456 1440 1511 1487 va·

151 1528 319 1605 gerentur,
351 1539 423 1585 sero
455 1518 488 1582 in
511 1518 688 1606 pleniorem
716 1525 842 1585 coetum
868 1519 967 1603 recipi
990 1526 1105 1603 coepta
1128 1529 1213 1586 sunt.
1256 1520 1509 1605 Mosquansisrl

149 1624 271 1707 primus
293 1622 424 1705 recepit,
447 1619 505 1686 sed
527 1627 603 1686 tunc
626 1622 723 1686 solus.
758 1623 888 1688 saeculo
909 1622 990 1687 XIII
1013 1642 1085 1687 cum
1103 1623 1352 1707 prudentissimo
1375 1624 1508 1690 consilio

147 1734 203 1790 aut
225 1724 416 1790 Planudes
436 1729 493 1787 aut
514 1723 660 1805 aequalis
675 1725 745 1790 eius
759 1723 1008 1808 grandissimum
1023 1724 1290 1792 Plutarcbeorum
1305 1747 1422 1811 corpus
1437 1748 1509 1794 oon·

147 1828 240 1894 deret
262 1825 312 1914 [oi.
336 1827 421 1892 Trou
444 1846 500 1889 zur
521 1824 708 1907 geschichte
730 1826 788 1892 der
810 1826 975 1893 ueberlief.
997 1848 1028 1893 v.
1051 1829 1135 1894 Plut.
1151 1829 1264 1908 Moral.
1286 1828 1509 1913 Waldanburg

148 1930 230 1995 1877
254 1952 284 2014 p.
301 1926 355 2015 Xl,
378 1927 504 1993 Placita
526 1947 564 1993 co
585 1927 697 1993 ordine
713 1947 816 2011 eaque
831 1927 934 1993 forma
948 1929 1094 2014 inseruit,
1116 1952 1213 2015 qoam
1229 1951 1340 1997 omues
1354 1931 1508 2016 deinceps

146 2032 301 2114 vulgati
325 2031 452 2097 codices
475 2029 577 2096 secuti
599 2037 684 2096 sunt.
728 2030 810 2097 haec
831 2029 929 2114 igitur
950 2039 1000 2098 est
1021 2034 1149 2100 altera
1170 2031 1294 2099 elassis
1391 2106 1399 2121 ,

231 2132 435 2198 Planudei
458 2132 602 2215 corporis
624 2132 688 2197 duo
711 2138 823 2199 extant
844 2133 1046 2219 apographa,
1068 2136 1110 2201 de
1131 2155 1266 2217 quorum
1287 2134 1508 2203 vicissitudine

145 2255 184 2300 ac
211 2235 412 2321 praestantia
441 2236 540 2316 longa
567 2233 629 2298 fuit
654 2233 828 2300 contentio.
861 2235 944 2301 alter
974 2238 1046 2308 cod.
1070 2236 1236 2302 Parisinus
1260 2238 1340 2302 1671
1369 2238 1507 2322 scriptus

144 2356 231 2403 anno
256 2339 339 2403 1196
366 2337 407 2423 (Α
429 2336 599 2419 insignitus
622 2356 642 2401 a
665 2334 945 2422 Wyttenbachio),
967 2339 1051 2405 alter
1073 2339 1175 2405 Paris.
1200 2339 1283 2404 1672
1304 2337 1506 2425 (EWytten

145 2439 266 2526 bachii)
298 2440 395 2524 paulo
425 2439 539 2505 iunior.
585 2437 853 2524 wyttenbachius
879 2439 963 2504 eninr
987 2441 1129 2507 Ε6111
1157 2440 1352 2525 exscriptum
1379 2441 1506 2509 dixerat

143 2544 201 2609 sed
223 2543 269 2608 ita
284 2543 479 2627 exscriptum
503 2548 537 2606 ut
559 2542 738 2608 vetustiora
759 2540 991 2608 adhiberentur
1013 2545 1173 2627 exempla.
1206 2550 1319 2608 contra
1341 2545 1426 2611 'Ireu
1452 2542 1506 2631 [de

144 2646 247 2712 codic.
271 2644 436 2722 nonnullis
462 2643 598 2709 Parisin.
621 2643 716 2708 Iauer
739 2644 820 2709 1811
844 2666 874 2729 p.
893 2642 988 2731 11]A
1010 2646 1233 2729 apographum
1258 2645 1378 2711 codicis
1392 2647 1420 2712 Ε
1435 2667 1506 2731 per·

143 2748 301 2814 hibuerat.
345 2746 432 2830 quod
456 2752 626 2828 utrumque
653 2745 770 2810 falsum
793 2752 852 2813 est.
896 2767 970 2811 nam
998 2747 1085 2831 quod
1111 2748 1182 2832 ipse
1211 2749 1297 2813 Treu
1325 2755 1439 2832 postea
1464 2746 1504 2835 [a.

143 2851 251 2935 gescb.
275 2851 306 2915 d.
330 2848 449 2915 ueberl.
473 2871 505 2933 p.
522 2847 690 2934 VIquq.]
712 2848 882 2932 intellexit,
904 2856 1039 2932 uterque
1061 2850 1164 2916 codex
1186 2870 1227 2917 ex
1249 2849 1364 2915 eodem
1386 2849 1504 2915 Planu-

143 2954 204 3021 deo
221 2954 370 3036 exemplo
386 2952 568 3036 descriptus
582 2958 641 3035 est,
661 2951 720 3017 sed
734 2951 780 3016 ita
795 2958 830 3016 ut
844 2951 960 3017 iuniori
976 2953 1003 3018 Ε
1019 2952 1099 3019 fides
1114 2952 1216 3018 maior
1231 2951 1273 3017 sit
1287 2951 1502 3017 attribuenda

145 3056 232 3139 quod
247 3062 417 3121 senserunt
432 3053 669 3137 quodammodo
684 3053 738 3135 qui
753 3054 874 3137 primas
889 3053 936 3118 illi
951 3053 1092 3121 tribuere
1106 3051 1322 3120 Duebnerus'
1337 3054 1501 3119 Plutarchi

140 3159 245 3224 editor
275 3164 307 3223 et
333 3156 369 3220 B.
392 3157 567 3222 Muellerus
593 3154 647 3239 qui
675 3155 817 3221 libellum
845 3156 887 3221 de
913 3155 1042 3222 animae
1067 3157 1100 3221 in
1122 3156 1256 3222 11111166
1279 3156 1502 3240 procreatione

140 3259 278 3325 restituit
306 3255 468 3344 [Plutarch
498 3258 596 3325 ueber
621 3258 675 3323 die
702 3257 937 3341 seelenschdpf.
959 3258 1061 3323 111611.
1086 3259 1168 3324 1873
1192 3280 1223 3342 p.
1239 3255 1363 3345 Psqqd.
1401 3277 1501 3340 quare

140 3369 175 3426 ut
200 3361 310 3445 optimi
339 3362 472 3427 alterius
493 3361 607 3426 classis
629 3360 702 3426 libri
725 3360 871 3425 notitiam
894 3360 1074 3444 acciperem
1097 3380 1193 3444 quam
1216 3359 1500 3442 accuratissimam,

139 3465 180 3528 M.
203 3464 384 3528 Bonnetum
407 3464 483 3547 adii,
507 3471 542 3529 ut
563 3462 748 3529 conferendi
771 3462 915 3528 laborem
939 3463 1124 3547 susciperet.

88 3571 112 3635 Ο
223 3566 387 3631 Parisinus
402 3566 498 3648 igitur
517 3567 609 3649 1672,
632 3565 722 3630 cuius
740 3564 990 3648 discrepantiam
1009 3563 1034 3628 (l
1052 3572 1196 3631 notatam
1216 3562 1391 3629 doctissimi
1414 3563 1500 3627 illius

138 3672 197 3738 viri
208 3670 346 3736 eximiae
354 3668 551 3735 1661116611
560 3675 729 3751 acceptam
738 3667 853 3751 refero,
862 3667 1095 3750 grandissimus
1107 3674 1157 3733 est
1169 3665 1251 3731 liber
1260 3663 1498 3751 {0,41><0,3or]

137 3773 402 3839 membranaceus
420 3770 680 3855 splendidissime
695 3790 716 3834 a
730 3770 871 3852 quinque
890 3770 1011 3835 saeculi
1027 3771 1109 3835 XIII
1130 3768 1277 3836 exeuntis
1292 3769 1345 3833 vel
1361 3769 1439 3833 XIV
1453 3769 1499 3833 in·

137 3875 241 3941 euntis
269 3873 381 3939 scribis
409 3880 561 3938 exaratus
584 3870 680 3958 [Trou
710 3892 735 3936 1.
760 3873 867 3954 gesch.
892 3894 922 3955 p.
939 3872 1046 3960 Vsql,
1077 3873 1216 3957 paginae
1238 3870 1385 3952 singulae
1407 3871 1497 3936 utin

136 3979 284 4062 exemplo
308 3977 476 4041 Planudeo
497 3973 680 4040 institutum
701 3973 801 4039 fuisse
823 3974 960 4059 videtur,
983 3975 1132 4040 bifariam
1154 3973 1289 4038 divisae.
1322 3972 1448 4038 Placita
1463 3972 1497 4036 in

207 4133 213 4162 ¹
234 4135 296 4183 tales
320 4141 380 4183 ante
399 4149 419 4182 s.
433 4133 500 4182 XIII
523 4143 658 4184 serrantur
682 4136 708 4182 iu
732 4133 871 4183 Marcianis
893 4129 1495 4196 149[1.1111],150[1.111,1161661161.

132 4222 343 4285 Lampriescatal.
363 4216 461 4284 [1.45*,
484 4237 530 4271 zur
548 4223 632 4286 gesoh.
651 4222 676 4270 d.
697 4221 791 4271 ueberl.
810 4239 835 4285 p.
848 4220 916 4270 XIII
933 4218 983 4283 sq.]
1007 4220 1132 4270 Parisinis
1154 4215 1221 4270 1955
1243 4217 1275 4281 [s.
1288 4218 1355 4283 XII]
1378 4228 1404 4269 et
1428 4216 1494 4271 1956

133 4305 165 4368 [s.
180 4306 231 4369 XI]
250 4324 313 4370 quos
333 4309 387 4371 ipse
406 4309 514 4370 inspexi,
533 4310 616 4359 Paris.
632 4306 698 4359 1957
719 4306 750 4369 [e.
765 4306 838 4370 XII].

202 4390 212 4423 ²
230 4395 383 4444 Duebnerus
401 4394 500 4444 Conti
521 4397 631 4446 bominis
645 4395 730 4459 praeci
744 4402 869 4459 apparatu
882 4408 941 4442 usus
953 4401 992 4443 est
1010 4395 1053 4456 qui
1073 4407 1096 4443 1.
1111 4395 1136 4444 h.
1154 4410 1175 4444 1.
1188 4394 1386 4444 XXI-XXIII
1405 4394 1493 4443 labore

130 4483 228 4531 maiore
254 4498 331 4544 quarn
350 4483 459 4530 utilitate
478 4481 515 4530 LI
533 4484 667 4533 Parisinos
686 4482 818 4532 Plutarchi
842 4482 943 4531 codices
967 4481 1084 4529 excussit.
1122 4482 1240 4531 conlatos
1258 4482 1373 4545 siugulos
1392 4482 1493 4531 duobus

131 4570 304 4619 uoluminibus
328 4569 523 4633 comprehendit
545 4571 620 4618 tertio
644 4569 746 4630 addito,
772 4584 847 4632 quem
872 4567 1122 4632 compulsi0nem
1141 4576 1224 4630 vocat,
1244 4584 1294 4631 quo
1314 4569 1440 4633 digestam
1458 4570 1492 4618 ad

128 4658 231 4719 stngula
248 4660 344 4721 scripta
362 4657 518 4719 farraginem
537 4657 675 4706 lectionum
688 4657 824 4719 congessit.
853 4655 947 4705 Conti
965 4655 1162 4705 Plutarchus
1181 4655 1328 4705 conlatus
1347 4656 1364 4704 l.
1384 4656 1491 4718 quedr.

128 4758 155 4791 n.
168 4739 318 4794 396-398
341 4744 524 4807 supplementis
548 4742 718 4793 bibliothecae
743 4743 878 4792 Parisinae
902 4744 1011 4792 insertus
1031 4749 1077 4791 est.
1114 4742 1271 4792 Placitornm
1290 4743 1306 4791 1.
1325 4742 1339 4791 I
1357 4757 1389 4791 ex
1409 4757 1491 4792 eom-

128 4831 279 4894 pulsione
298 4830 454 4894 descriptum
472 4830 626 4881 Benedictus
645 4830 724 4880 Niese
748 4831 828 4878 amice
853 4830 915 4878 mibi
934 4829 1081 4892 speciminis
1100 4829 1181 4890 gratia
1201 4831 1277 4879 misit.
1314 4843 1365 4890 quo
1385 4836 1490 4893 accepto

80 4930 83 4936 ·
126 4916 200 4978 plura
219 4931 267 4978 ego
287 4932 338 4964 non
357 4917 510 4966 desideravi.
