3464 5586
728 330 1003 381 nnonaeounns
1475 329 1537 393 233

181 514 282 581 snpra
308 519 341 581 p.
357 495 410 585 34]
437 497 575 581 repperi.
620 497 722 561 multa
747 515 871 561 summa
898 495 1063 562 oeulorurn
1090 499 1295 564 contentione
1321 499 1432 582 legere
1460 499 1538 563 mihi

182 616 248 663 non
270 599 407 683 oontigit
427 599 588 683 scriptura
608 618 839 682 usquequaque
861 599 1011 683 evanida,
1033 621 1099 664 nou
1122 601 1211 665 nulla
1234 622 1299 666 nou
1317 607 1404 667 reete
1419 621 1470 667 me
1486 621 1538 667 eu-

185 698 323 780 pliensse
336 699 406 768 veri
420 699 535 783 simile,
557 707 666 767 tamen
686 721 758 766 eurn
772 721 838 765 non
852 700 932 765 nihil
948 703 1023 767 novi
1040 709 1199 786 appareat
1213 704 1379 768 inventurn
1393 711 1537 768 nostrum

190 802 416 887 qualecumque
439 806 489 867 est
503 801 706 868 dissimulare
721 803 891 868 noluimus.
923 823 1024 887 quare
1047 804 1108 870 hoo
1129 804 1186 869 tibi
1210 805 1294 869 habe
1315 805 1537 870 aueodoton

194 900 354 989 Vennum,
376 903 579 988 doxographi
595 905 683 988 apud
703 905 844 971 medieos
867 905 1018 972 miserum
1042 906 1216 990 specimen,
1239 906 1280 972 de
1303 906 1392 971 ouius
1415 907 1538 989 origiue

197 1001 255 1071 iors
274 1009 315 1074 sit
335 1027 379 1074 au
400 1006 534 1073 meliore
555 1005 638 1071 libro
661 1014 790 1091 reperto
812 1007 1015 1074 aeouratiora
1037 1009 1219 1075 doceamur.

272 1110 368 1177 IIare.
384 1110 446 1175 521
470 1108 491 1173 i.
509 1109 587 1173 100r
599 1128 646 1190 sq.

333 1213 444 1277 πόθεν
466 1211 665 1295 ἐκκρίνεται
688 1212 842 1294 σπέρμα.

239 1311 385 1398 ἐκκρίνεται
406 1316 439 1377 τδ
462 1314 578 1398 σπέρμα
600 1315 698 1397 ὥσπερ
721 1314 867 1378 Πλάτων
890 1318 961 1400 φησὶ
985 1318 1032 1379 καὶ
1052 1317 1203 1400 Διοκλῆς
1226 1316 1276 1378 ἀπ’
1305 1318 1465 1399 ἐγκεφάλου
1489 1317 1538 1378 καὶ

208 1416 327 1487 νωτιαίου.
361 1415 401 1482 σί.
424 1415 495 1480 Aet.
519 1415 547 1480 V
569 1416 588 1479 3
607 1424 634 1480 4.

241 1515 454 1603 Πραξαγόρας
476 1518 508 1581 δὲ
530 1519 578 1581 καὶ
600 1519 825 1603 Δημόκριτος
847 1520 940 1603 (ini)
962 1545 992 1584 τε
1015 1520 1244 1604 Ἱπποκράτης
1271 1521 1299 1588 ἐξ
1323 1522 1391 1583 ὅλου
1415 1520 1539 1602 σπέρμα-

208 1637 243 1686 τνς
260 1621 290 1703 [l.
311 1615 470 1705 σώματος]·
511 1620 584 1684 Aet.
608 1620 636 1685 V
659 1621 678 1685 3
698 1631 724 1686 5.

335 1722 418 1791 δόξα
440 1722 664 1805 Δημοκρίτου
686 1728 765 1809 περὶ
787 1726 997 1808 σπέρματος.

234 1820 330 1908 tipo
352 1825 577 1908 Δημόκριτος
599 1827 690 1909 λέγων
713 1828 743 1909 [i
754 1824 840 1911 λέγει]
862 1827 1016 1911 ἄνθρωπος
1033 1868 1458 1890 ..................

237 1927 292 1990 όδὲ
300 1926 529 2010 Ἱπποκράτης
544 1929 644 2011 φησίν·
668 1953 688 2012 η
704 1931 795 2013 ἡδονὴ
819 1930 852 2011 [I.
869 1932 939 2013 γονὴ
963 1929 1003 1994 ef.
1018 1929 1113 2011 Hipp.
1132 1930 1191 1993 VII
1206 1930 1311 1992 4141..
1335 1930 1349 1991 I
1366 1930 1438 2010 tait,
1454 1926 1539 2006 SJK]

202 2029 368 2115 πανταχόθεν
390 2028 506 2115 ἔρχεται
528 2034 579 2093 τοῦ
602 2033 752 2112 σώματος,
775 2033 833 2094 ἀπὸ
857 2033 909 2114 μὲν
931 2037 989 2093 τῶν
1012 2034 1099 2114 ὑγιῶν
1122 2035 1219 2114 ὑγιής,
1247 2033 1304 2093 ἀπὸ
1329 2032 1361 2092 δὲ
1382 2037 1440 2092 τῶν
1463 2050 1540 2091 νοσε-

200 2132 246 2209 ρόν
265 2134 378 2216 νοσερά.

334 2235 404 2305 δόξα
425 2241 483 2300 τῶν
506 2236 670 2298 Στωικῶν
693 2237 756 2319 περὶ
780 2237 952 2319 σπέρματος.

231 2331 269 2398 Τδ
292 2337 407 2421 σπέρμα
430 2338 490 2401 ἐστὶ
512 2339 587 2401 κατὰ
611 2339 662 2419 μὲν
685 2339 751 2408 τοὺς
774 2339 921 2408 Στωικοὺς
936 2341 952 2403 δ
969 2339 1087 2420 μεθίησι
1103 2341 1135 2400 τδ
1159 2345 1234 2422 ζῷον
1258 2341 1342 2421 όγρδν
1365 2338 1437 2418 μετὰ
1459 2336 1540 2398 πνεό-

193 2459 274 2516 ματος
295 2440 344 2502 καί
366 2445 464 2525 φυχῆς
487 2438 540 2521 [ef.
563 2439 659 2503 Arius
681 2440 754 2505 Did.
771 2439 810 2505 fr.
827 2440 921 2524 phys.
937 2441 1002 2522 391.
1029 2442 1102 2503 κατὰ
1125 2442 1157 2502 δὲ
1173 2440 1432 2522 Ἀσκληπιάδην
1454 2439 1487 2500 τδ
1510 2439 1539 2500 ἐν

189 2546 248 2609 ταῖς
270 2543 450 2626 ἀφροδισίαις
473 2544 635 2611 συνουσίαις
657 2543 857 2625 ἐκκρινόμενον
880 2547 1042 2625 γεννητικὸν
1066 2544 1160 2626 ὑγρόν.

226 2649 378 2708 seountur
399 2642 496 2707 tituli:

229 2746 272 2809 ότι
296 2747 463 2830 σπερμαίνει
484 2749 517 2810 τδ
540 2749 628 2830 oque.
661 2745 733 2810 Aet.
755 2746 784 2810 V
806 2749 826 2809 5

227 2847 280 2909 τίνι
303 2849 431 2933 διαφέρει
454 2849 569 2933 σπέρμα
591 2851 677 2931 γόνου

227 2951 272 3013 ότι
293 2950 381 3013 αἰτίαι
394 2950 436 3033 [i]
460 2952 586 3033 ἀγονίας.
619 2950 690 3015 Aet.
714 2953 742 3017 V
766 2953 805 3015 13

227 3053 253 3114 εἰ
278 3051 364 3136 μέρος
385 3055 446 3118 ἐστί
468 3059 520 3138 τῆς
542 3054 668 3135 κυοόσης
690 3056 723 3117 τὸ
746 3054 902 3135 κυούμενον

230 3155 328 3217 διὰτί
349 3156 383 3218 οδ
404 3157 451 3219 διὰ
474 3157 616 3239 στόματος
638 3158 671 3218 τὸ
694 3152 817 3240 ἔμβρυον
839 3155 981 3239 τρέφεται.
1015 3155 1085 3219 Aet.
1110 3155 1137 3218 V
1161 3156 1201 3218 1ss

227 3256 253 3318 εἰ
277 3260 353 3341 ζῷον
375 3259 409 3320 τὸ
432 3258 506 3319 κατὰ
527 3260 657 3342 γαστρός.
691 3257 761 3321 Aet.
784 3256 812 3319 V
836 3259 876 3319 15

306 3357 573 3442 Ἀσκληπιάδης
595 3362 627 3423 δὲ
650 3359 716 3423 οὔτε
739 3364 815 3443 ζῷον
838 3359 905 3422 οὔτε
928 3362 968 3443 μὴ
993 3366 1068 3444 ζῷον
1085 3361 1147 3422 εἶπε
1167 3363 1200 3422 τό
1217 3357 1340 3444 ἔμβρυον
1356 3358 1418 3421 ἀλλ’
1441 3359 1540 3438 ὅμοιον

183 3458 292 3544 ἔφησεν
314 3463 386 3525 αὐτὸ
407 3468 467 3531 τοῖς
489 3465 688 3545 κοιμωμένοις

227 3565 299 3627 πότε
320 3564 404 3648 ἄρρεν
426 3565 547 3646 γίγνεται
570 3566 641 3629 πότε
664 3565 749 3648 θῆλυ.
772 3563 844 3629 Aet.
867 3564 894 3627 V
919 3564 936 3627 ‘r'

227 3672 291 3736 πῶς
311 3668 432 3750 γίγνεται
455 3668 560 3748 δίδυμα

226 3774 290 3839 πῶς
311 3771 433 3852 γίγνεται
454 3767 595 3852 (τέραταδ
629 3768 701 3833 Aet.
727 3770 754 3833 V
776 3770 810 3854 8>

225 3873 274 3935 διὰ
303 3872 387 3934 ποίαν
417 3871 509 3934 αἰτίαν
537 3876 596 3932 τῶν
619 3872 798 3954 ἑπταμηνων
830 3874 941 3955 ἀγόνων
971 3871 1062 3934 όντων
1095 3872 1130 3933 τὰ
1161 3872 1310 3952 ὀκτάμηνα
1337 3869 1426 3951 άγονά
1456 3871 1541 3933 ἐστιν.

224 3975 267 4043 τίς
289 3974 368 4037 αἰτία
390 3976 564 4058 συλλήψεως
597 3970 668 4036 Aet.
694 3972 721 4035 V
746 3974 794 4035 16.
1345 3968 1426 4054 [Aet.
1451 3972 1478 4035 V
1503 3971 1543 4041 18

480 4260 579 4314 XVIII
615 4261 663 4314 DI}
682 4258 815 4314 (IALENI
833 4260 1006 4317 HISTORIA
1024 4259 1255 4316 Prinosoprrn

271 4454 315 4520 Ut
338 4454 379 4519 de
402 4453 520 4519 Galeni
536 4452 680 4518 Historia
704 4452 899 4535 philosopha
918 4459 1005 4517 reete
1020 4451 1164 4516 iudicare
1180 4451 1337 4534 potuerim
1360 4448 1411 4536 [de
1428 4449 1543 4514 Galeni

187 4555 227 4618 H.
244 4554 298 4638 ph.
320 4555 424 4619 Boun.
450 4552 581 4641 187011,
605 4554 705 4619 Curtii
728 4552 963 4617 Waohsmuthii
988 4560 1156 4635 accepturu
1180 4554 1284 4618 resero
1308 4551 1467 4634 comitati,
1490 4551 1543 4633 qui

188 4657 350 4739 specimen
374 4656 486 4738 optimi
511 4657 630 4721 codicis
654 4654 907 4720 LaurentiauiA
928 4674 949 4718 a
972 4676 1002 4736 p.
1020 4656 1082 4719 2⁶22
1105 4655 1148 4717 ad
1171 4656 1234 4719 214
1257 4656 1306 4720 ed.
1324 4654 1450 4719 Kuehn.
1473 4674 1544 4718 ase

259 4828 266 4858 ¹
286 4845 352 4893 quae
370 4833 420 4878 iarn
435 4830 607 4893 disputaturus
620 4847 676 4879 sum
689 4845 720 4878 ex
734 4831 779 4878 iila
799 4829 977 4877 dissertatione
997 4831 1032 4878 ita
1051 4830 1159 4891 repetita
1178 4843 1232 4877 esse
1246 4831 1318 4891 scito,
1337 4835 1365 4877 ut
1383 4831 1469 4893 priora
1487 4843 1545 4878 mea

186 4926 338 4981 argumenta
358 4918 398 4966 vel
417 4917 562 4984 supplendo
582 4919 623 4969 vel
642 4917 805 4968 retractando
826 4916 902 4980 paulo
924 4915 1043 4966 uberiora
1061 4918 1180 4966 iacerem.
