3442 5588
264 317 306 381 84
674 319 698 367 V
734 318 782 367 Du
804 318 881 368 ΑΒΗ
898 316 1034 368 DIDYMI
1054 318 1218 369 EPITOME

264 484 443 549 finitionum
473 483 688 567 incomposita
717 483 917 549 enumeratio
947 481 1017 570 [ecl.
1041 482 1104 549 eth.
1128 504 1159 567 p.
1175 484 1226 548 34.
1241 480 1304 570 84].
1353 490 1525 568 cognatum
1550 484 1627 552 huie

264 587 374 669 generi
413 592 462 651 est
495 584 638 652 Theonis
677 585 775 652 Stoici
815 586 869 669 qui
907 585 984 650 Ario
1026 583 1181 651 successit
1215 586 1374 669 ὑπόμνημα
1407 593 1460 672 τῆς
1488 587 1626 654 'Aralla

264 692 359 773 δώρου
392 692 596 774 φυσιολογικῇς
632 689 793 773 εἰσαγωγῆς
821 687 922 774 [Suid.
946 709 972 753 a.
995 710 1025 753 v.
1049 688 1132 752 Θέων
1157 686 1404 775 Ἀλεξανδρεύς]1
1449 690 1491 757 de
1518 691 1627 777 physi-

264 812 373 857 corum
396 791 502 857 studio
526 798 592 854 turn
618 792 809 873 pervulgato
832 798 910 855 nota
932 790 1041 855 omnia
1063 788 1113 876 [ci.
1137 789 1249 854 Horat.
1272 791 1366 874 epist.
1381 791 1398 856 Ι
1415 793 1454 856 12
1477 794 1627 879 Propert.

263 895 307 961 IV
326 896 356 979 ι’),
377 892 439 981 23].
490 893 575 958 addo
613 892 789 958 moralibus
829 912 957 974 quoque
989 891 1261 976 disputationibus
1298 893 1409 976 eisque
1443 894 1626 961 trivialibus

262 997 447 1078 Augusteae
469 994 587 1061 aetatis
610 993 757 1061 homines
781 994 894 1059 mirum
918 1002 1072 1075 quantum
1094 993 1254 1060 tribuisse.
1299 1003 1398 1079 atque
1420 996 1521 1080 ipsius
1544 996 1625 1064 (lae

262 1096 344 1162 saris
363 1098 485 1162 amicus
500 1095 653 1162 Horatius
668 1108 773 1161 noctes
788 1117 940 1179 cenaeque
956 1099 1045 1160 dcam
1068 1096 1237 1162 celebrans
1253 1096 1305 1179 [cf.
1323 1097 1449 1164 Usener
1464 1098 1547 1165 Mus.
1563 1099 1623 1165 Rh.

262 1199 371 1265 XXIV
385 1200 460 1283 949]
476 1198 652 1284 disputavit
669 1199 770 1266 Serm.
782 1200 814 1264 ΙΙ
830 1201 860 1281 6,
877 1199 917 1263 73
940 1211 1080 1263 atramae

414 1303 530 1364 divitiis
551 1305 688 1366 bominac
710 1323 753 1366 aa
773 1305 834 1365 aiat
857 1303 970 1364 virtute
991 1303 1083 1379 beati,

414 1407 525 1487 paidca
548 1407 591 1467 ad
613 1408 778 1481 amicitias,
801 1424 876 1468 arae
897 1415 1062 1481 rectamne,
1086 1406 1189 1469 trabat
1211 1425 1278 1481 ace,

414 1519 441 1569 et
463 1527 542 1589 qaae
564 1510 605 1571 rit
626 1520 742 1571 riatur-a
760 1509 833 1571 honi
853 1527 1061 1589 ranamamqaa
1084 1510 1158 1591 qaid
1180 1510 1254 1572 cias.

262 1607 331 1672 aius
358 1608 486 1690 generis
514 1610 715 1675 sermonibus
742 1608 808 1673 Arii
837 1608 1029 1691 compendio
1056 1610 1316 1676 commodissima
1344 1609 1480 1676 materia
1505 1616 1625 1694 parata

262 1716 341 1774 erat.
385 1711 480 1774 simul
502 1712 656 1777 eelaetica
677 1710 930 1795 philosophandi
952 1710 1035 1776 ratio
1058 1721 1209 1798 apparet,
1233 1732 1298 1795 qua
1319 1714 1373 1778 vel
1395 1711 1544 1795 Epicurei
1568 1711 1623 1795 qui

261 1811 391 1876 fuerant
412 1811 568 1878 delectari
590 1821 774 1897 coeperant.

347 1915 397 1980 Da
412 1914 480 1978 Arii
502 1915 570 1981 vita
592 1915 795 1981 accuratiora
817 1916 871 1980 vix
895 1915 979 1982 effici
1000 1922 1145 2000 possunt.
1190 1917 1345 1983 Suetonio
1369 1918 1529 1984 credimus
1549 1926 1623 2002 post

262 2016 495 2100 Apollodorum
518 2019 679 2084 rhetorem
702 2016 896 2102 philosopho
916 2018 993 2083 Ario
1016 2038 1150 2101 operam
1173 2019 1313 2105 dedisse,
1336 2021 1492 2087 incertum
1515 2026 1622 2085 utrum

261 2118 465 2201 Apolloniae,
488 2118 543 2184 ubi
558 2119 791 2204 Apollodorum
804 2128 890 2186 certe
906 2120 1009 2186 audiit
1031 2119 1214 2204 (Quinam
1230 2125 1247 2187 1
1265 2120 1331 2209 17)'
1352 2142 1396 2187 an
1410 2122 1544 2206 Rornae,
1568 2121 1623 2186 ubi

261 2220 460 2304 aliquamdiu
489 2241 561 2286 eum
591 2242 662 2287 cum
690 2222 766 2286 Ario
794 2221 914 2289 vixisse
940 2223 1016 2289 inde
1042 2222 1190 2307 colligas,
1227 2224 1312 2306 quod
1342 2244 1428 2290 anno
1457 2225 1519 2289 724
1549 2244 1622 2289 cnm

260 2323 492 2389 Alexandriam
513 2324 677 2407 ingressus
700 2332 767 2409 est,
795 2345 920 2390 summa
947 2326 1011 2390 iarn
1038 2323 1232 2391 auctoritate
1258 2326 1314 2393 ille
1335 2325 1479 2393 florebat
1524 2325 1623 2392 fuerit

260 2425 357 2509 igitur
379 2427 406 2492 si
429 2427 594 2493 minimum
617 2447 725 2494 sumas
750 2428 1038 2511 quadragenarius.
1081 2428 1256 2494 admodum
1278 2437 1387 2496 autem
1414 2448 1514 2495 senex
1540 2436 1623 2512 erat,

262 2549 334 2594 cum
349 2530 391 2596 de
406 2531 512 2595 Druso
528 2529 593 2596 filio
617 2531 736 2597 acerba
758 2539 862 2597 morte
876 2530 1013 2613 abrepto
1029 2530 1155 2596 Liviam
1168 2531 1354 2599 consolatus
1368 2539 1428 2597 est.
1464 2531 1624 2599 orationis

261 2639 328 2697 tum
351 2631 483 2698 habitae
504 2633 671 2699 exordium
694 2634 790 2700 vertit
812 2634 938 2700 Seneca
959 2634 1003 2698 ad
1024 2633 1122 2699 Marc.
1138 2635 1180 2701 de
1201 2635 1321 2702 consol.
1335 2636 1367 2699 4.
1383 2636 1417 2699 5:
1449 2636 1507 2698 aa
1525 2631 1623 2720 [Iulia

262 2733 421 2822 Augusta]
444 2739 477 2799 ia
497 2740 599 2818 primo
614 2739 738 2818 [creora
760 2758 828 2800 cara
842 2739 976 2800 mamma
990 2740 1175 2818 inpatienter
1188 2741 1368 2820 [croccapac
1381 2745 1453 2800 aaut
1467 2739 1625 2811 miseriae,

193 2916 196 2921 Ι
260 2838 464 2922 correct<atori
479 2839 525 2923 sc>
540 2841 635 2904 Areo
656 2842 838 2921 philosopho
860 2842 992 2903 ciriaci
1013 2842 1156 2920 praebuit
1179 2851 1207 2904 ct
1227 2843 1352 2903 maltam
1374 2858 1443 2901 cam
1463 2858 1528 2901 rem
1540 2856 1625 2919 pro-

258 2944 357 3023 saicae
375 2943 436 3006 eibi
451 2945 597 3024 consecra
619 2954 662 3006 ert
678 2991 686 3006 .
704 2991 711 3007 .
730 2991 737 3007 .
754 2943 933 3008 orationem
950 2940 996 3007 sie
1013 2962 1104 3008 orsus
1119 2947 1206 3010 est4
1223 2954 1239 3006 3
1262 2942 1367 3025 ‘aaqac
1381 2945 1414 3005 io
1428 2942 1508 3004 hauc
1530 2940 1625 3014 diem

258 3047 352 3120 latia,
375 3056 521 3127 pacatam
544 3047 665 3127 quidem
687 3066 742 3126 ιρο
764 3050 876 3122 raam,
900 3046 1088 3109 adsiduas
1109 3050 1188 3111 oiri
1217 3049 1271 3111 tai
1298 3065 1435 3121 comer,
1463 3046 1524 3108 aac‘
1548 3062 1625 3107 aaa

260 3157 399 3210 tantam
422 3167 514 3229 qaae
536 3150 572 3211 ιἰι
593 3150 782 3230 publicam
804 3151 1029 3211 emittantur
1051 3160 1142 3213 ructa
1163 3151 1229 3213 aad
1250 3169 1370 3213 omnes
1392 3157 1477 3212 aaut
1493 3164 1624 3210 accra-

335 3339 340 3369 ¹
362 3341 486 3391 Nicolaue
499 3339 610 3388 Herodis
629 3348 654 3388 et
666 3339 788 3389 Archelai
807 3339 853 3388 filii
873 3341 993 3403 magister
1011 3348 1037 3389 et
1055 3340 1187 3390 familiaria
1207 3340 1274 3389 inter
1292 3339 1344 3389 alia
1361 3339 1518 3404 philosopha
1536 3351 1623 3387 cem·

259 3429 413 3493 pendium
437 3427 654 3477 Aristoteliae
678 3426 908 3491 philosophiae
928 3429 988 3477 tecit
1007 3428 1076 3490 qrred
1094 3427 1196 3477 labente
1215 3429 1318 3477 saeculo
1338 3427 1391 3476 Vll
1410 3426 1519 3476 lacobus
1537 3424 1624 3475 Eden-

260 3533 335 3566 seuue
355 3515 488 3578 [Wenrich
507 3532 531 3578 p.
546 3513 573 3577 i]
600 3524 626 3563 et
644 3515 853 3578 postealiunain
871 3516 952 3565 isaaci
966 3517 982 3565 t.
1002 3517 1101 3579 syriace
1121 3517 1195 3565 vernt
1214 3513 1376 3577 [Abnltarag.
1390 3515 1423 3563 H.
1436 3514 1470 3563 D.
1492 3510 1543 3563 140
1562 3508 1625 3573 [88]

261 3604 362 3668 Roeper
379 3605 437 3654 lect
457 3604 545 3652 Abult.
565 3619 589 3666 p.
602 3600 636 3651 at
655 3603 745 3651 Wenr.
763 3619 786 3666 p.
801 3599 861 3664 994,
880 3604 982 3652 arabice
1002 3617 1042 3665 ap.
1056 3603 1231 3653 Mohammed.
1251 3602 1347 3652 Fihriat
1364 3617 1389 3666 p.
1403 3596 1493 3661 ⁸254,3
1512 3595 1625 3660 [Miller

258 3694 299 3741 die
320 3693 414 3756 griech.
434 3692 526 3755 philos.
540 3692 556 3740 i.
570 3691 595 3738 tl.
609 3688 680 3739 arab.
694 3689 790 3738 neberl.
810 3706 834 3753 p.
849 3688 890 3743 96.
910 3691 1032 3741 Wenrich
1053 3708 1077 3754 p.
1091 3685 1154 3757 994]
1170 3691 1201 3739 ct.
1214 3689 1329 3754 Simplic.
1342 3690 1367 3738 d.
1382 3688 1445 3739 cael.
1464 3702 1489 3751 p.
1506 3680 1575 3737 180⁵
1587 3683 1626 3735 40

259 3782 352 3842 Karna,
372 3780 441 3831 493·
455 3777 489 3830 23
502 3779 597 3828 Brand.
617 3776 672 3843 περὶ
691 3771 871 3843 Ἀριστοτέλους
889 3775 1042 3845 φιλοσοφίας.
1062 3779 1110 3827 hoc
1128 3778 1308 3842 compendium
1320 3792 1374 3827 nou
1387 3775 1476 3825 dubito
1490 3775 1554 3837 quin
1567 3773 1624 3823 lle·

258 3871 314 3917 rodi
334 3869 521 3933 gratificaturus
535 3867 722 3929 <cunsumpserit
746 3880 805 3914 narn
817 3867 948 3928 praeclare
961 3868 992 3917 de
1007 3869 1058 3917 suia
1077 3867 1170 3916 studiis
1188 3869 1242 3930 ipse
1262 3874 1350 3916 namt
1368 3864 1398 3914 F.
1410 3863 1441 3913 Η.
1454 3860 1486 3913 G.
1506 3861 1550 3910 111
1568 3857 1626 3911 350

255 3963 286 4010 fr.
305 3956 320 4005 4
344 3951 458 4023 Ἠρώδης
481 3952 552 4004 πόλιν
571 3947 695 4019 διαμεθεὶς
712 3949 754 4000 τὸν
773 3948 918 4020 φιλοσοφίας
937 3952 1019 4022 {ptura
1038 3951 1051 4003 ὃ
1069 3951 1136 4021 φιλεῖ
1156 3957 1208 4010 τοῖς
1233 3952 1258 4003 la
1277 3950 1388 4020 ὑπεροχῇ
1407 3945 1461 3999 οὖσι
1479 3945 1627 4015 συμβαίνειν

255 4039 294 4091 διὰ
317 4041 345 4092 τὸ
364 4038 460 4110 πλῆθος
478 4047 529 4092 τών
549 4036 749 4099 atalantam
768 4035 858 4095 αώτοὺς
877 4037 979 4107 ίγαίλών
998 4037 1138 4109 ίπεθὺρησε
1157 4039 1229 4092 πάλιν
1249 4038 1383 4107 ῥητορικῆς
1400 4037 1444 4087 καὶ
1463 4031 1627 4087 Νικόλαον

255 4129 408 4197 ἠνάγκαζε
436 4123 676 4197 συρρητορεώιιν
706 4123 788 4194 αὐτῷ
816 4127 868 4177 καὶ
895 4133 984 4195 κοινῇ
1013 4126 1225 4196 ίρρητόρευον.
1267 4123 1339 4181 αὖθις
1364 4121 1383 4174 d’
1413 4122 1520 4192 ἱστορίας
1546 4119 1627 4173 αὐτὸν

254 4214 341 4285 (ἔρως)
363 4215 451 4284 ἔλαβεν
479 4215 650 4272 ἐπαινέσαντος
676 4210 803 4266 Νικολάου
828 4212 856 4264 τὸ
880 4219 982 4282 πρᾶγμα
1000 4216 1044 4266 καὶ
1063 4213 1260 4266 πολιτικώτατον
1279 4210 1339 4264 εἶναι
1357 4209 1471 4279 λέγοντος
1490 4246 1497 4260 .
1517 4246 1523 4260 .
1543 4247 1550 4260 .
1570 4208 1628 4259 καλ

255 4302 417 4355 ἐπὶτοῦτο
437 4302 578 4372 ὁρμήσας
596 4298 773 4370 προῦτρεψε
791 4302 844 4353 καὶ
858 4297 1016 4353 Νικόλαον
1030 4300 1249 4371 πραγματωίλῆναι
1267 4297 1304 4350 τὰ
1322 4297 1392 4365 περὶ
1410 4295 1558 4365 ίστορίαν.
1573 4333 1581 4347 .
1596 4332 1626 4347 ..

254 4390 283 4441 ἐκ
301 4390 390 4442 τούτου
408 4390 492 4442 πλόων
511 4391 544 4448 τίς
563 4385 668 4457 Ῥώμην
688 4387 722 4445 ώς
742 4383 857 4457 Καίσαρα
872 4385 987 4458 Ἡρώδης
1010 4390 1116 4459 ἐπήγετο
1133 4388 1175 4440 τὸν
1195 4382 1321 4439 Νικόλαον
1340 4383 1403 4452 ὁμοῦ
1422 4383 1462 4435 ἐπὶ
1479 4386 1525 4451 τῆς
1543 4380 1628 4450 aha-ipe

254 4476 311 4546 νηὸς
334 4479 376 4529 καί
400 4484 488 4547 κοινῇ
512 4475 737 4545 ἐφιλοσόφουν.
772 4479 843 4528 videa
872 4480 1002 4529 hominem
1033 4479 1184 4528 versabilem
1210 4477 1311 4540 patroni
1336 4482 1400 4524 nutu
1430 4472 1463 4522 ad
1487 4471 1626 4534 quodlibet

255 4568 382 4616 scribendi
402 4583 483 4631 genus
502 4576 627 4630 paratum.

324 4650 459 4705 2διιοιοιι.
478 4655 547 4717 Aug.
566 4652 600 4704 89
619 4653 879 4716 (Apollodorum)
903 4655 962 4702 iam
989 4654 1137 4716 grandem
1163 4659 1238 4701 natu
1262 4647 1470 4714 Apolloniam
1493 4658 1624 4707 quoqne

253 4756 354 4790 sectum
374 4743 411 4791 ab
430 4743 505 4791 urbe
525 4742 652 4791 irruenie
672 4739 776 4788 adhuc
795 4740 960 4789 eduxerat.
987 4740 1051 4789 vixit
1065 4741 1195 4791 LXXXII
1209 4752 1292 4788 annos
1306 4744 1369 4785 testa
1384 4731 1624 4784 Pseudo-Luciam.

253 4829 369 4879 Macroh.
384 4828 426 4878 2’3.
454 4831 498 4878 aed
523 4830 683 4878 accuratiora
706 4828 765 4875 sciri
790 4844 842 4876 nen
867 4835 986 4891 possunt,
1007 4829 1067 4891 qrria
1088 4828 1238 4891 Hieronymi
1258 4834 1320 4874 uota
1339 4823 1463 4884 (relatus
1481 4818 1625 4870 habetur

251 4917 290 4965 ad
310 4932 333 4966 a.
353 4916 416 4967 abr.
439 4914 505 4967 taba
518 4936 548 4957 =
561 4916 622 4979 ubl)
641 4917 778 4965 dumtaxat
797 4932 829 4965 ex
851 4918 961 4978 Augusti
980 4917 1060 4966 rratali
1079 4916 1191 4978 paudere
1212 4914 1318 4962 videtur.
