3442 5588
679 355 956 407 raouasouuuu
1436 353 1499 418 263

137 526 301 610 quomodo
328 525 443 591 eadem
477 531 586 592 aetate
616 532 649 592 et
675 525 843 609 exemplar
869 529 903 589 et
928 523 1124 590 imitatorem
1146 522 1246 591 fuisse
1267 521 1501 609 persuadebis?

139 648 217 712 ergo
241 628 268 693 si
288 633 435 693 tenemus
450 645 535 711 quae
551 628 593 695 de
608 625 874 696 Pseudolustino
897 625 1044 710 dissemi,
1067 625 1110 690 ah
1131 626 1236 692 altero
1258 633 1347 693 eerte
1367 624 1499 690 saeeulo

139 728 342 796 retrudimur.
385 729 603 814 posteriorum
629 736 740 797 autem
768 728 970 794 saeeulorum
997 728 1102 794 libera
1128 734 1179 794 est
1210 727 1310 812 optio.
1353 728 1499 811 quintum

139 840 307 899 sextumve
330 833 495 899 saeculum
518 839 653 917 propter
674 829 902 897 seholastieum
923 829 957 895 in
979 828 1059 914 ipsis
1078 830 1158 896 iouis
1180 829 1312 896 odorem
1334 829 1411 894 mihi
1434 850 1498 896 ma-

139 932 227 999 xime
249 934 377 1001 videtur
398 935 467 1002 reri
491 933 606 1000 simile.
652 932 729 1016 quin
751 930 851 998 etiam
873 931 1054 1016 Byzantino
1076 931 1200 998 artiliee
1221 930 1310 996 haud
1331 929 1499 1012 indignum

137 1036 245 1102 lusum
267 1036 453 1120 iudiearem,
475 1035 538 1101 nisi
554 1036 707 1102 meliores
722 1033 883 1119 quaedam
898 1032 1074 1100 memoriae
1087 1034 1237 1118 nugatori
1252 1039 1384 1119 praesto
1398 1031 1499 1099 saissa

138 1137 335 1205 viderentur.
379 1157 456 1202 uam
486 1137 571 1204 inter
597 1138 717 1204 futtilia
743 1137 846 1203 multa
876 1136 967 1201 velut
993 1134 1191 1223 Aristotelea
1220 1157 1246 1202 e.
1269 1138 1307 1200 11
1338 1135 1498 1219 quaedam

138 1238 316 1321 singularia
336 1245 369 1306 et
389 1238 494 1324 proha
515 1238 733 1306 inveniuntur.
781 1237 946 1304 laudanda
967 1244 1043 1303 suut
1063 1257 1147 1321 quae
1168 1239 1211 1305 de
1232 1240 1413 1322 Protagora
1434 1237 1498 1303 etl

137 1340 192 1423 [el.
222 1340 296 1406 Frei
323 1348 449 1424 quaest.
479 1343 648 1425 Protagor.
676 1364 707 1426 p.
724 1343 776 1407 el.
792 1341 848 1423 95]
874 1346 907 1407 et
933 1338 1177 1405 Anaximandro
1206 1361 1233 1406 e.
1251 1342 1292 1406 10
1318 1339 1497 1425 proposuit,

137 1442 189 1506 eui
212 1441 342 1525 quidem
367 1445 419 1528 τὴν
442 1445 532 1508 ἀίδιον
555 1446 666 1529 κίνησιν
694 1443 870 1510 seeundum
893 1440 1153 1526 Theophrastum
1176 1441 1229 1526 [of.
1252 1462 1351 1526 supra
1372 1464 1404 1526 p.
1421 1443 1497 1525 133]

137 1542 283 1609 tribuit¹
329 1543 530 1631 Phereeydis
554 1545 663 1630 opinio
687 1565 713 1612 o.
731 1546 772 1611 12
795 1544 916 1612 eisdem
938 1543 1009 1610 fere
1030 1543 1139 1610 verbis
1161 1563 1317 1629 expressa
1339 1550 1388 1611 est
1409 1543 1499 1627 apud

140 1645 282 1711 Probum
308 1644 351 1710 ad
375 1647 469 1730 Verg.
493 1669 523 1732 p.
540 1649 592 1732 20,
608 1650 651 1714 30
673 1647 756 1713 Keil.
787 1647 870 1713 hene
897 1645 1070 1731 exponitur
1097 1645 1139 1712 de
1165 1645 1327 1712 Arohelao
1351 1667 1377 1712 o.
1397 1647 1435 1711 11
1463 1651 1497 1711 et

139 1748 180 1814 de
196 1747 357 1814 Cleanthe
380 1768 406 1813 e.
427 1751 466 1814 14
491 1748 544 1832 [ef.
567 1748 635 1813 Arii
650 1748 725 1814 Did.
742 1749 780 1815 fr.
797 1750 862 1832 38].
892 1769 913 1814 a
934 1768 998 1831 quo
1020 1747 1117 1815 fuerit
1140 1748 1277 1833 seriptus
1299 1748 1420 1833 probus
1442 1746 1497 1812 ubi

138 1851 218 1917 talia
240 1850 453 1917 tradebantur
474 1850 566 1935 liher,
588 1850 728 1917 otiosum
745 1856 796 1917 est
809 1869 976 1933 quaerere.
1003 1849 1067 1916 hoo
1080 1856 1190 1916 tamen
1206 1849 1364 1934 suspirari
1380 1849 1456 1915 licet
1478 1868 1497 1915 e

137 1952 421 2038 doxographorum
443 1954 543 2020 fuisse
564 1973 694 2037 genere.
744 1941 919 2037 propterea
946 1951 988 2017 ab
1010 1951 1139 2018 illorum
1165 1950 1308 2035 reliquiis
1329 1951 1495 2018 Hermiam

135 2073 247 2121 aroere
269 2053 368 2121 nolui.

225 2154 330 2235 Quam
362 2156 476 2241 paravi
509 2156 684 2224 editionem
711 2157 755 2222 ad
787 2155 915 2224 Ottonis
944 2158 1112 2242 exemplar
1137 2157 1326 2241 recognovi,
1359 2155 1414 2240 qui
1442 2154 1498 2220 ad·

137 2258 231 2323 seivit
256 2259 398 2343 priorum
426 2265 561 2325 conatus
591 2258 706 2326 Seileri
735 2259 847 2342 [Basil.
882 2260 996 2343 1553],
1028 2258 1217 2345 Hieronymi
1248 2257 1358 2325 Wolfii
1385 2256 1496 2341 [Basil.

138 2359 250 2444 1580],
278 2360 372 2427 Galei
404 2367 436 2426 et
463 2359 883 2448 Worthii[0xon.1700],
911 2361 1038 2428 Marani
1070 2362 1212 2446 [apolog.
1235 2380 1321 2427 eaeo.
1344 2361 1376 2425 11
1400 2359 1497 2442 1742]

139 2460 315 2544 praecipue
348 2461 498 2528 Menzelii
531 2463 921 2550 [Lugd.Batav.1840],
953 2463 1008 2547 qui
1040 2463 1206 2548 scriptoris
1238 2463 1339 2530 verba
1370 2462 1498 2528 naviter

138 2564 345 2630 emaoulavit.
380 2584 421 2630 ex
438 2562 565 2631 Ottonis
579 2573 741 2651 apparatu
762 2565 892 2634 eodioes
914 2565 1108 2632 vetustiores
1130 2568 1169 2650 [s.
1185 2567 1259 2649 XV]
1282 2565 1383 2651 selegi
1408 2569 1498 2649 quat·

136 2670 209 2730 tuor
235 2665 549 2752 V(indobouensem)
579 2667 838 2754 Mlonaeensem)
868 2668 1023 2753 priorem,
1045 2666 1266 2753 L(eidensem)
1295 2666 1498 2752 0(ttobonia·

135 2766 237 2853 num).
276 2776 402 2834 eeteros
417 2768 500 2834 inter
514 2789 595 2852 quos
609 2770 735 2837 Monac.
752 2771 814 2836 339
829 2770 933 2837 Vatia.
949 2769 1061 2854 Regin.
1077 2790 1124 2853 gr.
1142 2771 1203 2835 159
1219 2770 1417 2837 Matritensis
1434 2770 1496 2834 119

138 2869 180 2934 ab
201 2870 335 2937 Andrea
357 2870 528 2937 Darmario
551 2891 577 2938 s.
593 2872 670 2938 XVI
692 2872 803 2957 scripti
825 2879 914 2958 sunt,
941 2871 1061 2939 nullius
1087 2891 1160 2938 esse
1188 2871 1283 2956 pretii
1310 2879 1398 2939 reete
1419 2872 1498 2938 iudi·

137 2973 224 3038 earit
247 2971 332 3039 Otto.

138 3168 165 3214 in
185 3165 308 3214 animalia
325 3168 418 3216 mutari
441 3166 516 3231 lingit
533 3168 649 3232 scriptor,
669 3182 724 3216 orum
744 3167 850 3216 Aeneae
869 3165 965 3217 Gazaei
984 3166 1164 3231 Theophrasto
1182 3167 1222 3216 ed.
1241 3167 1311 3230 Lips.
1333 3163 1400 3218 1655
1417 3183 1442 3230 p.
1457 3164 1497 3216 14.

138 3259 240 3316 praeter
257 3253 310 3302 alia
331 3254 363 3303 cf.
387 3255 434 3318 φεῦ
457 3254 503 3320 τῆς
520 3252 706 3320 τιρατολορίας·
729 3248 900 3320 εὐδαιμονοίην
923 3250 952 3303 ἂν
970 3252 992 3304 al
1009 3251 1123 3321 κάμηλος
1142 3250 1158 3320 ἡ
1177 3250 1290 3320 μεμβρὰς
1308 3249 1324 3320 ἡ
1343 3249 1441 3308 κολοιὸς
1458 3267 1497 3319 γε·

138 3338 176 3389 roi
197 3355 236 3389 rr.

177 3357 219 3455 μιῑ
238 3428 283 3476 τοῦ
302 3424 378 3494 ὑγροῦ
396 3424 564 3494 πρεσβυτέραν
582 3426 663 3496 ἀρχὴν
680 3427 740 3479 river
752 3426 817 3495 λέγει
829 3427 875 3495 τὴν
888 3425 964 3479 ἀίδιον
977 3427 1072 3496 κίνησιν
1084 3431 1120 3478 its
1131 3429 1259 3478 intellexit
1270 3429 1384 3478 Zellerus
1397 3425 1422 3478 1⁴
1436 3425 1500 3480 205²

135 3523 163 3563 ut
182 3514 227 3563 τοῦ
245 3510 321 3580 ὑγροῦ
339 3515 373 3564 sd
391 3516 474 3578 ipsum
493 3517 718 3567 Anaximandrum
736 3517 849 3567 referret.
873 3516 920 3567 sed
937 3523 1037 3581 spectat
1054 3517 1087 3568 sd
1106 3516 1222 3566 Thaletis
1241 3517 1401 3580 principium.
1420 3516 1497 3565 mira·

136 3601 230 3650 hiliora
248 3601 467 3652 Teichmuellerus
485 3601 559 3653 Stud.
578 3618 600 3652 z.
619 3602 713 3655 Gesoh.
732 3604 757 3654 d.
775 3603 856 3668 Begr.
875 3620 902 3668 p.
918 3597 949 3654 9⁴
965 3603 1080 3668 protulit.
