3442 5588
634 342 909 396 rnonuoounns
1388 343 1450 408 159

175 512 272 577 quat
294 511 357 576 hoo
378 510 451 576 loeo
473 516 617 576 nostram
639 510 682 577 de
695 508 828 575 Eusebii
851 508 1015 577 codicibus
1029 512 1224 577 sententiam
1238 511 1393 596 proferre,
1416 518 1451 576 ut

85 618 202 679 votum
224 632 324 697 supra
345 633 377 696 p.
392 614 434 678 43
457 617 642 695 susceptum
665 611 838 676 solvamus.
877 618 1004 678 constat
1025 633 1085 679 nee
1105 612 1324 679 Gaisfordium
1347 613 1451 698 potuit

87 712 207 782 labere
222 714 366 781 eodieem
380 713 410 778 Α
424 719 460 779 ut
475 712 734 797 antiquissimum
748 712 794 778 ita
809 711 963 796 optimum
979 733 1051 780 osse
1065 714 1191 781 librum.
1219 717 1277 783 sed
1289 737 1356 781 non
1369 713 1452 782 vidit

87 836 131 883 ex
153 816 269 884 eodem
292 815 472 900 exemplari
493 816 580 882 unde
594 816 633 901 A,
655 816 714 882 sed
735 813 872 881 subinde
895 814 1077 898 religiosius
1098 817 1294 902 desoriptum
1316 837 1388 883 esse
1409 818 1449 883 H.
1535 890 1543 899 ,

88 916 178 1000 quod
198 936 260 983 nos
281 916 411 984 edoouit
433 916 472 982 G.
495 915 683 982 Dindorfius
705 917 839 984 editioni
861 937 941 984 suae
963 917 1129 1000 praefatus
1150 940 1182 1003 p.
1198 939 1232 981 v1
1244 939 1312 1002 sqq.
1346 919 1451 985 altera
1517 956 1519 961 ·

87 1019 215 1087 familia
236 1018 459 1105 complectitur
480 1018 579 1085 libros
603 1017 699 1085 OGD
715 1055 757 1066 -
771 1019 889 1085 namF
906 1040 946 1086 en
962 1019 991 1085 G
1006 1019 1187 1104 descriptus
1208 1020 1345 1087 videtur.
1374 1019 1451 1085 boni

88 1129 166 1189 sunt
189 1121 262 1207 OG,
284 1120 401 1188 futtilis
424 1120 680 1204 coniecturisque
706 1129 739 1188 et
766 1141 807 1188 ex
829 1121 1003 1188 Plutarcho
1025 1122 1258 1206 supplementis
1279 1121 1452 1206 interpola-

87 1231 142 1291 tus
155 1225 198 1290 D.
219 1221 317 1290 tertia
330 1220 445 1288 elassis
460 1222 603 1289 continet
619 1221 746 1291 oodioes
761 1224 856 1307 BEI,
878 1221 1011 1289 inferior
1025 1223 1130 1307 prima
1144 1224 1306 1290 etaltera.
1327 1223 1374 1290 sio
1389 1244 1450 1308 ego

87 1328 220 1395 codices
235 1333 323 1392 taxo.
346 1324 442 1391 aliter
457 1324 496 1390 G.
510 1323 660 1391 Wolffius
674 1326 848 1413 Porphyrii
870 1326 911 1391 de
932 1325 1138 1410 philosophia
1160 1346 1200 1392 ex
1224 1328 1344 1392 oracul.
1359 1327 1450 1392 baur.

86 1429 162 1497 libr.
173 1429 287 1513 reliqu.
303 1447 335 1512 p.
347 1429 420 1494 103.
442 1427 471 1494 is
486 1426 581 1494 Bos
598 1428 784 1512 complexus
796 1427 899 1494 oodiei
910 1429 926 1493 I
937 1428 1133 1513 poeuliarem
1144 1430 1250 1495 locum
1261 1429 1450 1513 assignavit

87 1551 187 1616 quem
209 1537 339 1599 secutus
363 1536 414 1596 est
435 1530 475 1596 G.
490 1527 687 1595 Dindorfius.
719 1529 895 1596 novissime
917 1537 949 1596 et
970 1529 1178 1597 subtilissime
1200 1536 1236 1596 ut
1257 1532 1340 1598 solet
1353 1531 1452 1598 Freu-
1542 1578 1547 1587 .

87 1633 279 1701 dentbalius
300 1630 482 1719 [Hellenist.
500 1631 593 1698 Stnd.
616 1651 648 1715 p.
666 1631 726 1696 199
737 1630 818 1720 squ}
847 1652 915 1699 rem
940 1632 1048 1699 denuo
1070 1632 1239 1710 Qtraotavit.
1281 1633 1311 1698 is
1336 1632 1452 1699 notitia

90 1735 136 1802 de
157 1734 260 1801 oodio.
286 1735 447 1801 Vossiano
471 1734 531 1799 197
556 1731 666 1816 [simili
685 1731 756 1820 ΕΙ]
779 1742 812 1802 et
833 1736 991 1802 Vaticano
1015 1733 1099 1801 1303
1120 1754 1145 1800 s.
1161 1735 1223 1801 XV
1245 1732 1353 1822 [simili
1374 1734 1451 1824 Gn]

87 1836 206 1903 addita
226 1837 365 1922 primum
390 1838 417 1902 Ε
439 1856 480 1904 ex
497 1837 524 1919 Ι,
546 1835 573 1900 F
597 1856 637 1903 eu
652 1835 683 1903 G
697 1835 877 1923 descriptos
896 1837 1039 1920 negavit.
1072 1837 1144 1921 ipso
1165 1843 1275 1903 tamen
1297 1836 1359 1904 boo
1380 1858 1452 1921 pro

87 1939 165 2005 tulit
186 1939 336 2006 codicum
358 1945 489 2024 praeter
510 1937 575 2004 ΑΗ
597 1943 733 2005 stemma

88 2829 166 2896 hine
193 2828 410 2915 principatum
431 2829 448 2894 I
470 2848 541 2895 oum
563 2829 591 2894 E
614 2826 739 2911 obtulit,
762 2823 855 2892 GGF
878 2826 1020 2892 seeundo
1044 2828 1115 2893 looo
1136 2828 1318 2915 collocavit,
1341 2832 1378 2915 B,
1400 2834 1452 2899 oui

87 2933 120 3000 D
136 2933 239 3018 paulo
255 2938 447 3017 praestaret,
462 2930 497 2996 in
511 2929 658 2995 ultimum
672 2929 779 2995 locum
794 2932 830 2992 ut
844 2927 1073 3012 interpolatum
1089 2936 1121 2995 et
1135 2935 1317 2997 truncatum
1331 2933 1452 3002 reiecit.

87 3042 206 3102 neuter
233 3034 314 3100 mihi
339 3054 452 3101 verum
480 3032 655 3099 adsecutus
683 3031 820 3097 videtur.
863 3029 945 3095 illud
972 3030 1102 3113 quidem
1128 3031 1215 3099 unde
1242 3035 1378 3118 quisque
1399 3037 1454 3103 de

87 3138 231 3222 scriptus
263 3136 321 3222 sit,
352 3135 512 3219 integrum
543 3154 617 3202 esse
642 3134 748 3200 iubeo.
792 3131 945 3216 expediet
974 3139 1084 3199 antem
1116 3134 1170 3217 qui
1201 3135 1291 3219 ipsos
1325 3139 1452 3207 codices

86 3238 280 3325 inspexerit
323 3238 459 3305 forsitan
481 3237 512 3303 ei
532 3237 610 3322 looi,
638 3237 692 3319 qui
714 3233 1001 3303 Frendentbalium
1022 3236 1056 3302 in
1079 3255 1171 3301 suam
1194 3237 1378 3322 opinionem
1400 3241 1454 3307 de·

87 3341 268 3427 duxerant,
294 3341 505 3424 neglegenter
525 3339 560 3405 in
582 3338 814 3405 Gaisfordiona
838 3337 942 3403 notati
964 3337 1180 3405 inveniantur.
1223 3341 1321 3408 venia
1343 3350 1452 3410 autom

87 3443 202 3510 danda
224 3451 275 3511 est
295 3443 468 3528 unicuique
489 3442 544 3526 qui
564 3441 651 3508 illius
672 3448 834 3526 apparatu
855 3439 951 3506 nixus
972 3461 1103 3507 manum
1125 3444 1325 3511 recensendo
1344 3445 1454 3512 edmo-

87 3552 181 3612 turus
202 3553 263 3612 est
306 3546 390 3614 adeo
419 3553 453 3613 et
477 3545 533 3612 ille
559 3543 704 3611 eodioum
733 3543 829 3610 crisin
856 3541 1049 3626 subterfugit
1076 3551 1109 3612 et
1136 3544 1245 3628 quiin
1267 3546 1338 3612 eius
1360 3568 1452 3613 usum

87 3649 296 3717 contulerunt
320 3647 571 3715 accurationem.
594 3646 602 3678 ¹
648 3653 684 3712 ut
704 3653 815 3713 tamon
842 3664 947 3711 meam
978 3644 1162 3729 opinionem
1184 3647 1368 3714 eonfirmem
1392 3650 1454 3733 pri-

89 3771 177 3816 mum
197 3771 362 3837 apponam
385 3751 446 3817 XV
469 3751 510 3816 23
522 3769 570 3832 sq.
604 3746 659 3813 ubi
680 3747 814 3814 Placitis
836 3747 1032 3831 comparatis
1057 3747 1099 3815 de
1120 3769 1200 3816 vora
1221 3750 1362 3819 lectione
1384 3751 1453 3819 fere

90 3871 265 3936 numquam
287 3853 460 3922 dubitabis.

132 3954 193 4020 XV
216 3955 258 4021 23

174 4057 367 4143 inpermissa<
390 4055 521 4124 CDFG
544 4056 604 4139 [sic
626 4054 832 4137 Plutarchus]
1125 4056 1345 4141 &apostostoli

175 4163 430 4244 προσονομάζομν
454 4158 586 4224 CDFG
608 4163 695 4224 recte
1125 4160 1197 4244 πρὸς
1224 4161 1402 4242 ὀνομάζομεν
1424 4159 1452 4223 Β

1151 4266 1214 4332 πῶς
1230 4262 1409 4345 ὀνομάζομεν
1424 4262 1452 4326 Ε

174 4363 343 4447 ἀνταύγειαν
364 4364 437 4429 εἶναι
459 4368 512 4426 τοῦ
534 4362 599 4447 περὶ
622 4362 674 4445 τὴν
696 4366 750 4445 γῆν
773 4360 871 4427 ceteri
894 4359 977 4425 esil.
1131 4361 1238 4428 omiss.
1262 4362 1320 4428 ΒΕ

120 4465 155 4530 ll
174 4465 238 4531 ἴσον
260 4466 333 4530 εἶναι
356 4465 456 4531 ceteri
477 4464 561 4530 esil.
586 4462 644 4550 [sie
666 4460 762 4547 Plus]
1130 4463 1203 4527 εἶναι
1223 4463 1286 4528 ἴσον
1309 4462 1357 4527 ΒΙ

167 4756 175 4788 ¹
190 4758 240 4808 boc
254 4761 381 4824 exipsius
399 4760 484 4811 verbis
503 4763 581 4821 patet.
595 4756 666 4804 velut
683 4763 700 4803 t.
712 4755 754 4804 111
771 4771 796 4818 p.
808 4749 882 4807 486(Ι
902 4751 999 4804 ἐστι-
1013 4749 1106 4818 κόσμος
1119 4767 1168 4802 om.
1182 4754 1237 4803 OD
1252 4751 1291 4816 [ot
1302 4751 1338 4816 B]
1351 4760 1376 4803 ct
1389 4751 1453 4802 baec

115 4839 239 4894 breuius
250 4843 377 4897 videntur
389 4844 426 4911 (l)
440 4844 552 4897 editores
565 4857 597 4893 ca
608 4839 759 4894 Plutarcho.
788 4857 844 4890 cum
856 4842 888 4890 de
908 4843 998 4890 <esteris
1018 4840 1082 4890 nibil
1100 4840 1170 4890 dicat
1188 4841 1326 4901 codicibus,
1345 4846 1453 4903 apparet

115 4943 175 4992 quan
189 4932 269 4984 fallax
288 4936 322 4983 sit
340 4948 354 4982 e
373 4934 500 4984 sententio
518 4930 649 4981 iudicium.
685 4930 754 4981 idem
772 4929 910 4979 manifesto
929 4934 1036 4995 apparet
1055 4943 1079 4991 p.
1092 4925 1144 4980 483
1163 4945 1183 4978 s.
1203 4945 1227 4977 v.
1246 4924 1342 4994 μήλιος.
