3464 5586
280 314 343 380 208
553 316 618 365 XVI
656 315 704 364 DE
724 316 827 365 anun
844 316 1081 367 PLAClTORUM
1100 315 1372 367 COMPOSITIONE

281 482 424 550 Pollucis
438 479 581 548 lontibus
596 481 823 566 quaestionum
839 480 1010 548 corollario
1025 487 1114 548 recte
1130 479 1337 548 observatum
1357 487 1408 548 est
1428 503 1460 566 p.
1472 483 1515 549 85
1537 503 1644 567 panea

280 585 314 651 in
337 583 526 651 onomastici
547 584 651 652 altero
674 582 757 651 libro
780 603 799 649 e
822 582 938 650 Sorani
960 581 1165 669 etymologiis
1186 582 1342 664 decerpta
1363 604 1444 652 esse.
1479 583 1539 651 sed
1560 584 1643 654 haec

281 687 338 753 ille
363 687 454 753 alind
475 706 577 770 agens
599 686 688 754 lento
710 685 862 753 bracchio
886 685 1060 770 quaesivit,
1087 702 1172 768 quae
1198 684 1307 753 denuo
1330 693 1425 754 erunt
1445 686 1644 757 auctioribus

281 788 434 857 subsidiis
454 789 695 873 pertractanda.
740 809 845 873 neque
867 788 953 854 eninr
979 788 1024 855 ad
1044 806 1175 853 manum
1197 793 1275 855 tunc
1296 795 1390 856 erant
1411 789 1528 859 Milleri
1550 812 1570 858 e
1592 813 1644 860 co

281 892 353 958 dice
368 891 559 957 Florentino
574 889 789 977 Etymologiei
811 891 1047 976 supplementa,
1069 889 1157 955 unde
1178 889 1304 957 Sorano
1327 911 1456 976 quoque
1477 915 1544 962 non
1561 895 1645 962 nihil

281 993 408 1060 affluxit
421 1013 482 1060 nec
497 992 620 1060 Meletii
636 992 787 1059 monachi
801 993 843 1059 de
857 999 974 1060 natura
989 990 1127 1059 hominis
1142 991 1300 1077 synopsin
1315 994 1416 1080 novit,
1433 1016 1497 1079 quo
1511 1005 1644 1082 praeter

280 1096 468 1165 Nemesium
498 1102 531 1163 et
557 1095 715 1162 Basiliam
743 1094 860 1162 Sorani
887 1094 1013 1178 integer
1041 1114 1147 1179 paene
1173 1093 1302 1161 libellus
1334 1097 1420 1163 male
1446 1098 1645 1168 dilaceratus

281 1200 424 1268 intentus
451 1204 502 1267 est
529 1196 582 1280 [cl.
605 1197 647 1264 de
669 1196 787 1264 Galeni
810 1196 921 1263 histor.
944 1195 1024 1280 phil.
1046 1202 1127 1263 sent
1152 1202 1253 1262 contr.
1276 1197 1329 1280 V].
1373 1197 1449 1266 hinc
1470 1199 1568 1284 igitur
1588 1203 1645 1270 ad·

282 1302 371 1370 scitis
398 1299 526 1368 Orionis
555 1298 732 1386 etymologi
761 1298 942 1384 conspicuis
967 1297 1157 1382 fragmentis
1189 1298 1242 1382 [el.
1265 1298 1373 1366 Kleist
1400 1301 1442 1370 de
1472 1303 1645 1373 Philoxeni

282 1405 367 1471 stud.
391 1400 523 1490 etymol.
547 1400 672 1487 Gryph.
689 1402 773 1468 1865
795 1424 826 1488 p.
844 1403 885 1468 16
897 1402 959 1486 sq.]
996 1400 1114 1468 Sorani
1137 1401 1352 1487 etymologias
1374 1409 1409 1469 ut
1430 1402 1559 1489 ineptas
1577 1406 1645 1490 plc-

281 1527 416 1591 rnmqne
438 1525 528 1572 more
550 1510 696 1572 veterum
716 1504 765 1570 ita
786 1503 929 1590 optimae
951 1503 1140 1571 eruditionis
1162 1502 1416 1571 refertissimas¹
1438 1504 1535 1573 facile
1553 1507 1645 1575 resti·

281 1618 373 1678 tuere
395 1605 514 1674 licebit.
548 1626 611 1690 quo
633 1605 721 1672 facto
743 1605 813 1673 iore
835 1612 871 1671 ut
892 1606 934 1672 de
956 1606 1090 1673 Polluce
1112 1625 1240 1690 quoque
1255 1606 1374 1674 certius
1389 1607 1525 1674 iudicari
1540 1609 1645 1693 possit

281 1713 358 1780 scio.
403 1709 462 1776 sed
494 1708 557 1775 hoc
588 1706 680 1775 alias.
726 1715 853 1775 constat
886 1713 919 1776 et
955 1708 999 1776 ab
1030 1708 1165 1777 Rohdeo
1198 1707 1398 1776 intellectum
1431 1715 1481 1776 est
1513 1717 1645 1794 praeter

281 1811 465 1881 Aristotelis
493 1810 535 1877 de
560 1808 698 1879 historia
718 1810 907 1877 animalium
928 1810 1029 1878 libros
1051 1819 1085 1880 et
1104 1810 1279 1896 praecipue
1299 1810 1370 1878 Rufi
1392 1812 1458 1898 περὶ
1483 1813 1642 1896 ὀνομασίας

280 1922 332 1983 τοῦ
354 1911 537 2001 ἀνθρώπουι
558 1911 614 1979 vin
634 1912 809 1999 quidquam
822 1913 952 1982 alienae
968 1913 1100 1998 originis
1112 1912 1303 1981 arcessitum
1317 1932 1390 1981 esse
1404 1912 1467 1980 nisi
1483 1913 1642 1985 Soranos.

280 2039 358 2104 ergo
379 2018 437 2084 illo
460 2017 531 2082 loco
553 2034 626 2081 eum
647 2015 689 2081 de
711 2016 837 2084 Sorano
864 2036 907 2085 ex
927 2016 1127 2085 Tertulliano
1148 2036 1177 2084 c.
1193 2016 1234 2082 15
1257 2021 1383 2083 constet
1408 2019 1443 2082 et
1463 2015 1535 2083 Rufi
1556 2018 1641 2086 ratio

281 2120 470 2202 abhorreat,
493 2123 582 2185 certo
606 2116 723 2185 certius
745 2118 888 2187 Pollucis
909 2118 1031 2185 lenam
1060 2120 1264 2204 exploratum
1287 2115 1454 2185 habemus.
1499 2138 1570 2186 moa
1593 2128 1644 2188 est

283 2224 408 2290 Sorano
431 2220 612 2287 conlectam
634 2221 848 2289 eruditionem
862 2220 968 2289 ubivis
983 2220 1161 2289 venditare.
1190 2220 1276 2287 unde
1290 2238 1375 2303 quae
1389 2218 1423 2285 in
1438 2220 1644 2306 etymologiis

281 2321 448 2410 proposita
470 2328 540 2388 erat
563 2325 674 2408 μήτρας
695 2323 786 2389 vocis
808 2322 979 2406 originatio
1000 2324 1117 2391 iterum
1139 2326 1277 2407 apparet
1301 2321 1336 2387 in
1362 2326 1434 2388 arte
1456 2320 1645 2392 obstetricia
1697 2360 1702 2367 ·

281 2425 344 2514 [ed.
372 2423 453 2490 Dion
483 2426 551 2506 μιν
581 2422 621 2491 cl.
645 2425 710 2509 περὶ
741 2427 852 2510 μήτρας
880 2425 995 2493 Rohdo
1025 2447 1057 2510 p.
1073 2421 1136 2511 86].
1180 2423 1240 2490 sed
1272 2429 1322 2490 est
1354 2422 1496 2490 Pollucis
1528 2427 1645 2511 ecloga

280 2527 379 2613 paulo
401 2525 596 2592 contractior
617 2546 684 2594 nou
704 2526 809 2592 solum
829 2527 865 2593 in
879 2528 989 2597 verbis
1010 2528 1070 2595 sed
1089 2525 1187 2593 etiam
1202 2525 1230 2591 si
1244 2525 1479 2593 Tertullianum
1494 2528 1644 2597 conferas

280 2631 315 2696 in
338 2626 552 2714 opinionibus.
597 2646 696 2693 unum
717 2634 828 2695 tamen
850 2650 892 2697 ex
912 2630 991 2715 luga
1011 2630 1087 2697 licet
1109 2647 1273 2697 revocare.
1316 2649 1393 2696 nam
1415 2629 1503 2714 quod
1524 2630 1643 2697 Pollux

280 2732 369 2799 1146
392 2730 433 2797 de
455 2729 616 2797 cerebello
638 2729 875 2818 (παρεγκεφαλίς)
898 2733 976 2801 dicit
997 2735 1126 2799 καλεῖται
1150 2731 1183 2794 δὲ
1204 2731 1253 2795 καὶ
1275 2731 1420 2818 ἑπικρανίς
1440 2750 1507 2797 nen
1529 2731 1642 2801 dubito

281 2855 322 2902 ex
349 2832 466 2900 Sorani
492 2832 535 2900 de
563 2832 760 2901 Erasistrato
791 2835 865 2902 loco
895 2835 972 2920 quin
999 2834 1134 2919 petitum
1160 2832 1239 2900 sit.⁸
1282 2834 1358 2899 licet
1384 2832 1459 2897 hinc
1488 2832 1576 2900 aetii
1597 2834 1645 2901 in·

281 2934 469 3003 credibilem
500 2955 643 3005 errorem
673 2937 834 3021 castigare
867 2943 901 3003 et
933 2936 1076 3003 Sorano·
1091 2936 1174 3002 duce
1208 2935 1393 3001 emendare.
1437 2935 1645 3002 consentiunt

281 3036 475 3103 Plutarchus
497 3043 530 3104 et
551 3037 777 3105 Theodoretns
791 3039 1023 3105 Erasistratum
1044 3038 1144 3104 animi
1168 3037 1279 3104 sedem
1302 3037 1481 3105 collocasse
1502 3039 1567 3123 cepi
1588 3039 1643 3124 τήν

282 3143 404 3224 μήνιγγα
433 3143 485 3202 τοῦ
512 3139 673 3225 ἐγκεφαλου
702 3143 738 3225 ἣν
768 3143 816 3205 καὶ
844 3140 1011 3225 ἐπικρανίδα
1038 3141 1114 3225 λέγει
1143 3137 1390 3227 [Theodoretusz
1424 3139 1489 3225 περὶ
1509 3140 1563 3225 τὴν
1589 3145 1642 3206 τοῦ

282 3243 443 3326 ἐγκεφάλου
467 3245 591 3326 μήνιγγα
613 3239 695 3328 ccl-l.
741 3243 768 3308 si
795 3242 866 3326 quis
887 3262 964 3307 num
986 3241 1130 3309 medicus
1150 3240 1248 3308 fuerit
1268 3241 1382 3307 Abdus
1405 3239 1558 3326 haesitet,
1582 3241 1645 3309 hcc

281 3366 345 3412 nnc
378 3343 451 3410 loco
484 3363 612 3410 omnem
639 3344 875 3413 dubitationem
904 3343 1049 3429 profligo.
1094 3342 1203 3422 Quid?
1236 3343 1396 3411 medicum
1428 3349 1496 3410 tanr
1529 3344 1642 3412 rudem

279 3448 380 3514 fnisse
402 3443 517 3529 credis,
539 3449 673 3526 utpium
695 3459 824 3513 matrem
844 3468 917 3514 cum
939 3445 1100 3514 cerebello
1116 3445 1351 3513 confunderet?
1372 3445 1539 3513 cerebrum
1554 3445 1641 3513 enim

282 3549 409 3617 duabus
423 3546 626 3634 ¹membranis
648 3549 802 3638 (μήνιγξιν)
825 3549 983 3617 contineri
1004 3552 1141 3631 constat,
1165 3567 1300 3632 quarum
1315 3550 1452 3615 alteram
1471 3547 1591 3615 circum
1606 3567 1644 3614 os

280 3652 471 3719 validiorem
493 3649 621 3736 (duram
643 3659 778 3718 matrem
800 3650 933 3738 vocant)
955 3651 1092 3718 alteram
1115 3650 1233 3717 circum
1249 3650 1416 3718 cerebrum
1436 3648 1643 3718 infirmiorem

281 3774 354 3823 esse
376 3754 495 3820 docent
516 3751 617 3838 (piam
640 3761 776 3822 matrem
797 3755 851 3822 vel
874 3756 997 3839 μήνιγγα
1018 3752 1080 3819 κατ’
1101 3752 1231 3839 ἑξοχήν),
1254 3752 1294 3819 ci.
1317 3750 1419 3819 Rufus
1440 3754 1529 3836 p.40
1544 3752 1642 3818 Turn.

281 3856 405 3939 antiqui
432 3856 522 3922 velut
543 3854 758 3939 Hippocrates
780 3859 845 3943 περὶ
866 3861 981 3942 σαρκῶν
999 3856 1010 3888 ⁴
1037 3862 1070 3922 et
1091 3854 1306 3939 Empedocles
1327 3874 1358 3920 v.
1382 3854 1445 3920 322
1465 3852 1513 3920 st.
1543 3853 1643 3921 etiam

354 4027 361 4056 ¹
381 4028 496 4079 Soranus
515 4045 530 4078 a
547 4031 643 4080 'Paetus
661 4046 762 4095 exeges.
781 4035 809 4082 in
827 4033 858 4083 ll.
877 4050 902 4098 p.
920 4030 968 4085 126
979 4033 1012 4082 Η.
1030 4031 1150 4081 landatur
1168 4032 1194 4080 in
1212 4031 1250 4080 eis
1269 4030 1312 4093 qni
1334 4029 1380 4097 τῆς
1394 4022 1533 4097 Ὁμηρικῆς
1554 4026 1644 4096 leupo

282 4113 365 4183 λογίας
383 4110 581 4184 ἐπιμιλήθνγσαν.

356 4198 479 4254 'Rufum
502 4210 561 4268 post
584 4205 724 4269 Hauptinm
749 4207 838 4257 Herm.
855 4201 965 4256 111224
988 4205 1111 4256 Rchdens
1135 4214 1203 4257 reete
1232 4204 1393 4255 monstravit.
1429 4203 1489 4255 aar
1515 4206 1644 4269 epitomis,

281 4291 349 4341 unde
369 4293 497 4355 integrum
517 4302 582 4355 opus
601 4292 742 4354 aliquando
762 4294 946 4344 restituendum
964 4294 1022 4354 erit,
1041 4302 1142 4357 praeter
1160 4293 1243 4343 editas
1262 4292 1325 4341 duas
1344 4298 1370 4340 et
1387 4290 1501 4342 Pollucis
1523 4300 1646 4357 excerpta

281 4376 386 4440 [Rohde
402 4394 428 4443 p.
442 4376 489 4441 87]
508 4379 585 4427 etiam
607 4373 784 4445 ὀνοματοποιία
808 4381 854 4448 τῆς
877 4381 922 4430 τοῦ
941 4374 1076 4447 ἀνθρώπου
1093 4374 1190 4436 θέσεως
1207 4379 1327 4430 addenda
1345 4385 1391 4440 eat,
1410 4392 1487 4441 quam
1505 4394 1538 4429 ex
1556 4379 1646 4429 codice

282 4465 404 4515 Palatino
425 4465 512 4515 Vatic.
531 4461 583 4515 302
601 4481 621 4515 s.
640 4465 705 4515 XVI
724 4466 804 4517 chart.
822 4467 840 4517 l.
853 4466 904 4520 84¹
927 4468 1080 4532 descriptam
1103 4466 1196 4518 habeo.
1224 4468 1333 4517 alterurn
1360 4465 1504 4530 exemplum
1530 4465 1645 4516 Colonn.

280 4568 306 4601 n.
322 4549 363 4614 la,
381 4554 452 4601 cuins
470 4553 585 4602 meminit
602 4553 763 4618 Daremberg
779 4562 834 4605 not.
852 4563 878 4604 et
895 4563 960 4606 extr.
972 4555 986 4605 1
998 4571 1024 4620 p.
1039 4551 1099 4617 125,
1119 4555 1226 4617 Romae,
1245 4555 1362 4604 invenlre
1383 4566 1437 4603 non
1455 4554 1573 4616 contigit

351 4635 362 4669 ³
380 4640 458 4689 immo
476 4647 573 4689 certum
592 4647 640 4700 est,
659 4655 717 4689 cunr
729 4640 849 4691 Meletins
868 4659 893 4707 p.
906 4639 949 4703 54,
962 4640 993 4694 18
1012 4642 1055 4692 Cr.
1075 4642 1169 4692 habeat
1187 4637 1261 4707 καλή
1279 4634 1462 4708 παριγιιιφαλλς
1479 4636 1511 4706 ὴν
1528 4637 1573 4688 καλ
1591 4635 1643 4689 lct-
1725 4694 1728 4699 .

281 4721 385 4793 κρανίδα
405 4723 493 4787 [codd.
511 4722 692 4794 ucpcapcvibc,
711 4726 733 4776 C
751 4725 945 4796 παρεγκρανίδα]
963 4724 1089 4778 καλοῦσιν.

351 4809 361 4841 ⁴
380 4812 425 4861 scd
447 4817 551 4879 propria
573 4816 615 4864 vel
639 4814 677 4863 illi
700 4813 830 4864 distinctio
855 4823 963 4865 constat
986 4816 1018 4864 de
1041 4816 1091 4864 loc.
1114 4814 1183 4864 honr.
1207 4809 1454 4880 a[v1p.2801..]
1477 4811 1593 4882 palpans<
1615 4809 1642 4863 ὄλ

280 4896 323 4949 δι’νο
342 4895 449 4950 ciolred
467 4898 605 4968 ἐγκεφάλου
623 4898 640 4967 ἡ
659 4898 704 4966 μέν
723 4897 808 4950 ἐπάνω
826 4899 965 4969 παχυτέρη,
982 4898 999 4968 ἡ
1018 4896 1044 4950 el
1062 4897 1142 4967 λεπτὴ
1160 4903 1206 4951 τοῦ
1224 4898 1363 4969 ἐγκεφάλου
1381 4898 1519 4968 ἁπτομένη.
