3464 5586
187 316 249 378 124
294 320 332 367 lX
361 319 409 367 DE
429 319 685 369 'l’llEtll‘llltAS'll
706 320 915 369 thlNlONUM
937 320 1035 369 APUD
1056 320 1264 370 CICERONEM
1284 319 1464 374 vusrlells

184 487 257 552 liter
285 488 427 553 Velleius
454 487 577 572 profert
597 489 613 553 I
636 489 677 553 18
697 497 731 550 46
760 488 800 552 19
815 501 859 554 49.
905 509 980 554 nom
1015 491 1141 552 deorum
1176 497 1322 550 recturam
1353 510 1433 572 qrroc
1465 493 1545 554 ima-

183 593 270 672 9tues
301 592 414 671 frendet
446 612 485 655 oc
518 595 617 655 mittat
649 591 682 675 (ξ
705 589 760 676 29)
794 593 890 658 etiam
923 591 1074 676 Epicurei
1108 590 1343 673 adgnoverunt.
1393 598 1425 657 et
1459 594 1546 675 quod

184 695 334 774 imopiues
367 697 400 757 in
433 697 560 758 deorum
593 716 719 758 urrmero
752 697 861 776 refert,
901 696 962 760 hoc
995 693 1145 778 Epicurei
1180 694 1310 775 quidem
1343 702 1546 781 respuerunt,

185 802 219 859 at
246 795 359 861 Cicero
386 798 601 881 compluriens
629 797 867 880 huncquoque
895 797 1074 862 doctrinam
1095 796 1263 879 Epicureis
1291 796 1412 863 tribuit.
1449 799 1547 881 quid?

184 899 270 980 qrrod
297 906 466 982 utrumque
493 906 607 985 postea
630 900 766 963 113076
789 899 967 964 coniunxit:
1002 901 1174 980 rependum
1203 910 1246 962 est
1273 920 1341 962 erse
1368 902 1442 964 deor
1469 923 1547 984 quoe

185 1013 213 1064 et
243 1005 437 1066 Democritus
469 1004 640 1066 simrrtocro
673 1013 701 1065 et
733 1003 889 1082 Epicurus
924 1005 1074 1083 imopiuer
1107 1004 1254 1065 iudrrcens
1286 1005 1422 1084 quodam
1452 1014 1547 1086 pecto

185 1115 284 1186 nepot.
330 1106 369 1170 cs.
399 1104 558 1170 Hirnelius
586 1106 606 1170 l.
628 1125 655 1169 c.
678 1126 709 1187 p.
731 1105 773 1168 70
789 1126 836 1188 sq.
885 1111 1011 1170 tantum
1040 1111 1167 1170 constat
1194 1105 1395 1170 conviciandi
1429 1107 1546 1174 ardore

185 1227 226 1271 ne
252 1207 393 1273 sensisse
425 1206 554 1289 quiidem
584 1227 680 1291 quam
710 1207 822 1290 inepta
852 1213 884 1272 et
917 1207 978 1273 sibi
1011 1206 1189 1291 pugnantia
1221 1207 1346 1274 Velleio
1380 1207 1545 1276 tribueret.

184 1309 455 1392 Xenophontis
471 1310 655 1393 opinionem
677 1309 947 1393 quemadmodum
962 1308 1150 1393 corruperit,
1172 1309 1265 1375 nohis
1280 1330 1320 1376 ex
1336 1311 1405 1376 eius
1420 1311 1548 1396 scriptis

185 1419 284 1496 patet.
330 1412 494 1479 Ciceronis
521 1432 595 1478 esse
621 1433 747 1478 omnem
780 1410 907 1495 culpam
930 1432 972 1477 ex
993 1411 1173 1494 fragmento
1197 1411 1377 1478 Philodemi
1401 1433 1426 1478 c.
1444 1412 1484 1478 6‘l
1509 1417 1545 1480 l·

186 1536 215 1598 p.
234 1516 283 1579 71.
309 1517 349 1580 72
380 1523 490 1581 nostro
519 1515 588 1582 iure
614 1515 846 1581 contendimus.
890 1534 965 1579 nam
993 1513 1049 1579 ille
1077 1515 1279 1593 paucioribus
1308 1515 1410 1579 verbis
1439 1517 1546 1583 Xeno·

185 1617 315 1701 phontis
337 1618 530 1683 sententiam
553 1639 618 1683 non
641 1617 801 1702 excerpsit
824 1618 881 1683 sed
904 1613 1094 1702 amputavit,
1117 1615 1173 1682 ille
1196 1616 1409 1701 sesquialtera
1424 1621 1546 1703 pagina

184 1719 440 1785 Memorabilium
462 1722 567 1786 locum
591 1719 752 1804 explicate
774 1720 969 1786 reddiderat.
988 1720 995 1750 ¹
1041 1717 1206 1804 utriusque
1233 1719 1330 1787 fidem
1353 1741 1393 1787 ex
1416 1721 1479 1787 hac
1500 1728 1547 1788 ta-

183 1823 260 1887 bule
280 1844 456 1906 cognosces

205 1933 413 2017 Xenophont.
428 1934 526 1999 lvru
545 1944 575 1997 13
623 1938 626 2051 l
693 1934 871 2000 Philoclem.
890 1955 921 2016 p.
936 1932 1025 2000 llG.
1097 1935 1100 2087 Ι
1228 1931 1341 1997 Cicero
1365 1935 1452 2013 §eu

184 2037 285 2100 ...du
309 2040 350 2121 μὴ
373 2039 519 2121 ἀναμένῃς
542 2039 598 2108 ἕως
623 2068 626 2117 p
650 2039 707 2125 οὐχ
740 2038 867 2121 ὁρᾶσθαί
898 2058 984 2122 φησιν
1016 2042 1068 2101 τοῦ
1097 2092 1100 2103 ,
1127 2038 1261 2118 formum
1284 2036 1334 2098 det
1356 2041 1465 2117 quaeri
1482 2059 1545 2102 nou

184 2139 217 2202 ἂν
241 2141 291 2208 τὰς
315 2141 598 2225 succensebam
623 2130 626 2231 i
651 2143 721 2205 θεοῦ
748 2143 801 2225 τὴν
832 2143 960 2226 μορφήν,
993 2141 1068 2203 ἀλλὰ
1129 2150 1270 2221 oportere

185 2241 260 2324 ἴδῃς,
283 2243 342 2306 ἀλλ’
371 2243 478 2328 ἐξαρκῇ
498 2265 544 2308 σοι
562 2245 598 2306 τὰ
624 2234 627 2339 f
650 2244 740 2329 τᾶργα
779 2285 949 2306 ·····
988 2244 1068 2325 ὅμως

184 2343 253 2428 ἔργα
276 2348 372 2409 αὐτῶν
396 2350 500 2429 ὁρῶντι
520 2347 598 2432 σέβε-
624 2358 627 2397 Ι
651 2346 723 2410 εἶναι

183 2449 252 2512 otico
268 2451 316 2513 καὶ
331 2455 416 2532 τιμᾶν
431 2450 497 2518 τοὺς
513 2450 599 2518 θεοὺς
625 2490 627 2525 :
1098 2520 1101 2527 Ι

268 2552 477 2617 Philodemus
499 2551 532 2615 id
556 2559 679 2616 tanturn
703 2551 848 2632 mutavit,
871 2556 906 2614 ut
928 2551 1123 2633 singularem
1146 2555 1197 2613 rou
1221 2550 1292 2613 θεοῦ
1308 2556 1340 2614 et
1355 2550 1407 2633 τὴν
1430 2554 1545 2636 μορφὴν

185 2651 402 2737 substitueret,
418 2655 560 2737 itemque
572 2654 695 2737 Cicero,
711 2653 768 2718 sed
785 2652 836 2716 hie
848 2652 959 2716 addito
977 2658 1154 2735 opertere
1170 2651 1361 2718 sententiam
1375 2659 1546 2735 praeterea

185 2753 325 2820 invertit.
371 2778 471 2840 otiare
498 2758 647 2840 equidem
671 2778 735 2822 non
758 2753 884 2836 dubito,
911 2754 987 2836 qrrin
1011 2755 1150 2819 maiores
1178 2774 1304 2836 quoque
1327 2774 1452 2821 errores
1475 2757 1546 2824 sine

184 2856 266 2920 duee
289 2860 493 2926 commiserit.
527 2868 614 2925 certe
637 2861 737 2924 multo
761 2859 822 2923 hoc
844 2857 913 2922 veri
929 2856 1064 2921 similius
1079 2862 1138 2940 est,
1162 2875 1257 2938 quam
1273 2856 1360 2938 quod
1375 2857 1546 2943 Sauppeus

184 2938 352 3026 comment.
376 2964 417 3028 de
434 2963 559 3028 Philod.
577 2963 658 3027 libro
682 2962 735 3045 qui
751 2961 811 3025 fuit
833 2961 875 3025 de
897 2960 973 3043 piet.
997 2981 1027 3043 p.
1045 2962 1061 3024 7
1086 2958 1221 3041 sumpsit
1237 2957 1461 3025 Philodemum
1484 2962 1547 3027 hoc

184 3063 254 3127 loco
278 3065 310 3128 iu
333 3066 455 3132 eisdem
477 3065 646 3130 fraudibus
668 3084 741 3128 esse
763 3083 802 3128 ac
828 3063 1027 3145 Ciceronem,
1051 3081 1156 3144 neque
1179 3060 1208 3125 ei
1224 3060 1383 3126 Hirzelius
1405 3063 1546 3129 debebat

183 3171 304 3229 temere
336 3168 527 3250 adstipulari
556 3189 587 3250 p.
604 3169 633 3231 6.
678 3174 818 3230 ceterum
853 3184 952 3230 causa
986 3162 1129 3227 mutandi
1164 3163 1391 3246 Xenophontis
1425 3166 1546 3248 opinio·

183 3285 256 3330 nem
284 3275 412 3350 praeter
446 3269 638 3352 Epicureum
670 3266 836 3351 iudicium,
871 3266 957 3350 quod
986 3263 1143 3328 formam
1175 3265 1227 3330 dei
1260 3265 1439 3353 desiderat,
1474 3270 1546 3334 Pla-

184 3367 279 3432 tonici
315 3371 375 3435 loci
410 3372 584 3436 similitudo
618 3370 687 3435 fuit.
743 3390 817 3433 nam
851 3390 923 3433 curu
956 3367 983 3431 is
1017 3369 1099 3447 §30
1132 3370 1207 3449 quid
1239 3371 1278 3430 sit
1312 3373 1435 3435 omuino
1470 3375 1545 3435 deus

184 3474 311 3551 erepturi
333 3484 475 3552 oportere
501 3473 622 3538 ‹lixisse
650 3493 707 3556 per
733 3471 879 3536 fraudem
904 3470 1090 3552 referretur,
1118 3471 1258 3554 spreciem
1287 3492 1415 3554 quoque
1437 3475 1545 3541 Xeno·

183 3572 346 3654 phonteae
377 3575 537 3660 opinionis
564 3575 748 3640 similiorem
777 3572 916 3638 reddidit
944 3572 1057 3638 Cicero
1090 3575 1224 3654 sormam
1258 3577 1308 3637 dei
1341 3581 1450 3656 quaeri
1483 3600 1545 3642 reon

182 3687 333 3756 oportere.
389 3678 453 3742 iarn
493 3698 533 3743 ex
574 3677 660 3743 facili
700 3675 910 3760 reprehensio
948 3675 1117 3758 repetitur:
1157 3699 1236 3758 qrcoe
1273 3689 1343 3741 euru
1381 3682 1478 3743 isdem
1513 3686 1544 3745 io

181 3783 295 3841 erratis
330 3783 396 3860 fere
433 3782 541 3862 ortibus
580 3801 618 3843 eo
655 3801 734 3862 quere
771 3782 809 3841 de
844 3780 973 3842 Platone
1015 3780 1161 3841 dicimus.
1218 3779 1313 3844 simili
1351 3784 1543 3865 compendio

182 3900 259 3945 usus
287 3890 336 3946 est
364 3884 454 3966 §34
499 3901 573 3946 nam
602 3903 672 3947 cum
700 3882 819 3946 totiens
848 3881 1039 3964 Epicuream
1077 3879 1160 3945 hauc
1187 3881 1458 3966 vituperationem
1492 3885 1545 3951 de·

181 3991 346 4050 cantasset
372 3983 479 4048 ‘seusu
503 3987 592 4047 deum
617 3987 723 4065 prioct
749 3996 777 4047 et
805 3988 871 4047 eius
897 3986 1031 4065 [ormam
1056 3987 1231 4048 mutabilem
1257 4007 1324 4048 esse
1350 3988 1445 4068 outt’,
1479 3987 1544 4051 ianr

182 4087 290 4150 nescio
318 4106 382 4169 qua
408 4088 460 4152 vel
496 4085 659 4151 oblivione
693 4088 745 4151 vel
780 4087 911 4152 levitate
945 4089 1049 4171 ipsum
1077 4087 1317 4154 Heraclidem
1345 4089 1544 4154 Ponticum

181 4188 260 4251 talia
282 4189 470 4270 prodentem
496 4189 580 4255 lecit.
637 4188 669 4252 in
694 4188 811 4254 Stoicis
838 4209 966 4272 quoque
995 4191 1135 4274 maligne
1158 4191 1317 4274 quaedam
1345 4191 1470 4274 accepit
1493 4212 1546 4257 ve·

180 4288 228 4353 lut
261 4293 342 4368 §et
375 4291 572 4356 Aristonis
604 4292 799 4357 sententiam
833 4295 885 4373 qui
919 4314 1015 4375 raeque
1041 4296 1175 4375 sormam
1208 4296 1259 4355 dei
1285 4296 1420 4376 intellegi
1451 4314 1544 4375 posce

180 4406 317 4469 censeor,
345 4413 441 4475 quam
476 4395 519 4459 ad
552 4393 744 4477 Epicuream
777 4394 936 4460 rationem
969 4396 1105 4463 srrbdole
1140 4394 1307 4461 deflexit'
1355 4396 1412 4461 sed
1443 4396 1545 4461 multa

181 4514 316 4575 peccare
347 4495 513 4562 doctrinae
544 4498 736 4581 pervulgate
764 4495 905 4580 cognitio
932 4497 1104 4580 probibuit.
1151 4520 1189 4564 eo
1214 4499 1363 4565 licentius
1385 4499 1418 4564 in
1442 4519 1545 4564 remo-

1097 2458 1101 2469 ι

181 4652 288 4657 ..——
304 4653 373 4658 .-—-
390 4654 582 4662 -——.--—-

278 4754 338 4786 num
358 4741 435 4786 etiarn
455 4741 537 4787 altero
556 4743 650 4802 pagiua
669 4738 704 4789 7·
723 4741 803 4788 frusta
823 4741 1014 4804 Xenophontea
1033 4741 1094 4789 mihi
1113 4742 1273 4803 adgnoscere
1292 4741 1361 4790 haud
1380 4741 1458 4790 dubie
1478 4756 1540 4790 con-

178 4829 241 4887 tigit.
280 4827 310 4874 cl.
330 4826 362 4873 ud
383 4826 465 4873 Cicer.
485 4824 556 4886 §el

250 4910 308 4961 let.
328 4912 521 4964 Schoemmmus
541 4915 574 4963 ad
592 4912 653 4977 §36
672 4915 829 4976 quomodo
849 4917 979 4967 efficiat
997 4918 1196 4966 animantem.
