3464 5586
284 327 326 391 44
715 330 756 381 111
792 331 841 381 DII
861 330 1019 382 STOBAEI
1037 330 1210 381 MEMORIA

284 519 362 565 nere
383 500 541 564 voluerat.
559 498 566 529 ¹
599 505 752 582 quattuor
767 498 920 565 bbrorum
937 516 1053 581 corpus
1068 497 1229 581 integrum
1243 497 1325 564 vidit
1347 506 1380 564 et
1401 497 1644 565 accuratissime

284 601 455 684 descripsit
483 601 764 668 Photiusc.167.
814 600 872 666 sed
901 599 1067 683 aliquanto
1095 604 1211 682 postea
1238 599 1402 666 hominum
1437 600 1492 666 vel
1519 600 1644 668 incuria

283 705 336 770 vel
358 703 486 769 inscitia
500 703 619 768 iactum
635 710 695 788 est,
717 710 752 768 ut
774 702 868 787 primi
891 701 973 786 libri,
997 720 1078 785 quas
1100 721 1184 766 nuno
1200 703 1332 784 eclogas
1349 702 1502 788 physicas
1525 723 1645 770 vocare

284 806 518 890 consuevimus,
541 806 701 890 quaedam
723 805 802 870 solia
818 825 836 870 e
852 823 1008 887 compage
1031 803 1138 868 solnta
1158 802 1192 868 in
1213 805 1350 870 altorum
1371 806 1534 889 volumen,
1556 806 1644 889 quod

283 916 340 974 aut
363 909 457 974 simul
479 908 643 974 serebatur
662 914 719 973 ant
733 927 754 972 a
768 906 955 991 bibliopega
977 904 1077 989 priori
1097 904 1303 971 coniunctum
1323 913 1403 992 erat,
1424 907 1646 991 immigrarent

284 1008 428 1096 [florileg.
452 1018 474 1076 t.
491 1010 542 1074 80.
565 1009 616 1074 81.
640 1007 702 1096 Βῆ.
743 1029 837 1093 quem
864 1029 1004 1074 errorem
1028 1006 1159 1091 etipse
1182 1007 1258 1073 olim
1287 1007 1582 1076 animadverteram
1612 1020 1646 1076 et

283 1112 546 1178 Waohsmuthius
566 1111 599 1175 in
614 1111 695 1176 Mus.
711 1112 814 1178 Rhon.
829 1112 955 1176 XXVII
972 1112 1012 1175 73
1034 1108 1275 1175 accuratissime
1297 1118 1329 1176 et
1344 1111 1552 1194 sagacissime
1574 1133 1646 1195 pro·

284 1214 382 1280 bavit.
417 1215 484 1281 tale
499 1214 681 1298 exemplum
704 1213 848 1279 traiectis
862 1213 949 1279 foliis
964 1210 1171 1294 conopionem
1194 1213 1363 1294 usurparit
1380 1214 1528 1297 florilegii
1550 1216 1646 1280 Lau-

283 1316 451 1382 rentiani
475 1314 556 1402 [cod.
573 1317 668 1380 Laur.
684 1315 762 1380 VIII
775 1313 828 1402 22]
851 1314 1009 1398 conditor,
1031 1312 1085 1395 qui
1109 1313 1229 1397 duplici
1251 1334 1359 1381 errore
1383 1316 1547 1384 Ioannes
1571 1318 1646 1382 Da.

283 1440 480 1486 muscenns
503 1417 690 1503 perhibetur
710 1418 840 1483 saeculo
856 1418 903 1481 XI
927 1416 1066 1483 fortasse
1081 1436 1145 1482 non
1161 1415 1329 1483 recentior.
1363 1417 1391 1481 is
1407 1414 1528 1501 cologis
1544 1420 1646 1486 sacris

285 1520 492 1604 profanisque
515 1540 556 1586 er
578 1520 784 1602 gnomologio
807 1517 938 1585 Maximi
952 1517 1149 1602 Antoniiquo
1171 1540 1253 1603 qnos
1274 1518 1385 1585 dicunt
1406 1519 1569 1588 simillimo
1591 1542 1646 1605 pe

284 1622 350 1687 titis
366 1623 623 1688 Stobaeanornm
648 1622 823 1687 electorum
838 1628 905 1686 tam
922 1621 1032 1703 largos
1048 1619 1182 1687 haustus
1196 1621 1377 1704 admiscuit,
1399 1641 1500 1706 saepe
1515 1629 1550 1687 ut
1564 1623 1644 1689 nihil

284 1724 373 1789 aliud
399 1725 556 1790 adscitum
580 1724 629 1789 sit.
673 1742 775 1806 qnare
801 1722 843 1788 ad
866 1722 1037 1789 sarcienda
1059 1723 1178 1788 damna
1203 1723 1367 1807 ingentia,
1400 1743 1483 1806 quae
1511 1725 1644 1792 Stobaei

284 1827 407 1911 priores
429 1826 501 1892 libri
524 1833 639 1910 postea
661 1831 866 1908 acceperunt,
889 1844 1013 1890 summa
1035 1831 1086 1889 est
1107 1823 1256 1908 florilegii
1278 1824 1409 1891 utilitas.
1443 1835 1516 1892 ntor
1536 1835 1645 1894 autem

283 1930 317 1993 in
345 1930 414 1995 eins
442 1926 684 2012 supplementis,
711 1946 795 2010 qnae
818 1927 960 1993 Stobaoo
981 1926 1117 2010 inserui,
1146 1925 1180 1992 Ο.
1205 1927 1439 1993 Wachsmuthii
1463 1929 1645 1996 conlatione

282 2032 326 2096 ad
348 2032 500 2097 amussim
523 2030 621 2112 facta,
644 2049 740 2112 quam
762 2029 818 2095 illo
840 2029 874 2092 in
896 2048 1002 2093 meum
1026 2049 1118 2094 usum
1134 2029 1358 2096 liberalissIme
1373 2031 1541 2097 concessit.
1572 2052 1647 2098 con-

284 2139 416 2199 statne
443 2131 638 2198 Damasceni
668 2131 796 2214 quidem
829 2150 911 2214 opus
932 2130 1092 2213 integrum
1122 2133 1165 2197 ad
1199 2152 1259 2197 nos
1291 2132 1489 2215 pervenisse.
1536 2134 1647 2219 itaque

286 2255 404 2317 magna
426 2242 476 2301 est
498 2233 637 2298 indicis
659 2251 787 2316 quoqne
810 2232 942 2319 utilitas,
966 2253 1061 2316 quem
1076 2234 1161 2300 idem
1178 2240 1382 2301 commentat.
1416 2236 1480 2301 III
1500 2236 1542 2303 de
1563 2236 1647 2304 flori·

285 2338 369 2419 legio
392 2358 422 2420 q.
445 2337 476 2423 d.
499 2334 632 2400 Ioannis
659 2336 856 2400 Damasceni
884 2336 1102 2402 Laurentiano
1130 2335 1272 2418 Gotting.
1298 2335 1378 2402 1871
1402 2336 1523 2420 primus
1544 2339 1646 2407 edidit

285 2445 318 2502 ot
338 2437 583 2521 diligentissime
605 2437 802 2520 explanavit.
848 2438 902 2520 qui
930 2438 1028 2503 index
1058 2438 1204 2521 quamvis
1225 2437 1296 2521 ipse
1319 2458 1446 2522 quoqne
1468 2440 1645 2507 scribarum

285 2538 414 2621 pigritia
435 2542 509 2624 plus
527 2537 662 2603 dimidio
677 2539 830 2624 amiserit,
854 2547 963 2606 tamen
977 2540 1249 2606 fructuosissimus
1264 2547 1323 2624 θεῖ,
1347 2540 1422 2623 qnia
1436 2547 1469 2606 θῖ
1484 2541 1645 2608 Photiano

284 2643 384 2707 multo
408 2649 457 2707 est
471 2640 652 2707 accuratior
676 2648 763 2707 etex
779 2642 911 2707 Stohaei
935 2648 1026 2707 tanto
1049 2641 1217 2724 naufragio
1238 2641 1377 2725 capitum
1394 2643 1508 2708 saltem
1524 2645 1646 2727 plenio

285 2764 351 2810 rem
374 2752 581 2828 conspectum
605 2743 758 2808 servavit.
794 2744 838 2809 sic
861 2743 947 2826 quod
970 2743 1003 2809 in
1026 2744 1137 2828 quinto
1154 2743 1349 2810 Placitorum
1371 2743 1453 2809 libro
1469 2744 1645 2812 Stobaeani

284 2846 368 2911 tituli
390 2848 560 2914 utilissime
583 2846 721 2912 conferri
745 2852 909 2930 poterant,
933 2845 965 2911 id
988 2865 1094 2930 paene
1116 2851 1217 2911 totum
1241 2851 1290 2910 est
1313 2845 1508 2913 Damasceni
1529 2846 1645 2914 indicis

282 2950 440 3014 meritum.

370 3052 449 3116 Post
470 3050 618 3133 florilegii
641 3051 738 3133 igitur
757 3049 953 3115 Damasceni
975 3055 1122 3133 tempora
1145 3052 1282 3115 vulnera
1304 3051 1402 3134 priori
1424 3049 1578 3115 volumini
1601 3051 1646 3116 in·

283 3153 369 3217 diota
392 3152 665 3218 exulcerabantur
687 3160 720 3217 ot
743 3173 782 3218 ex
805 3152 914 3236 parvis
936 3152 1034 3217 initiis
1050 3152 1208 3237 pernicies
1223 3152 1256 3217 in
1271 3153 1343 3218 dics
1358 3153 1454 3218 latins
1476 3152 1643 3238 gliscebat,

283 3254 346 3317 lam
373 3263 407 3318 ut
429 3256 531 3320 maior
555 3274 631 3339 pars
653 3255 836 3336 eclogarum
860 3252 1008 3320 deflendo
1030 3255 1099 3320 foto
1123 3254 1250 3338 periret.
1297 3275 1336 3319 ex
1359 3255 1420 3320 hoc
1440 3262 1506 3320 tam
1529 3254 1646 3322 misere

233 3358 261 3420 A
283 3363 450 3439 amputato
473 3358 621 3441 exemplo
644 3356 867 3440 archetypo
889 3357 1027 3423 fortasse
1049 3380 1073 3422 s.
1093 3358 1158 3422 XII
1180 3357 1362 3441 conscripto
1384 3365 1417 3422 et
1443 3356 1485 3421 ab
1512 3356 1647 3422 alterins

283 3459 455 3524 voluminis
478 3461 564 3543 quod
587 3458 776 3540 florilegium
800 3458 987 3525 continebat
1008 3460 1164 3526 societate
1186 3459 1251 3524 iam
1275 3480 1405 3543 prorsus
1427 3458 1573 3525 seiuncto
1595 3459 1648 3525 de

281 3561 368 3626 ducti
395 3568 469 3626 sunt
491 3561 555 3626 dno
578 3560 721 3626 codices:

234 3667 260 3730 F
373 3667 456 3730 alter
479 3663 676 3728 Farnesinns
703 3662 795 3745 olim,
818 3684 903 3728 nnnc
925 3663 1071 3729 biblioth.
1095 3684 1175 3728 mus.
1197 3663 1320 3730 nation.
1340 3665 1430 3729 1111)
1452 3666 1502 3746 lh,
1525 3660 1566 3750 [n.
1583 3664 1647 3729 299

285 3769 378 3833 catal.
397 3764 521 3853 Cyrilli]
536 3786 562 3831 s.
578 3766 669 3830 XIII.
711 3767 793 3830 alter
809 3765 996 3849 deperditus
1011 3787 1106 3850 nunc,
1129 3773 1222 3850 pater
1237 3766 1356 3832 codicis
1372 3766 1541 3833 Parisini
1562 3767 1648 3832 2129

234 3870 258 3935 C
286 3891 310 3934 ε.
327 3869 386 3933 XV
410 3874 443 3933 et
465 3867 585 3933 codicis
609 3866 786 3932 Sambuci
809 3866 895 3932 unde
917 3875 1088 3952 postquam
1113 3867 1355 3934 Canteriana
1378 3870 1462 3935 1575
1484 3868 1648 3952 descripta

284 3979 342 4054 est,
365 3972 487 4036 nullum
510 3969 667 4036 remansit
689 3967 869 4050 vestigium.
904 3969 930 4032 F
945 3976 1054 4035 autern
1071 3976 1103 4035 et
1119 3970 1223 4035 codex
1239 3971 1427 4055 deperditus
1446 3971 1564 4037 fratres
1579 3990 1649 4054 ger·

285 4074 371 4138 mani
396 4072 494 4140 inere.
533 4073 588 4138 ille
611 4071 714 4136 maior
735 4077 768 4135 et
791 4070 944 4152 plenioris
967 4072 1162 4157 patrimonii,
1184 4072 1236 4137 hic
1255 4073 1358 4137 minor
1379 4073 1559 4157 corruptior
1579 4093 1650 4156 par-

283 4178 414 4259 ciusque
435 4175 623 4260 peculiatus.
662 4180 832 4255 praeterea
855 4171 929 4237 huic
949 4174 1067 4239 accidit
1089 4182 1125 4240 ut
1145 4174 1249 4258 primo
1269 4175 1431 4258 temione,
1456 4184 1489 4240 ut
1509 4175 1648 4260 videtur,

283 4300 323 4344 cx
339 4276 529 4363 compagine
545 4276 661 4358 soluto,
686 4295 757 4339 cum
773 4274 851 4339 solio
873 4274 993 4341 amisso
1017 4285 1124 4343 cetera
1146 4296 1298 4361 perverso
1323 4276 1435 4343 ordine
1458 4277 1649 4344 transcribe

283 4388 402 4464 rentur,
426 4381 610 4461 eclogarum
633 4375 758 4441 initium
781 4375 814 4440 in
832 4376 980 4443 Parisino
1004 4387 1035 4444 et
1051 4378 1076 4445 (l
1092 4379 1210 4445 misere
1224 4380 1401 4444 laceratum
1430 4387 1464 4446 ct
1485 4379 1647 4446 turbatum

283 4482 474 4547 traderetur.
519 4479 639 4561 ergoF
662 4480 750 4543 solus
772 4478 837 4543 dux
869 4480 963 4545 nobis
990 4481 1050 4546 erit
1078 4480 1240 4546 codicibus
1262 4479 1320 4544 FC
1344 4479 1377 4544 id
1405 4490 1453 4545 est
1476 4481 1504 4546 A
1526 4481 1648 4548 disson-

282 4583 449 4667 tientibus,
482 4581 643 4647 rarissime
677 4582 732 4646 liet
766 4588 801 4645 ut
833 4580 911 4646 locis
945 4583 997 4647 vel
1024 4583 1182 4668 corruptis
1216 4585 1267 4649 vel
1303 4581 1419 4647 hiulcis
1451 4585 1535 4649 altor
1569 4584 1647 4649 ordo

283 4683 301 4749 i.
327 4704 355 4748 e.
378 4683 402 4748 Ο
426 4685 530 4749 Paris.
555 4685 676 4751 auxilio
700 4703 772 4749 csse
795 4683 907 4768 possit.

355 4907 361 4937 ¹
381 4910 484 4960 Stobnci
504 4911 639 4961 artificium
658 4915 801 4962 monstrari
821 4912 959 4976 Muslth.
972 4913 1079 4962 XXXII
1097 4929 1120 4977 p.
1135 4911 1182 4963 481
1197 4928 1235 4976 sq.
