3464 5586
281 305 323 368 48
751 310 790 358 IV
825 311 875 359 DE
895 311 997 360 AETII
1018 312 1184 363 Pnncrrrs

287 477 397 542 riusue
419 476 472 557 qui
498 475 640 540 Historia
655 496 714 540 sua
729 477 814 541 vitas
830 477 1094 562 philosophorum
1110 479 1281 562 descripsit
1304 500 1364 545 nec
1380 481 1466 544 ultra
1480 481 1650 546 Platonem

282 577 474 643 deseendit?
502 596 546 641 au
570 578 764 643 Plutarchus
787 579 876 644 euius
899 580 1095 645 Placitorum
1118 579 1259 663 epitome
1282 581 1345 646 iam
1369 581 1511 648 Eusebio
1534 581 1649 648 eadem

282 679 412 761 cognita
438 678 500 743 luit
529 700 613 762 quae
635 680 751 745 nobis?
785 688 820 744 at
849 682 1073 748 Theodoretus
1101 703 1168 746 non
1198 681 1361 765 epitomen
1394 683 1562 767 usurparit
1591 683 1648 749 sed

284 781 461 866 pleniorem
480 780 595 846 librum
611 783 663 865 qui
679 783 867 866 integritate
880 784 1055 850 Stobaeum
1067 782 1338 866 Plutarchumque
1352 784 1449 867 longe
1461 785 1647 868 superabat.

282 891 384 951 restat
398 882 484 948 Astii
499 886 563 968 rapi
580 886 762 968 ἀρεσκόντων
777 885 870 970 liber,
893 886 983 952 euius
999 883 1165 968 scriptoris
1179 884 1323 967 ignotum
1339 905 1458 951 nomen
1473 887 1535 952 nisi
1551 889 1650 971 plane

283 988 393 1069 inepte
415 984 601 1050 clarissimis
624 988 790 1054 Plutarchi
814 997 846 1054 et
869 987 1040 1073 Porphyrii
1063 986 1209 1052 additum
1231 994 1337 1070 putes,
1360 1007 1456 1053 verus
1478 995 1529 1054 est
1545 987 1649 1064 Theo.

282 1087 387 1153 doreti
415 1086 498 1152 sons.
543 1087 693 1171 idemque
715 1090 852 1174 scriptor
875 1111 947 1155 cum
969 1088 1143 1155 Plutarcho
1171 1096 1204 1154 et
1225 1088 1407 1173 Porphyrio
1436 1090 1553 1156 iterum
1575 1111 1650 1156 con·

281 1190 409 1256 iunctus
432 1196 570 1273 apparet
593 1190 678 1255 V16
702 1194 721 1258 ἃ
743 1195 776 1257 δέ
797 1218 830 1277 γε
852 1193 899 1261 ξὺν
923 1194 985 1277 beel
1009 1192 1084 1262 λέξω
1113 1188 1276 1276 [secuntur
1302 1198 1456 1275 excerpta
1477 1191 1518 1258 de
1541 1193 1650 1258 anima

281 1291 320 1357 es.
343 1314 375 1375 p.
390 1289 444 1378 46]
466 1293 500 1356 ἐκ
522 1298 580 1355 τῶν
604 1292 830 1382 Πλουτάρχῳ
858 1296 906 1358 καὶ
934 1293 1122 1379 Πορφυρίῳ
1151 1295 1199 1356 καὶ
1222 1293 1319 1375 μέντοι
1341 1295 1390 1357 καὶ
1413 1293 1533 1381 Ἀετίῳ
1555 1295 1648 1379 ξυγγε-

280 1396 453 1478 γραμμένον
475 1396 545 1480 ἐρῶ.
579 1395 633 1460 ubi
656 1418 712 1463 eur
726 1397 854 1463 Aetium
878 1403 970 1460 tauta
986 1395 1018 1460 vi
1041 1396 1103 1482 (rel
1127 1397 1223 1478 μέντοι
1245 1393 1308 1479 καὶ)
1324 1394 1403 1459 aliis
1418 1399 1647 1482 postposuerit,

282 1498 371 1562 nullo
393 1497 490 1563 modo
513 1498 676 1583 dispicias,
697 1499 758 1564 nisi
782 1519 822 1565 er
845 1498 908 1563 hoe
930 1498 1100 1581 excerpsit,
1122 1497 1197 1563 illos
1220 1497 1402 1581 splendoris
1424 1499 1529 1580 gratia
1548 1500 1648 1568 uomi-

282 1601 381 1666 navit.
426 1619 501 1664 narn
524 1598 619 1665 Aetio
641 1602 703 1667 soli
725 1622 791 1666 non
815 1601 877 1666 cito
901 1601 1016 1666 Graeci
1040 1598 1262 1684 credidissent,
1289 1599 1495 1667 crediderunt
1517 1602 1646 1667 illorum

286 1703 465 1787 pratrocinio
488 1703 712 1768 commendato
736 1710 768 1768 et
790 1709 980 1769 sustentato.
1019 1701 1212 1767 Plutarchus
1235 1701 1364 1784 quidem
1387 1707 1486 1768 cotom
1506 1705 1646 1785 pbiloso-

279 1807 372 1885 phr'oe
403 1825 499 1868 oenus
524 1815 554 1868 et
581 1807 650 1888 lyra
680 1803 816 1891 [Eunap.
840 1803 940 1887 praef.
965 1806 1033 1888 pb
1056 1801 1171 1890 Boias]
1198 1811 1320 1888 quanta
1347 1812 1424 1872 tune
1453 1805 1646 1872 auctoritate

282 1906 439 1990 floruerit,
466 1913 603 1972 constat.
643 1908 729 1973 idem
756 1907 798 1972 de
820 1907 1000 1992 Porphyrio
1023 1926 1064 1973 ex
1088 1905 1340 1971 Christianorum
1364 1915 1397 1972 et
1417 1907 1520 1991 ipsius
1542 1906 1646 1974 Theo

281 2012 384 2079 doreti
406 2010 605 2077 internecivo
626 2007 700 2074 odio
725 2008 804 2073 satis
826 2011 931 2075 elucet
956 2008 1009 2092 [ei.
1028 2008 1175 2093 Bemays
1197 2007 1241 2072 ad
1264 2007 1478 2091 Theophrast.
1499 2010 1541 2076 de
1567 2009 1645 2094 piet.

280 2123 347 2182 not.
365 2117 395 2197 l,
417 2114 454 2178 R.
470 2112 667 2177 Volkmann.
684 2110 845 2177 observat.
861 2111 994 2176 miscell.
1011 2112 1106 2177 Iauer
1123 2112 1205 2176 1873
1222 2131 1253 2194 p.
1267 2111 1330 2192 14].
1358 2110 1520 2177 simillime
1533 2118 1643 2178 autem

282 2216 422 2303 Cyrillus
450 2222 620 2298 utrumque
649 2213 815 2279 coniunxit
844 2213 896 2296 [ef.
928 2215 1036 2298 p.10]
1066 2215 1223 2299 γεγράφασι
1254 2213 1287 2275 δὲ
1316 2213 1380 2296 περὶ
1411 2213 1520 2276 τούτων
1551 2213 1644 2278 Πλοό

280 2320 388 2406 ταρχός
410 2319 511 2381 τεκαὶ
535 2317 626 2401 ἕτερον
648 2320 706 2379 τῶν
729 2315 792 2400 παρ’
821 2315 918 2385 αὐτοῖς
941 2316 1071 2398 λογάδων
1093 2315 1141 2378 καὶ
1165 2317 1181 2378 ό
1205 2314 1314 2398 δρασδς
1336 2312 1400 2378 καθ’
1428 2317 1514 2398 ἡμῶν
1529 2315 1644 2401 Πορφύ-

281 2446 350 2506 ριος.
378 2440 417 2485 ac
432 2438 474 2484 ne
489 2418 561 2501 quis
578 2418 689 2483 eredat
700 2417 904 2483 Theodoreto
920 2416 998 2500 quid
1011 2417 1184 2482 interesset
1197 2415 1281 2480 inter
1293 2415 1421 2481 Aetium
1433 2417 1643 2484 Plutarchum

281 2520 495 2606 Porphyrium
524 2540 637 2603 parum
663 2518 763 2585 luisse
790 2520 968 2603 cognitum,
994 2518 1175 2584 adscribam
1198 2516 1327 2582 tertium
1349 2518 1454 2582 locum
1475 2519 1565 2584 1195
1588 2519 1643 2585 ubi

281 2623 455 2689 nominatis
478 2620 651 2687 tritissimis
673 2620 983 2706 mytbographorum
1004 2619 1188 2684 nominihus
1214 2618 1391 2684 afferuntur
1413 2620 1643 2705 philosophiae

281 2732 487 2792 enarratores
518 2724 749 2809 Πλούταρχος
780 2727 813 2788 δὲ
844 2726 892 2788 καὶ
919 2723 1049 2791 Ἀέτιος
1076 2722 1126 2790 τὰς
1154 2724 1211 2783 τῶν
1241 2721 1408 2807 φιλοσόφων
1437 2724 1640 2789 exportemus

282 2828 395 2898 δόξας.
424 2830 473 2892 τὸν
495 2828 636 2892 αὑτὸνδὲ
658 2828 706 2890 καὶ
730 2829 746 2891 ό
770 2826 972 2911 Πορφόρνος
993 2823 1145 2892 ἀνεδέξατο
1168 2822 1254 2886 πόνον
1272 2826 1321 2886 τόν
1336 2825 1460 2889 ἑκάστου
1483 2826 1557 2912 βίον
1579 2831 1642 2896 ταῖς

281 2932 375 3001 δόξαις
396 2931 620 3015 προστεθεικώς.
638 2929 645 2959 ¹
679 2937 724 3009 at,
746 2929 882 3012 inquies,
905 2926 1003 2991 miror
1024 2924 1110 2990 illius
1132 2923 1333 3007 diligentiam
1348 2925 1380 2991 in
1396 2926 1642 3009 compilatomm

282 3033 414 3099 natione
445 3033 652 3097 rarissimam.
696 3052 753 3096 eur
780 3030 910 3096 tandem
941 3026 1107 3110 amplioris
1134 3026 1240 3109 operis
1269 3028 1386 3094 molem
1418 3028 1563 3094 versavit
1589 3028 1641 3094 eui

281 3134 463 3218 compendii
484 3140 554 3198 erat
575 3133 772 3198 commodior
787 3130 948 3197 facultas?
977 3127 1181 3213 respondebo
1197 3125 1265 3210 tibi,
1281 3128 1309 3193 si
1325 3130 1521 3197 Plutarehea
1541 3131 1643 3197 nomi·

282 3237 382 3302 natim
406 3240 558 3317 excerpta
573 3234 604 3297 ΙΙ
621 3236 682 3298 112
706 3241 738 3299 et
753 3235 801 3299 Ill
816 3237 837 3298 4
851 3234 980 3315 afferas,
1004 3229 1169 3296 Plutarchi
1185 3229 1348 3313 epitomen
1365 3231 1412 3296 illi
1428 3240 1559 3316 praesto
1576 3253 1642 3299 non

281 3340 390 3421 fuisse,
414 3336 472 3401 sed
487 3335 661 3402 Eusebium
681 3334 734 3418 [cf.
754 3354 852 3418 supra
876 3357 907 3418 p.
923 3335 987 3416 10],
1011 3332 1096 3398 unde
1111 3330 1201 3396 licuit
1217 3331 1304 3398 illius
1320 3335 1449 3417 eclogas
1464 3334 1642 3401 transferre

281 3440 469 3507 uberrimas.
503 3437 670 3502 sedAiitio
687 3443 839 3520 excerpto
856 3437 951 3503 rebus
968 3434 1082 3501 abillo
1105 3433 1240 3518 prolatis
1261 3455 1380 3499 novam
1402 3436 1497 3503 fidem
1520 3436 1642 3502 addere

282 3540 459 3607 malebat‘

366 3645 450 3708 Eece
465 3642 596 3707 tandem
611 3643 700 3707 velut
715 3662 754 3707 ex
771 3640 882 3706 inieris
897 3639 1028 3705 citatum
1044 3637 1196 3702 Aetium
1213 3637 1409 3703 Plaeitorum
1425 3640 1644 3706 collectorem.

280 3746 370 3810 ouius
393 3753 500 3810 tamen
524 3750 615 3808 tanta
638 3750 688 3809 est
704 3742 882 3808 obscuritas
898 3748 933 3805 ut
948 3746 1077 3824 praeter
1091 3759 1208 3804 nomen
1224 3738 1304 3803 nihil
1322 3740 1451 3806 omnino
1468 3741 1644 3807 memoriae

280 3848 438 3932 proditum
461 3847 511 3912 sit.
556 3847 681 3913 aceedit
708 3845 793 3928 quod
819 3864 937 3910 nomen
966 3842 1070 3925 ipsum
1099 3839 1331 3925 posterioribus
1361 3842 1560 3926 temporibus
1592 3850 1644 3908 sat

353 4038 359 4067 ¹
380 4041 502 4102 queniam
528 4039 592 4087 haee
616 4039 695 4087 verba
717 4043 776 4085 sunt
799 4036 940 4085 clarissima
962 4043 988 4083 et
1011 4049 1068 4083 curn
1090 4032 1229 4098 Porphyrii
1252 4032 1401 4096 fragmentis
1425 4044 1551 4092 congrua,
1580 4031 1642 4080 nole

280 4127 394 4192 pluribus
406 4126 524 4185 refutare,
544 4139 609 4188 quae
623 4124 653 4174 R.
668 4124 846 4172 Volkmannus
865 4123 924 4172 inde
938 4122 1025 4170 elicuit
1043 4118 1088 4182 [N.
1099 4119 1184 4183 jahrb.
1197 4118 1260 4168 CIIl
1274 4116 1335 4179 705.
1355 4119 1386 4167 ri.
1401 4117 1456 4165 obs.
1469 4118 1539 4165 misc.
1552 4133 1577 4180 p.
1591 4114 1643 4179 16].

281 4216 400 4264 nimirum
413 4230 445 4263 ne
459 4213 608 4276 protulisset
620 4211 723 4274 quidem
743 4209 804 4258 talia
818 4210 857 4258 vir
868 4209 1062 4268 eruditissimus,
1082 4208 1130 4256 nisi
1145 4222 1177 4256 ex
1190 4205 1296 4256 Stobaei
1314 4219 1401 4255 errore
1421 4203 1570 4267 opinionem
1584 4217 1643 4267 pro·

281 4303 384 4350 baturus
403 4302 491 4350 fuisset
509 4301 587 4361 longe
606 4297 775 4347 falsissimam.
796 4311 855 4345 nam
870 4296 940 4358 quod
953 4296 1051 4346 Plael
1069 4293 1122 4343 141
1141 4294 1279 4358 Porphyrii
1293 4293 1385 4342 lemma
1398 4305 1517 4356 perverse
1530 4289 1643 4350 additur,

280 4402 356 4437 neme
368 4387 501 4436 mirabitur
513 4388 556 4448 qui
570 4387 718 4448 eclogarum
731 4384 881 4431 memoriam
893 4384 1016 4447 cognorit
1034 4377 1077 4441 [cf.
1091 4395 1113 4429 e.
1127 4396 1152 4444 g.
1165 4396 1190 4444 p.
1205 4378 1262 4441 148,
1277 4378 1309 4430 10
1318 4380 1355 4429 Μ.
1372 4379 1420 4428 ecl.
1434 4373 1535 4440 125⁴}
1555 4376 1642 4427 Theo-

280 4476 362 4525 doreti
375 4483 494 4538 excerpta
508 4474 623 4534 neglexit
636 4469 824 4520 Volkmannus.
843 4471 983 4518 invenisset
997 4467 1033 4516 lbi
1047 4467 1217 4531 Xenophanis
1235 4468 1388 4516 sententiam
1407 4467 1484 4514 etiam
1500 4463 1641 4514 aStobaeo

279 4562 469 4619 confirmatam,
495 4574 561 4622 quae
580 4558 717 4623 Porphyrii
737 4558 768 4606 de
788 4558 833 4606 illo
850 4556 946 4605 iudicio
965 4555 1094 4604 cornaria
1112 4566 1157 4603 est.
1182 4549 1441 4604 er.ze11er1⁴4ao‘.
1467 4559 1552 4601 cetera
1570 4566 1639 4600 eem-

279 4656 364 4698 menta
382 4664 434 4698 non
454 4661 601 4711 persequor,
620 4644 747 4708 quiahoc
766 4643 938 4706 disputatione
959 4642 1151 4692 Volkmannum
1169 4640 1287 4688 edoctum
1306 4642 1336 4689 iri
1356 4654 1440 4704 spero.

351 4732 412 4784 ²rrc
436 4733 497 4796 quid
515 4734 626 4797 scrupuli
650 4732 782 4780 exoriatur
800 4740 906 4794 propter
924 4726 1012 4778 11154
1033 4720 1193 4792 Ηλοΰταργος
1211 4721 1238 4774 δὲ
1257 4720 1270 4774 δ
1289 4719 1432 4793 Χαιρωνεδς
1454 4721 1500 4791 τὴν
1519 4724 1564 4790 γῆν
1583 4737 1642 4791 προ-

279 4819 422 4888 σηγόρευσεν
435 4814 527 4887 Ἥραν,
551 4820 621 4883 quod
639 4818 754 4867 conferat
772 4819 898 4880 quispiam
911 4830 968 4863 euru
982 4813 1089 4863 Stobaei
1109 4813 1191 4874 eclog.
1203 4812 1217 4860 1
1235 4827 1260 4875 p.
1274 4807 1326 4863 288
1338 4811 1384 4873 St,
1404 4826 1498 4862 moneo
1517 4809 1639 4859 Theode-

278 4916 358 4957 return
377 4906 509 4959 Plutarchi
528 4906 637 4955 Daedal.
656 4906 745 4966 fragm.
765 4918 806 4967 ap.
825 4900 1005 4950 assentur
1024 4900 1192 4959 transtulisse,
1213 4899 1282 4960 qued
1301 4899 1413 4948 editores
1431 4899 1502 4962 fugit.
