3464 5586
204 345 242 409 18
483 349 493 396 l
541 347 589 396 DE
611 346 876 396 PLUTARCHEAE
897 346 1081 396 articulus
1102 347 1271 396 MEMORIA

201 515 303 578 larum
320 515 477 597 scriptore
492 513 730 597 grammaticus,
752 513 805 595 qui
823 520 953 596 praeter
966 513 1182 598 etymologias
1203 519 1235 579 et
1254 514 1376 578 variam
1392 514 1559 579 historiam

201 616 463 682 commentarium
486 617 519 680 in
542 616 676 681 Aratum
700 615 903 699 conscripsit,
932 615 1018 680 unde
1044 622 1199 698 excerpta
1220 617 1364 682 servavit
1384 614 1456 681 cod.
1477 615 1561 682 Lau-

201 720 336 784 rentian.
356 718 497 787 XXVIII
520 720 572 783 44.
617 717 671 800 qui
698 717 781 782 liber
808 716 885 799 quin
906 716 992 782 idem
1020 717 1062 782 sit
1090 736 1129 782 ac
1157 719 1222 802 περὶ
1252 718 1375 804 σφαίρας
1407 738 1428 783 a
1456 718 1559 785 Suida

200 829 395 886 memoratus
410 842 476 886 non
491 820 602 885 dubito
619 821 638 886 ¹.
675 829 788 886 extant
804 823 1028 902 excerptorum
1044 818 1107 883 duo
1124 821 1284 904 exempla,
1306 841 1404 885 unum
1419 821 1559 905 amplius

199 932 231 988 et
250 925 431 989 accuratius
448 923 653 1006 compilatum
670 944 700 1007 p.
716 923 885 988 121-164
900 921 1075 1002 Uranolog.
1091 921 1142 986 ed
1158 923 1239 1006 Pet,
1262 924 1399 988 alterum
1415 923 1559 1006 perexile

198 1026 314 1092 alienis
329 1026 467 1091 fortasse
482 1024 686 1109 permixtum,
701 1024 840 1090 sednon
856 1024 925 1089 sine
939 1023 1015 1088 dote
1030 1023 1170 1105 quadam
1186 1023 1326 1108 propria.
1349 1026 1439 1091 velut
1454 1047 1485 1110 p.
1496 1027 1558 1090 166

198 1135 278 1194 extr.
301 1127 448 1213 Κοδρᾶτος
471 1130 517 1191 καὶ
542 1131 557 1192 ὁ
578 1130 749 1198 διδάσκαλός
772 1152 827 1209 μου
839 1126 1027 1209 Ἰσιδωριανός
1042 1125 1191 1209 citantur,
1213 1125 1299 1192 unde
1313 1127 1432 1193 aetafia
1446 1134 1556 1193 notam

197 1240 388 1296 nancturum
408 1239 440 1295 te
456 1249 577 1313 speres.
607 1230 665 1296 sed
679 1230 809 1312 ignotus
824 1237 959 1311 uterque
974 1247 1013 1293 ac
1035 1248 1077 1294 ue
1098 1227 1179 1293 illud
1200 1227 1329 1308 quidem
1351 1229 1556 1314 perspicuum

198 1333 410 1398 scribentisne
431 1352 473 1397 an
488 1332 692 1416 excerpentis
711 1332 754 1397 sit
767 1331 944 1397 adnotatio.
980 1348 1056 1394 nam
1071 1336 1317 1413 praeceptorum
1331 1331 1556 1398 austeritatem

195 1435 350 1502 antestari
366 1434 527 1499 inferioris
548 1434 666 1500 aetatis
688 1435 860 1518 scriptores
882 1433 915 1496 in
938 1453 999 1497 usu
1022 1431 1151 1497 habent.
1183 1432 1272 1515 atqui
1295 1452 1316 1498 a
1338 1433 1477 1500 Firmico
1492 1435 1558 1501 Ma

195 1548 287 1605 terno
311 1537 366 1624 [IV
391 1540 432 1602 10
454 1558 485 1620 p.
500 1537 542 1601 98
563 1539 822 1618 moestissimus
845 1532 989 1620 Achilles]
1012 1532 1176 1618 laudatur,
1206 1553 1284 1617 ergo
1306 1542 1383 1602 ante
1406 1543 1556 1620 quartum

195 1643 358 1707 saeculum
387 1640 526 1706 medium
557 1640 693 1723 scripsit.
737 1640 863 1706 aceedit
892 1638 1101 1712 adlaetatem
1124 1636 1446 1705 circumscribendam
1473 1641 1558 1707 alter

195 1745 285 1809 locus
306 1765 336 1827 p.
355 1744 457 1808 lssba:
488 1745 551 1827 περὶ
579 1745 611 1806 δὲ
639 1744 808 1826 ἐναρμονίου
834 1745 974 1826 κινήσεως
1006 1740 1103 1803 αὐτῶν
1125 1738 1204 1802 εἶπεν
1227 1744 1266 1810 ὡς
1293 1739 1366 1825 ἔφην
1383 1740 1503 1827 Ἄρατος
1525 1745 1556 1807 ἐν

193 1853 235 1931 τῷ
259 1846 356 1909 κανόνι
379 1846 427 1908 καὶ
438 1843 647 1930 Ἐρατοσθένης
669 1847 699 1908 ἐν
713 1851 755 1930 τῷ
767 1843 860 1929 Ἑρμῇ
877 1846 924 1908 καὶ
935 1843 1071 1928 Ὑψικλῆς
1094 1843 1141 1905 καὶ
1158 1842 1324 1926 Θράσυλλος
1341 1846 1389 1909 καλ
1399 1843 1556 1930 Ἄδραστος

189 1947 392 2032 ’.λφροόισιείς
427 1946 478 2033 [cf.
501 1970 531 2032 p.
550 1949 649 2013 139⁸.
678 1948 780 2014 Hiller
809 1947 889 2013 Mus.
912 1947 972 2012 Rh.
995 1945 1104 2011 XXVI
1126 1942 1210 2031 5831
1247 1966 1288 2012 ex
1323 1946 1486 2032 Hypsiclis
1522 1956 1555 2014 et

192 2049 322 2114 Adrasti
355 2050 509 2115 memoria
536 2057 657 2116 certum
681 2058 732 2115 est
760 2071 825 2116 non
847 2057 924 2115 ante
946 2050 1084 2115 alterum
1107 2049 1272 2113 saeculum
1294 2049 1406 2115 extens
1423 2049 1554 2116 vixisse.

192 2170 251 2216 nec
280 2153 381 2217 multo
408 2160 490 2236 post.
529 2173 604 2217 nam
630 2153 736 2235 tetigit
758 2153 859 2218 semel
881 2152 1102 2218 Ptolemaeum
1126 2171 1157 2233 p.
1172 2151 1262 2215 1391>
1283 2152 1553 2237 ἐπραγματεύσαντο

191 2254 224 2316 δὲ
246 2257 346 2318 πολλοὶ
370 2259 434 2340 περὶ
457 2258 612 2340 ἐκλείψεως
634 2257 718 2340 ἡλίου
740 2258 814 2319 κατὰ
836 2259 872 2319 τὰ
894 2256 968 2318 ἑπτὰ
989 2254 1115 2336 κλίματα
1142 2255 1242 2339 ὥσπερ
1265 2253 1367 2339 Ὠρίων
1390 2255 1553 2320 ὁἊπολλι-

191 2359 286 2441 sciptor
313 2356 363 2443 [ef.
391 2357 491 2423 schol.
518 2358 607 2423 Arat.
636 2379 667 2442 p.
690 2358 750 2422 148
771 2367 804 2419 39
833 2365 866 2423 et
893 2358 953 2422 149
973 2366 1006 2418 tt
1029 2352 1147 2441 Belca]
1180 2356 1359 2440 Πτολεμαῖος
1384 2355 1551 2445 Ἵππαρχος.

192 2459 349 2525 eiusmodi
378 2461 501 2526 indices
529 2482 570 2527 ex
598 2480 657 2526 sua
680 2460 818 2527 lectione
839 2459 983 2527 Achilles
1004 2458 1138 2525 addidit.
1183 2459 1287 2544 ipsam
1310 2460 1488 2527 doctrinam
1510 2482 1551 2528 ex

191 2563 427 2645 antiquioribus
443 2563 533 2629 libris
548 2563 670 2647 petivit.
705 2570 739 2628 at
754 2563 933 2629 Ptolemaei
956 2560 1159 2644 disciplinam
1174 2581 1367 2644 quemquam
1389 2563 1551 2646 sprevisse

192 2673 266 2747 post
280 2665 409 2731 tertium
423 2667 587 2731 saeculum
603 2668 701 2750 plane
716 2663 915 2748 incredibile,
932 2665 1022 2731 cuius
1033 2665 1076 2730 ab
1088 2664 1183 2729 unius
1197 2663 1391 2730 auctoritate
1406 2666 1550 2749 pendent

191 2775 348 2851 quotquot
362 2767 480 2834 dehinc
498 2768 540 2833 de
555 2768 652 2835 rebus
667 2766 862 2833 caelestibus
884 2767 1042 2850 scripsere
1057 2766 1101 2831 ad
1115 2765 1249 2849 Kepleri
1273 2786 1375 2849 usque
1396 2775 1548 2835 κατοίσω.

189 2871 392 2936 accuratiora
418 2878 528 2961 tamen
556 2871 693 2936 inveniri
720 2869 774 2936 vix
805 2876 971 2952 poterunt,
1003 2868 1065 2934 nisi
1093 2868 1177 2934 forte
1209 2868 1424 2935 Isidorianum
1457 2870 1548 2936 illum

189 2973 327 3038 eundem
342 2993 415 3040 esse
430 2975 537 3057 placet
548 2981 646 3055 utrque
659 2972 845 3058 Hypsiclem
857 2990 878 3035 a
889 2978 1100 3054 praeceptore
1114 2970 1241 3037 Isidoro
1257 2969 1396 3058 [Fabric.
1408 2973 1491 3040 B.G.
1502 2974 1548 3038 IV

189 3077 231 3140 ‘20
252 3073 355 3160 Harl]
378 3075 649 3158 cognominatum,
671 3074 757 3157 quod
780 3073 918 3139 conIeoit
938 3073 1092 3141 Rohdeus
1114 3075 1135 3139 l.
1151 3094 1177 3138 o.
1201 3075 1263 3139 411
1283 3083 1309 3139 2.

273 3178 461 3244 Athenaeus
476 3177 537 3244 XV
552 3178 643 3241 6731>
666 3177 768 3241 multa
790 3175 995 3258 conqueritur
1017 3177 1059 3243 de
1075 3176 1328 3261 Hephaestionis
1342 3176 1466 3261 fraude,
1484 3196 1549 3260 qua

187 3300 258 3345 cum
280 3300 373 3345 suum
394 3287 462 3344 tum
483 3279 614 3344 Adrasti
637 3278 781 3345 libellum
803 3278 1008 3363 impudenter
1030 3278 1262 3363 compilaverit.
1306 3279 1443 3345 eandem
1465 3299 1548 3344 corn·

186 3382 386 3465 pendiariam
409 3382 524 3448 eodem
538 3383 678 3447 Adrasto
694 3381 887 3466 transcripto
910 3382 1034 3449 invenit
1049 3381 1150 3466 Theo,
1174 3401 1268 3465 quem
1285 3388 1358 3466 post
1372 3382 1545 3448 Martinam

257 3553 263 3582 ¹
284 3554 356 3606 Suid.
379 3573 399 3606 s.
425 3575 448 3606 r.
471 3551 594 3623 Ἀχιλλεὺς
616 3551 719 3612 Στάτιος
741 3550 843 3618 [Τάτιος
868 3557 946 3607 Pbot.
973 3556 1033 3606 bibl.
1060 3557 1118 3607 cod.
1137 3554 1171 3608 87
1194 3556 1303 3620 aliique]
1328 3551 1508 3625 Ἀλεξανδρεὺς,
1533 3556 1546 3609 b

184 3639 279 3709 γράψας
298 3642 329 3693 τὰ
347 3641 413 3693 κατὰ
430 3639 576 3712 Λευκίππην
594 3643 637 3694 καλ
657 3637 837 3711 Κλειτοφῶντα
860 3642 903 3693 καλ
926 3640 989 3693 ἄλλοι
1008 3642 1118 3710 ἐρωτικὰ
1136 3642 1162 3695 ἐν
1181 3640 1282 3711 βιβλίοις
1300 3644 1339 3712 η’.
1358 3643 1454 3712 γίγονιν
1473 3642 1546 3714 Iopa-

184 3745 226 3778 τον
246 3725 392 3797 Χριστιανὸς
411 3728 454 3779 καί
473 3727 613 3788 ἐπίσκοπος.

253 3814 367 3884 ἔγραψε
391 3814 421 3867 δὲ
444 3817 512 3884 περὶ
538 3817 666 3886 σφαίρας
690 3818 742 3869 καλ
766 3816 973 3886 ἐτυμολογίας
996 3819 1048 3869 καὶ
1071 3817 1210 3887 ἱστορίαν
1233 3817 1408 3885 οὑμμικτον
1426 3817 1545 3872 πολλῶν

183 3904 235 3954 καί
255 3902 395 3971 μεγάλων
414 3905 465 3954 καλ
485 3901 666 3972 θαυμασίων
684 3903 803 3973 ἀνδρῶν
822 3903 1085 3974 μνημονιίιουσαν.

252 3990 309 4043 bbl
332 3989 402 4058 λόγος
426 3989 502 4042 αὐτοῦ
526 3993 591 4042 κατὰ
615 3993 695 4044 πάντα
718 3990 801 4058 ὅμοιος
824 3996 875 4049 τοῖς
899 3992 1037 4060 ἐρωτικοῖς.
1073 3995 1104 4044 de
1129 3997 1280 4046 confusione
1305 3998 1378 4047 varia
1401 4011 1432 4046 ac
1454 3996 1545 4048 fraude

182 4080 277 4129 Suidae
305 4081 405 4129 monuit
426 4080 518 4130 Iacobs
543 4083 608 4146 prol.
632 4082 664 4130 ad
689 4081 783 4131 Achill.
808 4083 866 4132 Tat.
890 4091 916 4132 et
939 4082 1031 4133 Rohdc
1050 4097 1088 4146 gr.
1107 4083 1182 4133 Rom.
1202 4100 1226 4148 p.
1240 4081 1300 4135 471.
1328 4083 1542 4149 etymologiarum

181 4183 304 4232 aucupem
323 4183 350 4216 se
364 4167 478 4218 Achillea
497 4170 574 4218 etiam
591 4170 616 4218 in
635 4171 760 4234 excerptis
774 4171 878 4219 Arateis
892 4170 1005 4219 ostendit
1016 4169 1118 4221 Stoicos
1137 4179 1246 4220 secutus.
1269 4172 1360 4221 titulus
1378 4172 1405 4221 ln
1425 4186 1447 4220 c.
1460 4170 1544 4220 Vatlc.

181 4270 217 4316 gr.
242 4253 286 4305 191
309 4253 424 4319 bombyc.
443 4272 463 4304 s.
478 4269 621 4305 ,τιτι-,τιν
640 4266 678 4305 cst
696 4257 712 4305 t.
730 4255 796 4307 194ν
812 4256 905 4319 ἧτῶν
924 4255 1017 4324 ἀραίτοο
1036 4256 1191 4325 φαινομένων
1209 4254 1269 4325 πρὸς
1287 4255 1426 4325 τίσαγωγην
1444 4254 1473 4307 ἐκ
1492 4259 1544 4306 τῶν

181 4338 303 4408 οίχιλλίως
321 4342 376 4410 περὶ
394 4343 438 4390 τοῦ
458 4339 558 4397 παντὸςτ
572 4352 602 4395 θ
620 4351 762 4406 sequuntur
780 4340 948 4407 1.203ὀ(γο.
968 4360 1034 4407 quae
1048 4345 1170 4395 Petarius
1189 4363 1212 4411 p.
1226 4341 1376 4397 tes-276.
1397 4341 1543 4397 let-169.

181 4426 320 4481 ate-258
339 4430 432 4491 edidit,
457 4431 516 4478 dein
535 4431 552 4478 1.
566 4426 618 4480 210
642 4430 803 4495 Hipparchus
827 4431 859 4480 de
882 4431 974 4482 Arato.
1003 4435 1029 4483 in
1054 4434 1141 4483 codice
1165 4433 1242 4483 Laur.
1266 4432 1413 4482 inscribitur
1437 4429 1467 4482 ίκ
1490 4434 1543 4482 τῶν

179 4511 312 4583 ’λγιλλίως
335 4515 394 4585 πρὸς
413 4515 552 4584 τίσαγωγὴν
571 4514 604 4572 τίς
622 4515 653 4566 τὰ
672 4516 764 4584 ἀράτου
783 4514 919 4583 φαινόμινα
938 4518 994 4585 πιρλ
1011 4523 1056 4570 τοῦ
1075 4518 1173 4576 παντός.
1205 4521 1295 4570 ultima
1312 4521 1392 4573 rerba
1410 4537 1463 4574 non
1482 4525 1541 4573 titu-

180 4604 231 4652 lum
250 4604 308 4653 libri
328 4604 406 4667 (quod
427 4606 506 4654 suasit
522 4604 622 4654 Roseus
642 4608 687 4654 Ar.
701 4606 796 4655 Pseud.
810 4600 861 4656 622
880 4606 988 4656 sortasse
1008 4622 1106 4657 memor
1118 4607 1221 4658 Nicolai
1234 4608 1390 4659 Damascenl
1408 4610 1466 4660 libri
1485 4608 1540 4675 παρί

178 4693 223 4738 τοῦ
241 4688 339 4749 παντός,
358 4707 409 4754 quo
428 4691 482 4758 περὶ
495 4691 595 4742 παίντων
606 4695 658 4741 τῶν
671 4690 696 4741 ἐν
714 4696 750 4758 τῷ
763 4688 850 4757 κόσμῳ
867 4688 921 4741 κατ’
942 4690 995 4760 τίὸη
1013 4697 1116 4743 ποιεῖται
1132 4689 1260 4759 τὸνλόγον
1278 4696 1309 4744 ct.
1327 4694 1441 4758 Simpllc.
1461 4694 1540 4743 schol.

179 4780 256 4827 Arist.
277 4779 316 4828 ed.
336 4779 379 4829 Br.
397 4778 464 4831 469·
480 4781 506 4840 6)
525 4781 569 4829 sed
589 4781 662 4842 primi
682 4781 771 4843 capitis
790 4779 912 4830 indicant.
940 4796 1000 4830 narn
1018 4780 1123 4843 lingitur
1141 4779 1299 4844 sphaerae
1318 4780 1449 4841 machina,
1468 4783 1539 4830 cuius

177 4866 318 4913 institutum
338 4871 532 4918 commentarius
552 4867 725 4931 explicaturus
737 4875 783 4915 est.
803 4868 834 4916 cl.
848 4883 871 4930 p.
889 4867 934 4919 161
947 4881 963 4916 υ
977 4868 1033 4917 Pet.
1047 4864 1097 4933 χρὴ
1110 4864 1152 4916 τὸν
1170 4862 1331 4934 ίξηγοίιμινον
1344 4865 1385 4918 let
1399 4865 1430 4916 τὰ
1443 4864 1538 4917 local«

94 4956 96 4960 '
178 4947 302 5016 περιλινεῑν
320 4951 367 5019 τὴν
385 4958 497 5022 σφαῖραν,
516 4974 539 5019 p.
560 4952 632 5004 labo
653 4952 698 5020 rip
717 4952 762 5022 γὰρ
778 4949 849 5010 totto
866 4950 959 5020 ταύτην
976 4948 1013 5002 ἐπ’
1034 4950 1159 5021 αίιτῆςτῆς
1178 4952 1282 5021 σφαίρας
1293 4951 1366 5004 tom
1385 4950 1450 5004 ίδιῖν.
