3464 5586
276 366 318 431 6ss
743 368 782 415 IV
817 365 867 414 Da
887 365 989 414 saun
1006 363 1173 414 PLACI'I'IS

279 533 429 616 Apollod.
447 533 594 600 biblioth.
612 534 704 600 1873.
729 531 768 597 cf.
791 532 872 596 Mus.
889 532 990 597 Rhen.
1007 530 1118 595 XXXI
1134 529 1164 594 8.
1183 530 1222 594 Η.
1242 529 1284 595 de
1305 528 1441 594 Robden
1463 528 1505 594 de
1527 531 1638 596 mundi

275 636 437 702 miraculis
462 636 563 701 Bona.
582 637 665 701 1875
687 657 719 718 p.
735 632 799 720 46].
834 633 907 698 huic
929 633 1138 717 impostorum
1161 638 1270 697 sectae
1292 631 1487 696 Placitornm
1509 653 1638 716 quoque

275 738 468 822 epitomator
490 738 659 803 addendus
683 745 742 821 est,
766 757 860 819 quern
884 735 1017 801 calculis
1031 735 1074 799 ad
1089 733 1355 800 verisimilitatem
1371 732 1536 800 subductis
1552 735 1638 801 circa

275 840 414 906 medium
438 842 575 905 alterurn
597 841 762 904 saeculum
786 838 1014 922 compilarisse
1036 836 1179 901 dicimus.

360 943 553 1008 Stobaeus
575 942 703 1006 Attium
725 941 773 1005 ita
797 940 907 1006 divisit
928 940 1012 1005 inter
1034 944 1185 1021 quattuor
1207 936 1387 1020 anthologii
1409 938 1458 1004 sui
1481 939 1581 1005 libros
1602 948 1638 1005 ut

274 1046 378 1130 primo
401 1045 538 1130 physico
560 1063 666 1128 paene
689 1043 809 1126 omnia,
832 1043 926 1108 alteri
949 1040 1054 1107 ethico
1076 1061 1174 1105 unum
1196 1039 1336 1106 fortasse
1356 1041 1537 1108 alterumve
1552 1043 1638 1127 capi-

273 1149 389 1232 tulum,
417 1148 512 1214 tertio
537 1145 697 1232 (florilegii
725 1145 824 1230 priori
846 1144 945 1229 parti)
971 1143 1066 1225 nibil,
1094 1150 1208 1225 quomo
1231 1141 1391 1228 (florilegii
1418 1144 1512 1210 alteri
1539 1144 1638 1230 parti)

273 1270 394 1334 paucas
422 1250 554 1331 eclogas
580 1249 743 1314 tribueret.
795 1247 938 1332 physicis
965 1245 1162 1312 Placitorum
1191 1244 1306 1311 librum
1339 1266 1397 1331 pro
1424 1245 1636 1312 fundamento

273 1352 410 1419 sublecit
432 1351 569 1418 serratis
598 1351 694 1417 etiam
719 1351 862 1434 capitum
884 1351 1073 1432 plerumque
1095 1348 1211 1431 titulis,
1241 1349 1299 1414 sed
1322 1347 1445 1432 ordine,
1466 1354 1503 1413 ut
1524 1349 1638 1414 autho

273 1455 351 1539 logii
374 1456 456 1521 ratio
479 1454 615 1536 ferebat,
639 1473 738 1537 saepe
761 1459 895 1518 mutato.
930 1450 1016 1534 quod
1032 1456 1067 1516 ut
1081 1450 1263 1516 accuratius
1277 1450 1465 1534 perspicias,
1488 1451 1637 1518 conferas

273 1558 371 1624 velim
394 1557 528 1640 indices,
551 1577 632 1638 quos
655 1554 739 1620 Astii
759 1554 841 1619 libro
868 1552 1085 1637 praefiximus.
1120 1552 1196 1619 inde
1218 1561 1356 1636 apparet
1376 1552 1520 1619 ordinem
1536 1575 1637 1639 saepe

272 1668 428 1725 mutatum
453 1679 536 1743 esse,
559 1658 612 1723 ubi
641 1677 771 1723 causam
793 1656 914 1720 frustra
935 1655 1144 1737 quaesiveris.
1177 1674 1253 1720 nam
1275 1655 1439 1720 Plutarchi
1461 1657 1539 1722 ordo
1562 1657 1638 1725 lioet

272 1762 408 1828 subinde
431 1762 580 1828 turbatus
606 1760 657 1844 sit,
681 1759 714 1822 in
730 1758 914 1823 universum
937 1764 1046 1823 tamen
1069 1756 1281 1841 prohetiam
1302 1764 1390 1824 recte
1411 1756 1558 1825 adhiberi
1582 1783 1637 1846 po·

271 1865 355 1931 terit.
402 1864 457 1931 rix
488 1861 688 1947 vituperabis
716 1861 824 1945 capita
847 1860 910 1944 περὶ
934 1860 1005 1922 θεοῦ
1028 1866 1061 1924 et
1088 1857 1206 1923 slmilia
1231 1858 1406 1942 praecipuo
1433 1861 1504 1926 loco
1531 1865 1638 1946 posita

272 1986 353 2032 esse.
388 1986 464 2031 uam
487 1972 519 2033 et
542 1967 613 2050 ipse
634 1963 789 2046 autiquae
805 1961 879 2027 fidei
896 1960 1040 2026 studiose
1055 1959 1204 2024 addictus
1219 1966 1289 2025 erat
1304 1959 1465 2028 Stobaeus
1487 1971 1520 2029 et
1535 1963 1636 2032 lilium

271 2068 472 2153 Septimium,
489 2069 540 2134 cui
556 2066 778 2149 anthologiam
793 2064 1027 2146 destinaverat,
1043 2062 1226 2148 praeceptis
1241 2069 1274 2127 et
1285 2061 1433 2129 doctrina
1443 2065 1486 2130 ad
1498 2065 1636 2135 similem

272 2169 425 2252 pietatem
455 2170 574 2235 ducere
603 2170 763 2255 cupiebat.
815 2187 876 2233 nec
904 2168 986 2233 latet
1012 2186 1112 2231 causa
1139 2186 1198 2230 cur
1224 2172 1373 2245 quartum
1402 2167 1487 2233 aetii
1518 2169 1634 2236 librum

272 2271 383 2352 quicto
408 2272 636 2356 postposuerit,
659 2273 779 2356 quippe
801 2270 887 2336 unde
913 2270 957 2335 ad
979 2267 1103 2335 ethicas
1130 2287 1207 2332 suas
1235 2267 1366 2349 eclogas
1392 2268 1517 2335 facilior
1544 2271 1636 2338 fieret

269 2373 433 2438 transitus.

356 2475 394 2540 Iu
416 2473 496 2559 ipsis
519 2473 678 2558 capitibus
701 2475 934 2542 concinnandis
957 2475 1079 2541 maiore
1101 2471 1233 2539 licentia
1255 2481 1421 2555 grassatus
1444 2482 1502 2541 est.
1546 2478 1633 2560 quod

269 2577 301 2643 in
326 2577 482 2661 florilegio
506 2577 713 2645 Bernhardtii
736 2577 880 2664 [Quaest.
906 2577 995 2644 Stob.
1019 2599 1050 2661 p.
1066 2577 1204 2658 24-31,
1227 2574 1308 2641 blus.
1330 2575 1432 2642 Rben.
1449 2578 1543 2645 XVII
1557 2578 1632 2667 465]

269 2686 303 2745 et
325 2680 444 2746 Hensei
473 2676 651 2767 [Ritsclrelii
674 2683 744 2747 Act.
768 2682 827 2747 Ph.
851 2681 888 2746 L.
910 2682 943 2746 II
966 2677 1077 2766 lsqq.]
1105 2697 1207 2764 opera
1233 2679 1412 2746 luculenter
1433 2682 1631 2766 patefactum

270 2789 320 2848 est
343 2782 519 2848 Stobaeum
543 2790 713 2867 poetarum
736 2783 832 2849 flores
855 2782 1032 2849 omittendo
1055 2781 1233 2848 traiciendo
1248 2782 1474 2867 interpolando
1496 2783 1539 2848 ad
1560 2784 1634 2850 titu-

269 2885 372 2949 lorum
395 2884 636 2952 similitudinem
663 2891 830 2968 totumque
858 2885 931 2951 libri
957 2886 1138 2952 institutum
1164 2883 1414 2950 transformasse
1430 2887 1455 2970 ¹,
1483 2885 1569 2952 idem
1598 2887 1633 2953 in

268 2988 413 3072 physicis
436 2988 536 3053 multo
559 2988 714 3053 audacius
736 2995 768 3054 et
791 2987 992 3053 constantius
1013 2993 1204 3071 persecutus
1226 2994 1285 3052 est.
1329 2987 1466 3072 primum
1494 3009 1566 3055 cum
1588 2992 1633 3057 ad

268 3089 353 3154 hanc
374 3109 520 3154 normam
536 3098 691 3173 excerpta
707 3090 871 3156 ordinaret
887 3097 922 3154 ut
937 3090 1041 3173 primo
1056 3089 1212 3173 poetIcas,
1234 3095 1301 3154 tum
1316 3091 1485 3174 pedestres
1500 3093 1633 3176 eclogas

268 3197 466 3273 excerperet,
489 3210 555 3254 non
577 3193 677 3257 semol
698 3192 819 3257 factum
842 3199 902 3274 est,
926 3198 960 3256 ut
981 3210 1094 3256 versus
1116 3190 1159 3256 ab
1175 3190 1271 3257 Aetio
1293 3192 1409 3259 citatos
1433 3213 1473 3258 ex
1496 3193 1633 3277 pristina

266 3292 345 3357 sede
360 3293 490 3356 evulsos
506 3292 641 3374 poeticis
656 3294 822 3359 insereret.
845 3293 892 3357 ita
907 3312 948 3359 ex
963 3293 1047 3358 Astii
1063 3295 1110 3358 13
1126 3304 1142 3354 ι
1161 3294 1293 3359 Homeri
1308 3314 1437 3360 versum
1451 3302 1485 3363 et
1500 3316 1541 3362 ex
1556 3300 1577 3377 ξ
1590 3299 1629 3362 11

267 3393 422 3459 Heracliti
452 3393 635 3477 opinionem
666 3397 758 3478 quasi
781 3416 909 3462 versum
932 3395 1039 3461 alieno
1063 3397 1133 3462 looo
1157 3398 1337 3480 proposuit.
1381 3398 1499 3464 accidit
1521 3406 1631 3466 tamen

266 3495 426 3561 interdum
449 3502 485 3559 ut
507 3495 549 3560 ab
571 3497 717 3563 instituto
741 3518 798 3563 suo
814 3498 989 3564 recederet.
1024 3504 1091 3563 tum
1114 3519 1192 3565 vero
1215 3501 1388 3564 maximam
1407 3499 1631 3569 difficultatem

265 3597 360 3663 nobis
388 3599 524 3682 peperit,
552 3600 638 3681 quod
661 3599 789 3682 singula
818 3599 1082 3684 philosophorum
1110 3602 1231 3685 placita
1257 3623 1323 3667 non
1351 3603 1491 3684 genuino
1517 3604 1632 3671 ordine

265 3700 323 3766 sed
359 3720 458 3766 caeco
486 3701 624 3784 quodam
653 3723 729 3767 casu
752 3704 866 3769 ductus
889 3704 1079 3771 collocabat.
1114 3705 1191 3788 quid
1213 3705 1297 3769 enim
1320 3705 1443 3789 retulit,
1472 3726 1528 3771 cur
1549 3706 1631 3773 tva

265 3812 300 3868 ut
327 3804 389 3870 hoc
418 3813 490 3870 utar
521 3804 690 3888 opiniones
717 3806 763 3870 sic
792 3815 990 3889 perverteret
1015 3810 1380 3873 cataassim
1403 3809 1456 3892 qui
1483 3809 1541 3875 illa
1568 3811 1633 3894 pri·

265 3928 336 3971 mus
364 3907 544 3992 composuit
571 3928 643 3972 eum
672 3916 793 3974 temere
819 3916 917 3992 atque
940 3910 1152 3994 incomposite
1176 3916 1329 3994 tanquam
1353 3912 1437 3977 talos
1460 3910 1632 3995 opiniones

264 4010 438 4093 proiecisse
467 4010 642 4075 arbitratus
673 4010 745 4076 est?
774 4010 880 4077 fateor
903 4032 954 4075 me
977 4011 1176 4094 aliquamdiu
1199 4012 1232 4077 in
1255 4013 1369 4079 eodem
1392 4020 1499 4080 errato
1517 4013 1631 4081 fuisse.

265 4132 341 4177 mox
364 4112 545 4177 accuratius
568 4112 704 4178 intuenti
728 4113 895 4178 consilium
920 4115 1031 4197 patuit.
1060 4115 1101 4180 de
1123 4114 1284 4198 prioribus
1299 4116 1459 4199 capitibus
1473 4118 1564 4184 velut
1577 4118 1630 4183 13

263 4214 348 4278 infra
379 4215 561 4279 accuratius
594 4215 716 4281 vidoro.
763 4217 821 4281 sed
848 4216 962 4281 Attius
990 4216 1066 4281 dum
1095 4217 1242 4301 procedit
1270 4237 1309 4282 ac
1332 4217 1435 4300 magis
1462 4218 1631 4302 maghque

266 4336 380 4399 purum
405 4317 601 4381 Placitorum
624 4316 745 4383 fontem
773 4320 931 4402 sequitur,
959 4318 1113 4402 paulatim
1142 4327 1231 4385 certa
1258 4320 1418 4402 quaedam
1444 4321 1527 4386 ratio
1555 4341 1630 4387 con-

263 4418 354 4483 stitit.
394 4418 572 4484 rectissime
596 4421 681 4485 enim
704 4441 770 4486 non
793 4441 833 4486 ex
858 4420 1123 4504 philosophorum
1145 4421 1339 4505 nominibus,
1363 4423 1421 4488 sed
1444 4442 1484 4487 ex
1507 4422 1631 4507 opinio·

264 4539 340 4583 uum
364 4518 556 4603 cognatione
578 4523 851 4590 continuationem
875 4522 1037 4605 quandam
1061 4522 1206 4588 instituit.
1244 4544 1422 4609 proponam
1447 4545 1475 4590 e.
1491 4545 1522 4607 g.
1539 4526 1571 4590 Π
1587 4528 1629 4592 13

261 4624 324 4705 περὶ
349 4623 448 4692 οὐσίας
470 4623 593 4708 ἄστρων.

347 4726 362 4786 1
401 4725 620 4810 Θαλῆςγεώόη
725 4728 860 4814 ἔμπυρα

334 4945 340 4974 ¹
362 4950 487 4997 nonnulla
506 4953 582 4998 stiam
602 4952 663 4998 olim
682 4952 838 5015 interpolata
857 4953 956 5002 inuenit
974 4955 1005 5002 cl.
1026 4953 1093 5003 Mus.
1112 4955 1195 5005 Rhsrr.
1216 4956 1295 5006 XXX
1319 4952 1391 5007 180’.
