3442 5588
555 379 657 429 ttorn
676 376 778 427 roto.
792 377 829 426 ιν
844 372 902 425 νον
921 376 943 424 ν
964 373 977 423 1
992 383 1051 422 ι-ι

183 482 391 536 νουτιιιυιιι
410 442 1074 534 EPWU

211 621 370 706 Στράτων
393 621 441 683 καί
461 620 594 703 τὰπάθη
613 623 666 703 τῆς
681 623 778 705 ψυχῆς
796 636 813 689 3

169 724 216 789 καί
239 724 289 793 τὰς
312 724 463 808 αἰσθήσεις
485 723 515 785 ἐν
539 727 581 807 τῷ
604 722 780 807 ἡγεμονικῷ,

169 828 221 891 οὐκ
249 827 279 890 ἐν
312 829 370 896 τοῖς
393 826 553 889 πεπονθόσι
586 825 685 895 τόποις
718 846 780 889 συν-

170 928 314 992 ι’στασθαι.
342 928 372 990 ἐν
399 928 453 1012 γὰρ
480 927 572 1009 ταύτῃ
597 928 712 991 κεῖσθαι
727 927 779 1010 τῆν

146 1032 329 1114 υόπομονῆν,
351 1031 450 1114 ὥσπερ
472 1031 519 1094 ἐπί
540 1034 598 1092 τῶν
614 1031 715 1093 δεινῶν
731 1028 779 1092 καί

168 1135 305 1216 ἀλγεινῶν
343 1129 402 1218 [καί
435 1134 534 1218 ῶσπερ
567 1133 614 1196 ἐπὶ
644 1138 703 1195 τῶν
733 1133 779 1196 ἀν-

168 1236 269 1320 δρείων
291 1236 339 1299 καί
362 1232 488 1321 δειλῶν]

281 1640 424 1698 ΒίΒΛΙθΝ
444 1639 625 1697 ΠΕΜΠΤΟΝ.

225 1845 255 1895 oi·
298 1832 381 1918 Περί
406 1837 581 1916 μαντικῆς.
626 1838 714 1893 6105

133 2007 157 2045 ιο
212 1985 359 2051 Πλάτων
395 1986 444 2050 καί
480 1986 507 2048 οἱ
540 1982 692 2047 Στωικοί
725 1983 778 2066 τῆν
799 2001 810 2052 1

168 2089 306 2174 μαντικὴν
339 2088 485 2172 εἰσάγουσι
516 2086 590 2150 κατὰ
617 2086 650 2147 τό
679 2081 780 2147 ἔνθεον

168 2192 238 2275 όπερ
265 2191 341 2255 ἐστίν
369 2187 553 2254 ἐνθεαστικόν
590 2183 675 2274 [κατὰ
705 2186 780 2250 θειό-

167 2316 239 2376 τῆτα
266 2297 319 2377 τῆς
340 2297 453 2378 ψυχῆς,
481 2290 552 2376 ὅπερ
581 2288 659 2353 εἶπεν
682 2289 780 2353 ἐνθου-

168 2394 327 2476 σιαστικόν]
343 2395 391 2458 καί
407 2394 440 2456 τό
456 2392 678 2477 ὀνειροπολικόν.
700 2390 779 2455 οὖτοι

133 2517 157 2554 ιο
169 2497 205 2560 τὰ
227 2501 348 2560 πλεῖστα
371 2496 446 2580 μέρη
468 2499 520 2578 τῆς
536 2498 675 2576 μαντικῆς
691 2493 780 2579 ἐγκρί-

167 2618 258 2663 νουσι.

210 2699 417 2784 Ξενοφάνης
439 2698 488 2762 καί
507 2696 709 2784 Ἐπίκουρος
732 2699 813 2773 σίν-ν

167 2807 281 2887 αιροόσι
303 2803 355 2885 τῆν
379 2803 527 2884 μαντικήν.

951 444 1252 530 εἰυιιλιῖιέοιλκν.
1267 478 1293 527 ιι
1312 477 1340 527 ιο

1014 1817 1097 1904 Περὶ
1121 1823 1305 1902 μαντικῆς·

211 2903 424 2987 Πυθαγόρας
447 2903 480 2966 tt
503 2902 589 2985 μόνον
612 2904 645 2966 τό
661 2904 814 2981 θυτικόνρ
842 2978 852 3001 Ι

131 3027 156 3065 νυ
168 3006 222 3071 οόκ
243 3005 375 3091 ἐγκρίνει.

159 3227 270 3298 4τοίνιιρ
282 3233 349 3280 coni.
363 3232 446 3281 Zolior
456 3232 483 3282 11
493 3228 518 3294 2,
532 3227 608 3282 743⁴.
621 3230 666 3279 sed
679 3231 781 3282 videtur

124 3327 257 3369 contracto
269 3321 405 3379 sententia,
419 3302 521 3382 quolen'o
534 3318 612 3367 tradit
623 3315 779 3382 [Plutarch]

123 3413 172 3458 otr.
180 3420 263 3456 rin-on
273 3421 343 3469 corp.
353 3406 406 3455 sitii
416 3405 488 3455 bid.i
498 3403 515 3454 4
526 3399 645 3471 Στράτων
654 3399 668 3453 ὀ
677 3402 780 3472 φυσικός

123 3487 152 3541 οό
177 3487 252 3558 μόνον
269 3488 313 3547 τὰς
336 3486 468 3559 ἐπιθυμίας
486 3487 549 3541 ἀλλὰ
566 3487 611 3540 καί
628 3488 673 3548 τὰς
694 3488 780 3555 λόπας,

123 3574 180 3628 obit
203 3574 261 3632 τοὺς
284 3574 376 3644 φόβους
394 3577 437 3629 καί
460 3576 518 3635 τοὺς
544 3573 650 3646 φθόνους
672 3578 715 3631 καί
736 3580 780 3638 τός

123 3661 339 3733 ἐπιχαιρεκακίας,
363 3663 427 3716 ἀλλὰ
449 3664 493 3715 καὶ
517 3662 606 3722 πόνους
628 3666 672 3717 καί
693 3663 780 3725 ὀθόνας

124 3750 174 3815 [εἰσ
198 3752 371 3816 Wyttenbaoh
385 3765 411 3804 et
422 3752 559 3813 Duebner,
583 3763 660 3804 antea
679 3751 780 3822 ῆόονάς]

123 3835 168 3888 καί
191 3834 327 3905 ἀλγηδόνας
350 3838 393 3890 καί
416 3836 482 3896 όλιυς
505 3841 587 3890 πᾶσαν
609 3837 726 3911 αἴσθησιν
749 3841 780 3894 ίν

120 3930 158 3992 τῇ
181 3923 266 3994 ψυχῇ
286 3923 505 3978 συνίστασθαι...
531 3924 543 3994 ii
566 3926 583 3977 4
600 3925 697 3980 κεῖσθαι
719 3931 780 3981 Be:

122 4010 167 4075 [oi.
186 4014 258 4063 Proi.
277 4030 302 4078 p.
317 4010 376 4076 37]=
406 4009 526 4066 κινεῖσθαι
545 4014 592 4079 (Α)
624 4012 637 4083 ii
663 4015 779 4069 ὀκαλ-

122 4096 211 4149 δειλῶν
244 4110 272 4149 ut
304 4103 402 4151 variam
431 4105 544 4166 priorum
578 4103 713 4153 lectionem
740 4107 779 4155 in·

122 4188 199 4247 clusi,
223 4189 338 4252 neglexit
358 4204 390 4238 ea
412 4189 436 4241 G
463 4185 475 4255 ίί
499 4193 552 4240 τῶν
573 4190 636 4240 AB:
656 4206 707 4242 om.
726 4192 747 4243 C
766 4188 777 4258 ίί

122 4274 138 4325 9
163 4275 196 4324 do
220 4273 269 4325 o.l
295 4276 326 4324 ci.
350 4277 421 4326 Prol.
440 4293 465 4340 p.
478 4274 530 4327 224
560 4273 572 4343 ίί
601 4276 630 4327 ll
657 4277 780 4347 μαντικὴν

121 4357 182 4410 εἶναι
195 4358 292 4428 λέγουσι
305 4362 337 4423 Β,
355 4363 400 4411 sed
416 4361 537 4430 εἰσάγουσι
548 4380 625 4428 super
644 4364 780 4434 ἐγκρίνουσι

123 4465 148 4498 ν.
159 4443 206 4513 liii
217 4445 247 4499 12
256 4444 661 4503 ἐνθεαστικόνίὶιένθουσιαστικόν
671 4449 779 4520 (ΑλΒΟίί

123 4532 434 4587 κατὰ-ἐνθουσιαστικόν
453 4538 617 4603 paraphrasis
637 4540 733 4591 ποιεῦ
752 4542 778 4589 in

123 4631 272 4673 contextum
295 4626 398 4688 irrepsit
417 4621 429 4689 ij
452 4623 484 4675 14
511 4635 570 4688 post
598 4621 780 4694 ὀνειροπολικόν

123 4711 195 4760 addit
208 4710 232 4762 G
250 4711 294 4762 καί
306 4707 334 4761 τό
347 4708 526 4780 ἀστρονομικόν
542 4712 587 4763 καί
605 4711 633 4763 τό
652 4710 780 4782 ὀρνεοσκο-

123 4795 205 4847 ποιόν.
232 4805 260 4847 at
288 4801 396 4849 refertur
418 4801 534 4850 Platonis
558 4801 678 4852 doctrino
701 4798 778 4867 (Tim,

123 4901 148 4948 p.
167 4883 245 4948 tir).
272 4888 324 4936 iam
351 4881 420 4936 οὗτοι
446 4895 506 4937 sunt
532 4885 614 4937 Stoici
642 4890 673 4938 cf.
704 4888 775 4938 Prol.

121 4969 237 5035 [πόδες.
258 4970 270 5038 ii
292 4969 326 5024 20
344 4970 392 5023 οόκ
411 4989 461 5025 om.
483 4975 504 5024 C

833 3158 1032 3165 -————....

868 3231 881 3282 l
902 3234 934 3282 do
953 3233 1059 3286 Stoboei
1078 3253 1099 3286 o.
1119 3240 1150 3288 oi.
1171 3239 1242 3288 Proi.
1262 3255 1287 3302 p.
1301 3237 1331 3289 61

1423 375 1486 436 415
