3442 5588
517 332 774 384 FRAGMENTUM
794 333 843 383 DF
865 331 1042 384 SFNSIBUS
1059 329 1191 395 §30-37
1474 332 1537 395 509

224 500 299 562 κατά
320 500 353 563 τδ
378 497 501 580 μέγεθος
522 504 581 561 τῶν
603 497 803 582 αἰσθητηρίων
824 498 897 562 εἰναι
919 501 971 584 τήν
994 500 1148 584 αἴσθησιν,
1169 502 1202 564 τδ
1230 502 1282 584 μὲν
1303 501 1400 565 αὐτῶν
1422 500 1486 586 ἔχει

222 601 287 664 τινά
315 599 453 683 ἀπορίαν,
486 599 546 662 οἷον
580 600 701 684 πότερον
733 599 769 664 τὰ
795 601 885 685 μικρά
912 604 1021 683 μᾶλλον
1053 605 1072 687 ή
1106 604 1142 667 τὰ
1174 605 1285 686 μεγαλα
1313 607 1372 666 τῶν
1400 603 1485 690 ζῴων

223 702 393 785 αἰσθητικά·
425 700 517 771 δόξειε
538 703 592 788 γὰρ
614 702 649 766 ἀν
672 701 875 788 ἀκριβεστέρας
896 702 1064 789 αἰσθήσεως
1090 705 1163 770 εἰναι
1189 706 1225 769 τά
1248 707 1336 790 μικρὰ
1359 708 1400 791 μὴ
1422 710 1486 770 λαν-

227 805 341 882 θάνειν,
364 804 413 867 καί
436 803 499 886 ἅμα
519 804 552 866 τδ
575 804 612 867 τά
633 803 744 866 ἐλάττω
766 805 922 888 δυνάμενον
937 807 986 870 καί
1000 809 1038 871 cd
1060 809 1151 891 μείζω
1172 809 1275 893 κρίνειν
1297 808 1351 871 οἰικ
1372 808 1486 891 αῖλογον.

196 937 209 974 s
226 907 289 990 άμα
311 907 344 969 δέ
366 906 414 970 καί
437 907 519 969 δοκεῖ
538 905 604 989 περὶ
627 905 704 974 ἐνίας
726 905 877 990 αἰσθήσεις
892 908 1004 992 βέλτιον
1020 907 1099 994 ἔχειν
1114 910 1151 973 τὰ
1166 912 1255 995 μικρά
1268 916 1327 973 τῶν
1343 914 1486 994 μεγάλων,

225 1013 302 1075 ὥστε
322 1009 415 1093 ταίκτη
438 1010 491 1092 μὲν
513 1008 619 1093 χείρων
642 1010 662 1091 ή
685 1012 744 1071 τῶν
761 1009 900 1091 μειζόνων
915 1009 1061 1095 αἴσθησις.
1213 1014 1240 1076 εἰ
1255 1012 1280 1076 δ’
1301 1011 1338 1077 αὖ
1353 1013 1483 1096 φαίνεται
1502 1021 1536 1075 35

225 1112 390 1177 καὶπολλὰ
415 1109 567 1174 λανθάνειν
594 1111 631 1174 τὰ
658 1112 747 1195 μικρά
773 1111 844 1193 [τῶν
870 1113 1010 1195 μειζόνων
1040 1113 1100 1177 οίον
1127 1116 1154 1177 οἱ
1182 1116 1286 1200 ψόφοι,
1319 1116 1488 1201 χρώματα],

224 1216 344 1302 βελτίων
366 1216 386 1298 ή
413 1217 472 1277 τῶν
499 1213 653 1295 μειζόνων·
686 1215 748 1295 ἅμα
772 1215 805 1277 δέ
826 1214 875 1277 καί
903 1213 1036 1298 εὔλογον,
1064 1217 1162 1301 ὥσπερ
1185 1218 1233 1282 καί
1261 1220 1314 1303 τὴν
1344 1219 1414 1301 όλην
1435 1223 1487 1281 τοῦ

224 1321 360 1401 σώματος
382 1320 493 1400 κρᾶσιν,
516 1317 626 1398 ὁμοίως
648 1314 727 1401 ἔχειν
749 1317 856 1380 καὶτὰ
878 1318 943 1402 περί
965 1319 1016 1387 τάς
1038 1317 1201 1402 αἰσθήσεις.
1241 1324 1327 1382 τοῦτο
1351 1320 1403 1402 μὲν
1425 1319 1486 1396 οόν,

186 1450 210 1488 ιο
228 1423 327 1504 ὥσπερ
349 1417 472 1503 ἐλέχθη,
495 1420 695 1503 διαπορήσειεν
718 1419 753 1483 ἀν
775 1443 832 1496 τις,
861 1421 887 1484 εἰ
909 1420 966 1505 ἀρα
987 1422 1036 1484 καί
1057 1422 1103 1483 δεῖ
1122 1420 1214 1503 λέγειν
1241 1421 1347 1490 οὕτως·
1375 1422 1409 1485 οδ
1433 1424 1486 1507 γὰρ
1573 1454 1574 1459 ’

224 1524 254 1588 ἐν
276 1527 336 1592 τοῖς
358 1522 469 1604 ὁμοίοις
490 1520 599 1604 γένεσιν
621 1523 784 1606 ἀφώρισται
806 1522 880 1585 κατὰ
901 1524 935 1586 τδ
958 1522 1095 1605 μέγεθος,
1122 1523 1198 1586 ἀλλά
1225 1527 1388 1607 κυριώτατα
1415 1522 1486 1593 ἴσως

225 1629 245 1710 ή
279 1629 330 1689 τοῦ
366 1628 502 1708 σώματος
539 1624 668 1693 διάθεσίς
705 1647 737 1687 τε
768 1625 816 1688 καὶ
847 1629 957 1709 κρᾶσις.
1001 1626 1035 1689 τδ
1062 1626 1095 1688 δέ
1121 1627 1193 1709 πρδς
1218 1626 1255 1688 τά
1281 1625 1391 1709 μεγέθη
1428 1629 1480 1711 τὴν

224 1727 399 1812 συμμετρίαν
425 1727 594 1791 ἀποδιδόναι
620 1731 678 1789 τῶν
698 1725 848 1807 αἰσθητῶν
872 1724 965 1790 ἔοικεν
991 1728 1103 1810 ὁμοίως
1127 1728 1219 1810 λέγειν
1244 1725 1485 1810 Ἐμπεδοκλεῖ·

224 1835 267 1915 τῷ
290 1830 344 1915 γὰρ
365 1830 549 1915 ἐναρμόττειν
571 1832 631 1899 τοῖς
652 1828 752 1913 πόροις
773 1830 923 1912 ποιεῖτὴν
945 1827 1091 1912 αἴσθησιν.
1137 1832 1213 1914 πλὴν
1235 1830 1283 1893 ἐπί
1305 1835 1357 1914 τῆς
1380 1832 1487 1915 ὀσφρή-

186 1960 209 1998 ιι
228 1953 302 2001 σεως
324 1930 395 1996 ἴδιον
418 1932 568 2017 συμβαίνει
588 1929 742 2015 δυσχερές·
767 1928 841 2003 ὄζειν
865 1932 917 2014 μὲν
939 1933 993 2015 γάρ
1008 1953 1080 2016 φησι
1095 1933 1144 1995 τδν
1159 1934 1263 1995 λεπτδν
1278 1931 1349 2015 ἀέρα
1367 1935 1486 2015 μᾶλλον,

227 2034 435 2119 ὀσφραίνεσθαι
458 2035 491 2097 δέ
513 2033 713 2118 ἀκριβέστερον
737 2033 792 2097 όσα
813 2035 863 2096 τδν
886 2034 992 2096 πυκνὸν
1015 2035 1034 2117 h
1056 2035 1105 2096 τδν
1129 2035 1218 2117 μανδν
1240 2035 1329 2097 ἕλκει.

290 2137 355 2221 περί
369 2137 402 2200 δέ
416 2140 469 2219 τής
484 2135 640 2219 ἐμφάσεως
660 2136 742 2219 κοινή
764 2135 807 2204 τίς
827 2136 903 2199 ἐστιν
925 2138 945 2219 ή
968 2135 1050 2205 δόξα·
1074 2137 1180 2220 σχεδὸν
1201 2137 1256 2221 γὰρ
1278 2138 1305 2200 οἱ
1328 2136 1429 2199 πολλοὶ
1451 2138 1485 2200 τδ
1504 2144 1537 2198 36

226 2241 295 2324 ὁρᾶν
317 2238 410 2307 οὕτως
432 2238 667 2322 ὑπολαμβάνουσι
697 2237 745 2301 διὰ
767 2238 819 2322 τὴν
846 2237 996 2321 γινομένην
1018 2238 1131 2307 ἐντοῖς
1161 2240 1325 2323 ὀφθαλμοῖς
1352 2236 1487 2323 ἔμφασιν.

225 2345 310 2404 τοῦτο
332 2342 366 2404 δέ
387 2340 484 2404 οδκέτι
507 2342 635 2404 συνεῖδον
664 2343 704 2409 ὡς
731 2337 799 2403 οὔτε
824 2341 861 2404 τὰ
888 2340 999 2424 μεγέθη
1025 2340 1176 2425 σύμμετρα
1204 2342 1241 2405 τὰ
1268 2343 1404 2425 ὁρώμενα
1428 2347 1488 2411 τοῖς

187 2472 212 2511 ιο
228 2442 449 2528 ἐμφαινομένοις
471 2440 538 2506 οὔτε
560 2443 752 2526 ἐμφαίνεσθαι
780 2441 874 2506 πολλὰ
900 2442 963 2524 ἅμα
989 2443 1038 2506 καί
1064 2445 1199 2507 τάναντία
1226 2443 1359 2520 δυνατόν,
1385 2441 1428 2507 ἔτι
1456 2444 1488 2507 δὲ

225 2548 335 2631 κίνησις
365 2546 413 2609 καί
442 2546 587 2628 διάστημα
616 2545 665 2608 καὶ
697 2543 818 2626 μέγεθος
848 2545 940 2628 όρατά
969 2544 1037 2627 μέν,
1069 2543 1194 2630 ἔμφασιν
1224 2546 1257 2608 δὲ
1282 2546 1317 2609 οὐ
1346 2551 1487 2610 ποιοῦσιν.

228 2649 313 2719 ἐνίοις
336 2649 369 2711 δὲ
390 2651 448 2711 τῶν
471 2645 557 2732 ζῴων
579 2646 663 2710 οὐδὲν
686 2646 871 2730 ἐμφαίνεται,
903 2647 1037 2732 καθάπερ
1065 2653 1125 2718 τοῖς
1154 2649 1410 2733 σκληροφθαλροις
1438 2651 1487 2713 καί

228 2755 287 2820 τοῖς
309 2751 447 2834 ἐνόδροις.
490 2747 532 2812 ἔτι
555 2749 588 2811 δέ
610 2748 658 2811 καί
680 2752 738 2811 τῶν
760 2748 883 2834 ἀψύχων
907 2751 956 2812 διά
976 2773 1009 2833 γε
1030 2755 1115 2814 τοῦτο
1137 2751 1232 2814 πολλὰ
1254 2750 1288 2814 ἀν
1309 2753 1416 2837 δρῷεν·
1440 2753 1488 2816 καί

225 2852 279 2936 γὰρ
302 2852 332 2916 ἐν
355 2854 436 2916 ὕδατι
458 2853 507 2915 καὶ
530 2854 633 2936 χαλκῷ
657 2852 706 2914 καὶ
728 2851 837 2935 ἑτέροις
858 2855 977 2922 πολλοῖς
998 2853 1074 2917 ἐστιν
1094 2855 1261 2923 ἀνάκλασις.
1411 2855 1483 2940 φησί
1503 2863 1536 2917 37

185 2983 211 3021 ss
228 2956 262 3019 δὲ
289 2955 338 3019 καί
365 2955 451 3025 αδτδς
480 2953 672 3039 ἐμφαίνεσθαι
700 2954 752 3035 μὲν
781 2953 823 3023 εἰς
848 2953 963 3037 ἄλληλα
989 2953 1052 3040 (τὰ)
1078 2959 1238 3041 χρώματα,
1265 2960 1374 3039 μᾶλλον
1397 2958 1430 3021 δὲ
1451 2959 1484 3020 τδ

227 3058 346 3142 ἰσχυρὸν
372 3057 413 3128 εἰς
440 3058 473 3120 τδ
503 3056 637 3125 ἀσθενές·
666 3056 743 3118 ὥστε
768 3056 903 3141 ἑκάτερον
932 3058 984 3140 μὲν
1011 3058 1103 3142 ἐχρῆν
1127 3060 1212 3142 δρᾶν,
1243 3061 1352 3142 μᾶλλον
1375 3061 1408 3122 δὲ
1429 3058 1488 3144 <τδ>

227 3159 318 3243 μέλαν
340 3161 389 3224 καί
411 3161 487 3228 όλως
515 3158 574 3244 (τὸ)
601 3156 817 3240 ἀσθενέστερον.
862 3160 906 3222 διδ
937 3160 985 3222 καί
1011 3160 1064 3244 τὴν
1094 3158 1158 3246 ὄψιν
1185 3161 1323 3245 όμόχρων
1350 3165 1428 3225 ποιεῖ
1450 3167 1488 3245 τῇ

226 3263 304 3325 νυκτὶ
327 3263 375 3325 καί
397 3264 430 3325 τδ
452 3266 516 3347 φῶς
538 3261 627 3325 αἰτιον
651 3263 703 3343 τῆς
724 3258 889 3342 ἐμφάσεως.
924 3261 1016 3325 καίτοι
1039 3267 1153 3347 πρῶτον
1176 3264 1228 3346 μὲν
1244 3265 1277 3326 τδ
1292 3268 1358 3348 φῶς
1373 3266 1487 3348 δρῶμεν

228 3364 299 3429 αἰιτδ
323 3363 359 3428 δι’
388 3366 525 3448 οὐδεμιᾶς
547 3364 718 3450 ἐμφάσεως,
741 3359 841 3425 ἔπειτα
867 3362 950 3426 οὐδὲν
976 3365 1063 3447 ήττον
1089 3365 1125 3429 τά
1152 3365 1263 3449 μέλανα
1289 3371 1348 3430 τῶν
1376 3369 1487 3429 λευκῶν

186 3494 211 3533 ιι
228 3467 282 3532 οἰικ
316 3464 380 3552 ἔχει
412 3473 486 3555 φῶς.
531 3464 573 3530 ἔτι
601 3468 633 3529 δὲ
660 3466 714 3529 κάν
741 3468 801 3535 τοῖς
827 3464 925 3535 ἄλλοις
951 3467 996 3530 ἀεὶ
1023 3468 1075 3552 τὴν
1103 3466 1228 3554 ἔμφασιν
1251 3472 1366 3554 δρῶμεν
1388 3469 1429 3539 εἰς
1452 3471 1486 3532 τδ

226 3570 425 3656 λαμπρότερον
448 3572 497 3634 καί
519 3569 724 3654 καθαρώτερον
746 3566 908 3651 γινομένην,
930 3568 1029 3654 ὥσπερ
1044 3571 1092 3634 καί
1107 3571 1194 3643 αὐτὸς
1208 3571 1284 3656 λέγει
1299 3572 1366 3641 τοδς
1381 3571 1489 3654 ὑμένας

224 3677 285 3736 τῶν
308 3673 447 3756 ὀμμάτων
470 3673 591 3742 λεπτοδς
613 3671 685 3735 εἶναι
708 3672 757 3735 καί
779 3671 939 3754 λαμπρούς.
982 3671 1095 3737 τιθέασι
1118 3675 1220 3737 δὲκαὶ
1243 3674 1295 3758 τὴν
1317 3672 1382 3757 ὄψιν
1398 3675 1488 3759 αὐτὴν

228 3776 256 3837 οἰ
272 3775 374 3838 πολλοὶ
388 3775 489 3859 πυρός,
510 3774 577 3861 (ὡς)
598 3775 700 3839 τοότου
715 3774 766 3843 τὰς
788 3773 879 3859 χρόας
902 3774 1081 3860 μετεχούσας
1104 3779 1223 3858 μᾶλλον.
1259 3774 1489 3862 Ἀναξαγόρας

178 3961 276 4033 1ίχιιν
297 3965 354 4017 PF:
373 3981 438 4016 corr.
459 3969 600 4017 Vossianus
619 3976 644 4016 οι
663 3961 796 4016 Gemotius
816 3956 830 4028 Η
883 3964 1027 4033 ἐμφαίνεται
1049 3967 1175 4017 wimmer
1199 3963 1214 4033 Η
1237 3964 1272 4018 23
1294 3963 1405 4035 ἐνόδροις
1428 3968 1464 4018 P:
1486 3962 1539 4017 ἰνίο-

175 4050 192 4104 3
216 4048 282 4112 δόξει
300 4054 357 4104 PF:
377 4069 442 4103 corr.
461 4052 607 4119 Stephanus
635 4048 649 4120 Η
679 4051 697 4103 4
720 4047 773 4117 ἅμα
799 4047 832 4100 τὰ
883 4053 983 4122 γροιςΙί
1002 4044 1017 4119 Η
1038 4049 1071 4104 25
1089 4051 1122 4103 τὰ
1134 4054 1233 4104 eddidit
1246 4053 1389 4106 Schneider
1409 4050 1423 4121 Η
1444 4050 1470 4104 δὲ
1488 4056 1540 4110 τοῖς

177 4145 217 4191 τῶ
239 4157 277 4207 pr.
307 4142 328 4192 F
352 4137 366 4208 Η
392 4139 408 4193 5
431 4138 482 4192 ἰνια
505 4142 563 4193 PF:
592 4157 657 4191 corr.
676 4140 831 4204 Stephanus.
882 4142 916 4192 F:
936 4139 961 4192 δί
983 4137 1035 4195 τδῖς
1056 4142 1093 4190 sic
1115 4157 1152 4206 pr.
1176 4143 1198 4191 P
1224 4136 1238 4207 Η
1263 4139 1297 4194 26
1323 4138 1353 4192 τὸ
1380 4149 1440 4192 ente
1462 4137 1540 4207 μίλαν

174 4225 237 4297 πρδς
266 4227 331 4285 ἐνίας
357 4231 424 4279 coni.
452 4231 554 4280 Usener
583 4225 595 4295 Η
625 4227 641 4279 7
668 4231 721 4279 τῶν
752 4223 831 4293 μκιζί·
883 4240 908 4280 et
927 4209 1099 4296 ἀσθενέστερον
1117 4228 1217 4278 eddidit
1239 4228 1381 4280 Schneider
1399 4224 1414 4295 Η
1434 4225 1468 4279 30
1492 4225 1540 4277 κάν

175 4333 227 4367 νων
251 4318 347 4367 delevit
368 4316 517 4368 Schneider.
541 4313 763 4384 οῖον-χρώματα
786 4314 830 4364 de·
883 4320 985 4383 scripsi:
999 4312 1020 4386 γ
1032 4314 1058 4366 ἰν
1070 4318 1148 4379 vulgo
1161 4318 1192 4367 cf.
1204 4316 1235 4367 G.
1247 4317 1357 4367 Mueller
1366 4317 1397 4366 de
1407 4314 1540 4379 Theophr.

175 4406 240 4455 levit
258 4404 412 4469 Philippsou
437 4401 449 4470 Η
472 4401 506 4454 10
528 4403 572 4456 καὶ
595 4402 632 4454 δεῖ
657 4407 694 4455 sic
722 4403 767 4454 PF
799 4403 831 4452 cf·
884 4406 987 4456 dicendi
1005 4420 1064 4469 geu.
1083 4401 1222 4465 [Arnstudt
1237 4402 1316 4467 1874]
1335 4400 1407 4469 1:27
1422 4398 1436 4467 Η
1456 4397 1491 4452 33
1504 4397 1540 4457 ιθς

178 4492 281 4543 Vshlen
309 4492 343 4542 sd
369 4493 478 4541 Aristot:
508 4491 583 4542 Poeh
611 4489 714 4552 [Berol.
745 4483 829 4556 1874]
883 4493 972 4543 addidi
999 4487 1013 4556 Η
1039 4487 1132 4558 ταότης
1156 4492 1214 4542 PF:
1242 4493 1354 4541 correxit
1381 4491 1482 4541 Usener
1508 4489 1539 4539 cf.

176 4596 202 4645 p.
216 4578 266 4633 176
280 4575 294 4646 Η
310 4578 340 4630 11
356 4576 497 4646 κυριωτέρα
510 4592 563 4627 nen
577 4581 749 4628 necessarium
763 4584 802 4626 esi
815 4570 829 4642 Η
884 4576 1014 4644 [Aristus]
1036 4579 1067 4629 de
1086 4580 1135 4628 col.
1155 4595 1180 4643 p.
1193 4576 1293 4629 isles.
1321 4577 1365 4629 καὶ
1383 4573 1477 4645 ταύτης
1494 4577 1540 4644 τῆς

178 4665 212 4716 14
229 4663 258 4715 τό
275 4664 322 4733 γὰρ
333 4666 390 4717 PF:
410 4681 476 4717 corr.
496 4667 648 4730 Philippson
669 4659 683 4731 Η
705 4664 736 4716 16
755 4661 771 4731 ή
789 4661 833 4713 τδν
884 4664 981 4735 φόσεως
999 4666 1043 4723 τὰς
1061 4663 1138 4734 χρόας
1156 4661 1308 4733 μετεχοίισας
1326 4661 1421 4731 μᾶλλον
1434 4664 1540 4716 Schnei-

175 4750 265 4820 μικρόν
277 4753 334 4804 PF:
355 4769 420 4803 corr.
433 4755 559 4804 Wimmer
571 4755 602 4803 ef.
616 4750 674 4815 §30
692 4749 787 4816 1:⁵⁰7,
799 4747 832 4800 33
885 4756 931 4805 der
949 4751 963 4820 Η
983 4756 1029 4822 τῆς
1047 4750 1123 4821 χρόας
1136 4754 1170 4803 Ρι
1190 4755 1236 4820 τῆς
1254 4750 1338 4820 χρείας
1351 4754 1409 4803 esd.
1422 4769 1455 4803 m.
1472 4768 1540 4803 corr.

176 4848 203 4890 et
221 4838 305 4902 508st
336 4836 350 4905 Η
382 4838 414 4891 18
435 4836 540 4907 ἔμφασις
567 4842 594 4890 in
615 4856 679 4904 mrg.
705 4854 755 4888 sec.
777 4832 834 4902 ΡΗ
885 4858 923 4906 pr.
941 4843 975 4892 F:
994 4857 1059 4891 corr.
1079 4840 1220 4890 Schneider

176 4925 211 4977 ‘22
230 4925 300 4977 οὐδὲν
319 4926 430 4996 φαίνεται
443 4928 499 4978 PF:
519 4944 584 4978 cers.
602 4927 757 4979 Schneider:
777 4921 831 4974 οὔδ’
