3442 5588
623 352 898 403 Pronnoonnsn
1377 352 1437 416 221

72 517 193 581 πάντων
207 520 241 582 τὸ
256 525 323 605 πῦρ·
345 521 378 584 ἐκ
401 521 492 604 πυρθς
513 520 567 604 γὰρ
589 521 625 584 τά
647 522 740 585 πάντα
761 521 893 604 γίνεσθαι
916 522 964 584 καὶ
988 521 1029 590 εἰς
1051 526 1109 604 πῦρ
1132 523 1225 585 πάντα
1240 526 1374 586 τελευτᾶν

74 619 181 683 τούτου
203 622 237 684 δὲ
259 623 523 708 κατασβεννυμένου
546 624 787 705 κοσμοποιεῖσθαι
811 625 847 689 τά
869 624 973 686 πάντα.
1006 629 1122 707 πρῶτον
1145 625 1272 708 μὲνγὰρ
1294 627 1328 688 τὸ
1350 649 1442 711 παχυ-

76 721 254 804 μερέστατον
277 724 366 788 αὐτοῦ
388 725 429 795 εἰς
453 727 524 789 αὑτὸ
547 727 773 809 συστελλόμενον
796 731 833 810 γῆ
856 725 989 808 γίγνεται,
1016 723 1115 790 ἔπειτα
1138 727 1368 812 ἀναχαλωμένην
1390 730 1442 812 τὴν

74 826 131 906 γῆν
159 824 216 886 ὑπὸ
242 830 294 888 τοῦ
323 828 413 910 πυρὸς
434 827 518 912 ρῦσει
545 828 624 912 ῦδιυρ
647 829 870 905 ἀποτελεῖσθαι,
902 829 1143 911 ἀναθυμιώμενον
1166 830 1198 892 δὲ
1221 829 1293 913 ἀέρα
1315 831 1442 913 γίνεσθαι

76 926 164 989 πολιν
192 927 225 990 δὲ
253 929 303 991 τὸν
325 928 435 1010 κόσμον
464 930 513 994 καὶ
535 930 686 994 πάντατὰ
708 933 831 1013 σώματα
855 930 911 992 ὑπὸ
933 933 1022 1014 πυρὸς
1044 932 1224 995 ἀναλοῦσθαι
1247 933 1277 994 ἐν
1299 938 1336 1014 τῇ
1360 934 1443 996 ἐκπυ-

78 1031 180 1112 ρώσει.
213 1029 256 1096 de
278 1029 440 1114 prioribus
462 1052 493 1115 p.
508 1033 569 1096 179
579 1052 625 1115 sq.
649 1031 726 1116 dixi,
749 1030 905 1116 proximis
920 1040 1058 1116 apparet
1078 1034 1223 1098 πύκνωσιν
1246 1036 1293 1098 καὶ
1317 1037 1443 1118 μάνωσιν

77 1129 204 1215 doceri,
234 1151 332 1214 quam
354 1126 520 1200 Heraclito
543 1135 802 1219 Theophrastum
832 1133 973 1200 tribuere
1003 1156 1101 1219 supra
1122 1136 1278 1219 probasse
1300 1136 1377 1200 milri
1400 1135 1445 1201 vi·

76 1231 168 1298 deor.
201 1242 315 1299 contra
340 1242 540 1302 vetustorum
567 1236 773 1321 Placitorum,
796 1235 921 1321 opinor,
946 1236 1007 1302 dos
1033 1237 1280 1321 Theophrastea
1306 1245 1445 1323 apparet

75 1333 110 1399 in
133 1334 229 1401 nouo
258 1337 352 1403 155
375 1338 548 1421 [Theodor.
572 1340 617 1405 IV
641 1341 694 1423 12]

428 1473 433 1477 ·
977 1442 1141 1525 Theophr.
1163 1442 1201 1508 fr.
1220 1446 1247 1508 1.

115 1538 256 1613 Ἵππασος
278 1545 311 1608 δὲ
326 1547 343 1609 ὁ
359 1543 574 1615 Μεταποντῖνος
592 1545 641 1610 καὶ
652 1543 736 1629 Ἡρα·
824 1541 962 1615 Ἵππασος
978 1547 1011 1609 δὲ
1027 1549 1042 1610 d
1059 1545 1276 1616 Μεταποντῖνος
1299 1548 1346 1610 καὶ
1359 1546 1445 1632 ‘de-

77 1647 191 1716 κλειτος
213 1643 402 1717 ῦΒλῦσιυνος
425 1645 588 1733 ῦἘφέσιος
610 1648 641 1712 ἓν
663 1646 735 1711 εἶναι
788 1649 898 1716 κλειτος
921 1646 1085 1733 ὁἘφέσιος
1107 1649 1138 1712 ἓν
1161 1649 1209 1712 καὶ
1232 1648 1311 1713 οῦτοι
1334 1651 1381 1713 καὶ
1404 1675 1443 1714 κι-

77 1748 113 1810 τθ
144 1752 203 1812 πᾶν
235 1749 394 1834 ἀεικίνητον
425 1752 474 1815 καὶ
507 1751 736 1835 πεπερασμένον,
760 1768 762 1819 ι
787 1749 923 1831 νοῦμενον
954 1753 1002 1814 καὶ
1032 1751 1249 1836 πεπερασμένον
1279 1753 1355 1816 ἀλλά
1386 1758 1444 1837 πῦρ

79 1851 178 1936 ἀρχὴν
201 1853 289 1916 δὲτὸ
312 1857 369 1937 πῦρ
390 1853 559 1938 ἐσχηκέναι.
759 1856 762 1934 Ι
787 1852 927 1935 ἐποίησαν
948 1853 1001 1935 τὴν
1024 1853 1130 1937 ἀρχήν.

79 1955 138 2020 sed
162 1953 217 2038 qui
240 1974 280 2020 ex
303 1954 365 2019 hoc
387 1954 563 2038 specimine
585 1955 840 2021 Heracliteorum
869 1974 997 2020 omnem
1019 1954 1053 2019 in
1072 1956 1167 2021 Adtio
1191 1957 1379 2022 memoriam
1403 1977 1444 2023 ex

81 2057 205 2141 optimo
226 2057 284 2122 illo
306 2056 396 2123 sonte
417 2055 568 2124 derivare
588 2058 697 2142 vellet,
720 2077 762 2123 ne
776 2056 833 2123 ille
848 2057 979 2139 egregie
993 2056 1169 2124 falleretur.
1204 2059 1286 2124 utin
1302 2060 1445 2144 superio·

81 2158 170 2224 ribus
191 2179 250 2225 aer
272 2179 313 2226 ex
335 2178 422 2242 aqua
443 2167 640 2244 evaporatus
667 2159 882 2226 recentiorum
912 2159 1162 2241 cogitationibus
1183 2163 1444 2228 accommodatus

81 2261 225 2346 ridetur,
253 2261 300 2327 ita
320 2262 366 2327 IV
384 2263 404 2327 3
425 2269 457 2323 12
480 2261 633 2328 Heracliti
658 2262 700 2329 de
721 2262 831 2327 anima
853 2261 962 2346 opinio
984 2262 1028 2326 ad
1050 2262 1231 2328 Stoicorum
1249 2262 1256 2295 ¹
1280 2263 1443 2329 modulum

83 2384 240 2448 expressa
254 2371 305 2431 est
326 2363 379 2447 [cf.
395 2364 502 2429 Zeller
516 2363 553 2429 1⁴
564 2365 627 2430 642
636 2364 657 2430 ⁴.
681 2363 836 2431 Schuster
851 2386 882 2449 p.
897 2365 998 2429 13611.
1014 2385 1045 2429 r.
1062 2384 1161 2448 supra
1176 2385 1208 2448 p.
1223 2364 1323 2447 210¹l.
1347 2366 1445 2448 quid?

81 2467 152 2550 ipse
175 2467 409 2534 dissentientes
431 2465 606 2550 scriptores
628 2465 822 2549 significavit
844 2467 1036 2550 compilator
1058 2468 1130 2533 113
1149 2476 1165 2528 a
1182 2466 1367 2551 Ἡράκλειτος
1389 2469 1444 2551 πρὸ

81 2574 133 2634 τοῦ
148 2571 216 2640 ἑνὸς
229 2572 312 2634 δοκεῖ
331 2589 400 2633 τισι
423 2570 562 2653 ψήγματα
578 2571 769 2634 καταλείπειν.
805 2569 882 2652 quin
898 2567 940 2634 sit
954 2568 1146 2634 somniantis
1160 2567 1346 2651 interpretis
1364 2568 1446 2633 baec
1497 2610 1500 2615 -

83 2669 271 2754 explicatio,
293 2691 389 2737 nemo
412 2668 575 2736 dubitabit
596 2691 701 2754 neque
721 2678 817 2738 vacat
833 2671 952 2737 erroris
968 2690 1099 2736 causam
1115 2669 1260 2753 argutius
1275 2669 1445 2754 expiscari,

82 2772 172 2855 qnod
200 2772 277 2839 fecit
307 2772 501 2839 Schusterus
532 2794 563 2857 p.
584 2774 645 2838 261
656 2774 674 2838 ¹.
720 2774 900 2840 Stoicorum
923 2773 1069 2838 fraudem
1091 2773 1156 2837 iam
1187 2792 1285 2855 supra
1316 2793 1347 2856 p.
1369 2772 1443 2837 178¹

80 2873 208 2959 aperui,
230 2894 314 2958 quae
336 2882 445 2941 tamen
467 2876 565 2941 latius
588 2882 688 2961 patet.

170 2977 256 3043 Nam
279 2977 435 3044 Heracliti
461 2978 511 3043 sui
533 2978 662 3062 patroni
684 2984 720 3043 ut
741 2980 840 3044 effata
861 2978 895 3044 in
918 2980 1034 3062 vulgus
1056 2978 1161 3061 magis
1182 2978 1348 3061 efferrent,
1376 2998 1445 3043 ver-

82 3081 173 3147 sibus
195 3080 243 3147 illi
265 3081 472 3147 incluserunt.
517 3100 589 3143 nom
609 3090 642 3142 αι
665 3081 788 3145 dicebat
812 3083 986 3158 Cleanthes,
1011 3083 1149 3167 impiger
1176 3081 1247 3165 ipse
1270 3080 1445 3145 carminum

83 3184 216 3270 artifex,
243 3184 497 3268 quemadmodum
523 3185 653 3264 spiritur
680 3195 785 3248 noster
814 3188 979 3249 clariorem
1003 3206 1112 3249 sonam
1140 3185 1244 3249 reddit
1270 3203 1338 3245 cam
1359 3184 1445 3244 illam

84 3290 159 3354 tabo
179 3310 238 3371 per
260 3289 344 3369 longi
366 3287 488 3350 carolis
511 3289 672 3367 σκρυειῖαε
686 3297 819 3352 tractam
839 3291 1013 3370 patentiore
1034 3290 1199 3352 novariae
1221 3289 1306 3349 caira
1328 3285 1446 3366 effudit,

85 3396 130 3456 ric
152 3411 265 3456 εεπτιιε
293 3400 418 3454 corbos
441 3391 593 3454 ctortorer
615 3394 764 3456 comicis
794 3400 866 3455 orto
888 3394 1056 3455 accersitae
1078 3392 1171 3472 efficit
1200 3387 1329 3470 [Senec.
1352 3387 1445 3470 epist.

87 3496 147 3561 108
164 3503 199 3581 lu
220 3492 260 3560 ef.
276 3491 357 3557 llus.
372 3491 432 3557 Rh.
449 3491 562 3557 XXXI
577 3493 621 3574 dl.
645 3512 686 3559 ex
708 3493 766 3558 tali
787 3492 929 3559 carmine
944 3492 978 3557 in
994 3491 1119 3557 Placita
1141 3491 1298 3574 migrasse
1319 3488 1447 3554 videtur

87 3596 144 3663 hoc
159 3596 379 3680 fragmentum
396 3595 483 3660 1121
499 3605 517 3656 4
531 3594 715 3689 Ἡράκλειτος
731 3596 823 3678 [solis
838 3596 1091 3678 magnitudinem
1107 3595 1192 3677 esse]
1215 3591 1322 3676 εῦρος
1342 3593 1447 3661 ποδὸς

87 3697 350 3785 ἀιθρωπείου.’
392 3704 515 3764 certum
541 3716 709 3763 versuum.
724 3699 907 3781 exemplum
934 3697 1023 3762 aliud
1051 3716 1116 3761 non
1143 3695 1306 3762 invenitur
1328 3694 1390 3760 nisi
1412 3694 1446 3758 in

88 3800 253 3868 Plutarchi
269 3806 393 3884 quaest
417 3800 544 3866 convii.
560 3799 637 3864 VIII
653 3800 675 3863 4
692 3809 708 3860 9
731 3820 763 3883 p.
781 3802 861 3865 1007
879 3803 957 3884 ὥρας
972 3800 1002 3863 αἳ
1018 3802 1112 3863 πάντα
1126 3799 1255 3885 φέρουσι.
1279 3797 1390 3862 dubito
1405 3796 1448 3862 tle

83 3904 190 3971 Procl.
206 3903 242 3968 in
257 3903 338 3970 Tim.
354 3925 386 3988 p.
397 3904 439 3969 36
459 3907 563 3988 ψυχῶν
575 3906 633 3965 τῶν
646 3906 756 3985 νοεριῖιν
768 3902 894 3972 θάνατος
905 3905 1009 3987 ὑγρῇσι
1026 3902 1171 3985 γενέσθαι.
1194 3899 1234 3965 cf.
1250 3899 1288 3963 fr.
1303 3901 1343 3964 72
1354 3899 1446 3983 Byw.

81 4005 248 4073 stobaeus
274 4026 402 4074 versum
430 4004 534 4071 credit
560 4005 594 4069 ἐκ
620 4006 709 4088 πυρὸς
735 4006 790 4089 γὰρ
816 4005 854 4068 τά
880 4006 972 4068 πάντα
999 4005 1047 4068 καὶ
1070 4005 1111 4074 εἰς
1133 4008 1190 4087 πῦρ
1212 4004 1305 4066 πάντα
1327 4006 1446 4085 τελευτᾷ

74 4110 169 4193 [Aet.
185 4110 203 4175 1
220 4111 240 4175 3
258 4112 314 4196 11],
337 4109 393 4193 qui
406 4108 515 4174 nullus
530 4105 656 4174 estetsi
671 4107 709 4170 τὰ
723 4106 862 4171 omittas.
885 4126 1014 4172 versum
1029 4106 1106 4171 iecit
1121 4104 1286 4172 Schusteri
1302 4103 1448 4169 sollertia

72 4217 178 4278 πάντα
201 4212 257 4297 γὰρ
279 4212 312 4276 ἐκ
333 4212 423 4296 πυρός
445 4211 505 4274 ἐστι
527 4210 576 4274 καὶ
599 4210 640 4280 εἰς
654 4214 712 4295 πῦρ
728 4212 821 4273 πάντα
835 4211 966 4293 τελευτᾷ.
993 4208 1043 4274 cui
1066 4207 1163 4292 bono,
1186 4205 1448 4290 quandoquidem

156 4421 164 4451 ¹
185 4422 220 4472 cf.
238 4422 377 4473 Cleanthes
390 4419 458 4484 apud
472 4418 556 4468 Cicer.
568 4417 600 4468 de
613 4417 686 4467 deor.
698 4424 752 4468 nst
765 4417 793 4467 11
808 4415 840 4468 15
852 4425 876 4465 ιο
894 4431 965 4482 erpo,
984 4419 1076 4480 inquit,
1096 4431 1153 4466 cam
1165 4414 1206 4464 sol
1223 4415 1317 4482 ι’ριιευε
1336 4413 1369 4464 sa
1384 4411 1446 4464 Oce·

70 4509 182 4574 unique
201 4506 293 4559 alatur
310 4506 450 4568 ααιονίῦιιι,
476 4504 542 4570 quio
562 4501 655 4554 nullae
678 4503 748 4570 ignis
771 4504 830 4556 ιῖιιε
849 4512 930 4568 pasta
948 4502 1039 4569 aliquo
1054 4502 1138 4567 poerit
1152 4517 1324 4569 permanere,
1345 4516 1448 4552 accerse

74 4605 123 4649 eet
140 4604 190 4647 aar
208 4595 234 4647 ei
250 4593 347 4646 similia
366 4593 401 4645 rit
419 4590 476 4661 iqui
494 4605 570 4657 quem
589 4589 744 4643 adhibemur
768 4591 805 4643 ad
822 4607 896 4643 arum
915 4600 993 4657 atque
1011 4590 1107 4641 rictum
1125 4600 1171 4642 cat
1190 4590 1215 4641 ei
1234 4589 1279 4654 qai
1297 4589 1448 4653 corporibus

85 4681 264 4734 dalmantiam
283 4680 441 4732 continetur.

158 4768 169 4800 ²
187 4771 220 4819 de
237 4771 377 4820 memoriae
395 4769 446 4818 lide
466 4768 567 4818 dubitat
585 4767 699 4817 Zellerus
711 4763 742 4814 1⁴
756 4762 806 4817 622
831 4781 883 4816 non
903 4767 1010 4817 edoctus
1028 4784 1045 4816 a
1063 4767 1268 4817 Teichmuellero
1287 4769 1355 4819 Nov.
1375 4767 1449 4818 Stnd.

93 4852 179 4908 18⁸⁸.
200 4866 226 4907 st
245 4858 285 4907 vel
301 4858 424 4922 Epicurei
444 4857 606 4919 investigatis
625 4854 723 4919 pridem
742 4851 885 4903 verioribus
904 4856 1046 4905 rationibus
1061 4855 1185 4904 Heracliti
1204 4857 1328 4919 puerilem
1348 4856 1448 4918 opinio-

103 4958 156 4993 nem
173 4945 277 5008 cogitari
296 4959 373 5009 posse
391 4960 445 4994 nen
464 4951 599 5006 negarunt.
627 4943 713 4991 Laert.
727 4943 752 4992 X
764 4941 806 4993 91.
