3442 5588
263 309 302 372 12
551 313 563 360 r
600 313 649 361 oa
668 311 937 363 runrnncnuxa
957 305 1142 358 urluonss
1162 311 1332 360 rranourn

261 477 426 544 codicibus
450 480 596 545 Platonis
619 481 707 545 ohliti
730 488 814 546 suut.
857 479 994 545 invicem
1024 479 1057 543 in
1081 477 1207 545 Galeno
1236 480 1372 545 Platone
1399 482 1491 545 salvo
1519 482 1617 545 Stoici

261 581 447 665 exalarunt,
475 583 528 665 qui
553 604 666 667 parum
689 591 870 666 opportuno
893 585 963 649 loco
987 590 1101 665 postea
1123 581 1223 646 additi
1248 589 1331 648 suunt.
1364 583 1513 648 nimirum
1536 604 1619 666 quae

261 683 397 765 margini
421 684 648 751 adscribuntur
669 692 767 749 notae
790 705 947 752 erroneae
969 704 1041 751 esse
1057 686 1171 750 solent.
1206 681 1292 767 quod
1308 685 1467 767 particula
1482 688 1529 750 καὶ
1546 695 1619 770 post

262 784 387 848 Στωικοί
407 786 441 850 iu
463 787 604 853 Eusebio
627 788 814 873 Cyrilloque
843 787 988 852 abundat
1008 808 1084 852 num
1112 805 1152 852 ex
1174 786 1245 851 istis
1267 786 1369 851 turbis
1391 788 1618 870 explicandum

261 886 312 967 sit,
333 888 453 953 nescio.
498 896 638 956 ceterum
668 888 796 954 diffiteri
824 890 899 953 nolo
928 910 1026 954 unum
1053 890 1158 954 locum
1181 887 1213 952 in
1238 886 1361 973 Cyrillo
1384 890 1527 971 graviter
1549 891 1619 956 sive

261 997 445 1073 corruptum
472 991 541 1057 sive
565 992 794 1076 interpolatum
817 992 880 1073 legi
904 992 979 1056 114
1004 1000 1034 1052 12
1055 990 1254 1075 Ἀριστοτέλης
1279 992 1312 1054 τὸ
1340 993 1396 1055 ὑπὸ
1418 997 1471 1078 την
1494 998 1617 1078 σελήνην

262 1092 348 1175 μέρος
370 1099 420 1157 τοῦ
442 1096 553 1176 κόσμου
576 1096 719 1178 παθητόν,
741 1095 771 1158 ἐν
793 1093 819 1180 ᾧ
843 1097 890 1158 καὶ
913 1095 949 1158 τὰ
970 1095 1097 1178 περίγεια
1119 1095 1329 1177 κηραίνεται.
1363 1095 1451 1160 verbi
1476 1095 1593 1160 raritas
1611 1098 1616 1127 ¹

262 1195 382 1280 offecit,
409 1205 444 1261 ut
471 1198 639 1280 periuepte
661 1198 823 1281 περαίνεται
846 1197 1016 1278 legeretur.
1060 1196 1118 1261 sed
1144 1195 1295 1261 librarius
1318 1196 1424 1280 potius
1446 1218 1543 1282 quam
1565 1218 1620 1264 ex-

260 1305 388 1380 cerptor
411 1298 590 1382 culpandus
613 1299 749 1363 videtur.

346 1401 567 1466 Intelleximus
596 1409 749 1484 quantum
781 1421 820 1465 ex
847 1403 1021 1466 electorum
1045 1400 1208 1482 paucitate
1234 1401 1381 1465 concludi
1406 1412 1527 1486 potest,
1557 1403 1618 1487 Cy-

259 1502 422 1567 rilliauum
445 1504 627 1586 exemplum
649 1524 715 1567 non
738 1505 841 1568 solum
864 1503 1036 1569 vetustatis
1059 1502 1117 1567 sed
1137 1502 1234 1567 etiam
1250 1502 1403 1567 bonitatis
1427 1505 1524 1570 laude
1546 1525 1618 1570 con-

261 1605 405 1687 spicuum
428 1625 509 1670 esse.
555 1624 616 1669 uec
642 1605 756 1669 mirum
787 1613 837 1671 est
858 1604 1078 1670 Alexandriae
1105 1604 1158 1686 qni
1181 1611 1379 1685 versaretur,
1408 1606 1438 1671 ei
1461 1608 1616 1690 optimum

261 1728 420 1790 quemque
446 1708 560 1772 librum
590 1727 668 1790 prae
696 1708 842 1772 manibus
871 1707 980 1773 fuisse.
1014 1727 1088 1772 nam
1117 1706 1176 1772 etsi
1200 1706 1353 1789 pristinus
1376 1707 1618 1775 Alexandrinae

261 1809 393 1874 scholae
414 1809 474 1874 llos
497 1810 621 1893 pridem
643 1810 788 1893 iacebat,
818 1817 926 1876 tamen
949 1831 990 1876 ne
1012 1819 1078 1874 tum
1101 1809 1229 1892 quidem
1254 1808 1386 1892 Serapel
1411 1810 1617 1891 bibliotheca,

261 1932 345 1994 quae
367 1919 534 1996 supererat
558 1932 634 1995 una,
656 1911 793 1994 ingeniis
816 1913 969 1997 papulum
993 1912 1071 1977 dare
1094 1910 1246 1991 desierat,
1270 1910 1296 1973 si
1321 1911 1449 1992 quidem
1472 1934 1616 1978 museum

260 2014 292 2079 id
315 2014 469 2098 temporis
484 2014 630 2098 Hypatio
653 2015 791 2080 docente
814 2014 939 2099 stetit‚²
961 2022 1074 2080 contra
1096 2034 1191 2096 quarn
1216 2013 1369 2080 videlicet
1390 2013 1460 2096 ipse
1477 2014 1618 2100 Cyrillus

260 2116 368 2183 furore
383 2118 513 2183 minime
529 2117 704 2182 christiano
721 2125 889 2200 grassatus
905 2126 963 2183 est.
986 2137 1091 2200 neque
1106 2118 1206 2181 multo
1223 2124 1297 2198 post
1308 2115 1450 2181 maxima
1462 2116 1615 2184 librorum

260 2240 337 2303 pars
362 2240 383 2284 a
410 2219 592 2284 Theodosio
615 2219 647 2283 Il
671 2218 796 2303 Cpolim
824 2225 1012 2284 transvecta
1034 2239 1106 2285 esse
1134 2219 1261 2283 videtur
1288 2217 1338 2304 [ct.
1363 2219 1506 2305 Parthey
1536 2242 1617 2286 mus.

259 2321 352 2386 Alex.
375 2318 506 2407 p.103].

349 2421 461 2507 Cyrilli
492 2425 641 2506 exemplo
664 2423 829 2489 consimile
857 2423 917 2488 fuit
942 2424 1022 2489 illud
1050 2425 1135 2489 unde
1163 2423 1301 2490 Galeni
1330 2444 1413 2506 quae
1435 2424 1619 2491 inscribitur

261 2524 394 2590 historia
416 2526 610 2610 philosopha
632 2525 805 2590 maximam
827 2533 953 2608 partem
975 2536 1128 2610 excerpta
1156 2535 1213 2591 est.
1259 2525 1300 2591 de
1323 2547 1386 2608 quo
1409 2527 1519 2593 libello
1542 2549 1618 2611 quo·

258 2630 345 2694 uiam
375 2627 460 2692 iufra
487 2628 630 2711 pluribus
658 2628 878 2712 disputaturus
905 2648 991 2711 sum,
1018 2628 1092 2694 huic
1120 2630 1192 2693 loco
1219 2629 1403 2712 appositum
1432 2630 1515 2695 druco
1541 2631 1618 2714 quid

258 2732 299 2796 ad
326 2731 533 2795 Plutarchum
560 2731 678 2794 alferat
703 2729 853 2794 utilitatis
879 2729 1021 2795 breviter
1052 2730 1206 2796 indicare.
1257 2731 1430 2796 dolendum
1461 2750 1541 2796 sane
1568 2740 1618 2798 est

258 2833 329 2898 libri
352 2832 572 2897 condicionem
600 2840 666 2897 tom
695 2851 768 2896 esse
795 2831 1001 2913 desperatam
1028 2839 1064 2897 ut
1090 2833 1188 2898 etiam
1217 2832 1410 2897 Plutarcheo
1437 2833 1617 2918 archetypo

258 2942 446 3018 comparato
471 2934 557 2999 haud
578 2934 679 2999 semel
694 2934 792 3016 plane
808 2933 949 2999 incertus
966 2935 1112 3020 haereas,
1134 2936 1210 3019 quid
1233 2936 1292 3001 sihi
1316 2935 1395 3002 velit
1416 2935 1616 3019 compilator.

257 3039 347 3104 curius
369 3037 497 3121 generis
518 3035 752 3119 lepidissimum
780 3035 841 3100 hoc
869 3035 926 3101 tihi
949 3056 1122 3122 suggeram
1145 3041 1343 3122 exemplum,
1372 3058 1399 3102 c.
1417 3038 1478 3103 133
1497 3037 1617 3121 ’λσκλη-

259 3143 362 3223 τιοίόης
385 3141 417 3203 δέ
439 3162 509 3224 φησι
532 3141 598 3208 τοὺς
622 3138 766 3207 Αἰθίοπας
781 3141 872 3222 λέγειν
894 3145 984 3225 Ιρηροίν
1008 3144 1054 3204 καὶ
1078 3143 1126 3204 διὰ
1147 3143 1179 3204 τὸ
1195 3141 1341 3226 ψύχεσθαι
1363 3141 1400 3204 τὰ
1422 3145 1544 3221 σώματα
1561 3142 1617 3205 ὑπὸ

258 3248 308 3305 τοῦ
326 3244 408 3326 ἡλιόο
432 3244 665 3326 ὀιαρλεηομενον.
698 3241 744 3305 sic
765 3240 906 3308 absurde
929 3243 1065 3308 codices.
1101 3243 1274 3309 Plutarcho
1294 3243 1413 3308 V306
1436 3243 1562 3307 adscito
1585 3242 1617 3306 id

261 3345 370 3409 statim
393 3351 530 3428 apparet
552 3343 659 3409 verbis
682 3345 729 3406 καὶ
753 3345 855 3407 διὰτὸ
878 3345 1024 3430 ψύχεσθαι
1047 3366 1087 3411 εκ
1109 3345 1261 3411 inferiore
1282 3365 1378 3410 versu
1402 3344 1544 3411 traiectis
1566 3365 1619 3428 ge·

257 3447 356 3511 utrina
379 3449 425 3510 dmi
448 3448 480 3509 τὸ
503 3448 783 3531 ὑπερθερμαίνεσθαι
806 3453 882 3512 ani-e
906 3451 1028 3528 σώματα
1050 3448 1188 3529 expulsa
1209 3467 1290 3512 esse.
1336 3447 1394 3513 sed
1416 3447 1480 3512 iam
1508 3446 1618 3530 priora

258 3549 368 3615 confer
385 3549 599 3633 Ἀσκληπιάδης
621 3551 692 3634 φησὶ
715 3551 830 3635 ταχέως
851 3553 1004 3634 ηηροίσκειν
1027 3548 1084 3613 ἔτει
1099 3556 1271 3635 τριακοστῷ.
1293 3549 1362 3615 scin
1377 3549 1524 3614 divinare
1541 3548 1618 3632 quid

258 3653 289 3716 in
316 3654 407 3734 lut-,an
435 3653 557 3716 lateat?
595 3672 713 3736 nempe
733 3641 846 3729 λέτει,
874 3653 960 3736 quod
987 3651 1152 3717 librarium
1178 3651 1237 3717 snb
1266 3650 1360 3716 linem
1389 3651 1462 3716 libri
1485 3671 1618 3734 prorsus

258 3754 458 3838 consopitum
486 3754 519 3818 in
549 3774 690 3819 errorem
720 3754 847 3819 induxit
868 3756 964 3838 longe
990 3753 1235 3838 ineptissimum.
1271 3761 1412 3819 ceterum
1435 3751 1531 3817 etiarn
1557 3751 1618 3835 By-

258 3856 379 3922 zantini
406 3878 447 3923 ex
471 3856 665 3922 Plutarcheo
688 3855 745 3919 ἔτει
768 3845 796 3919 λ
807 3859 892 3923 male
914 3857 1060 3923 fecenrnt
1080 3855 1131 3940 ἔτη
1155 3857 1339 3939 τριαὶκοντιι.3
1384 3855 1442 3920 sed
1464 3860 1618 3936 superato

331 4030 336 4060 ¹
357 4041 424 4081 recte
447 4033 560 4095 explicat
585 4031 665 4081 schol.
688 4032 820 4082 Plutarch.
845 4035 902 4084 eod.
926 4034 948 4082 Β
971 4030 1047 4100 ἤγουν
1070 4028 1198 4081 ὑπόκειται
1217 4028 1364 4098 μεταβολαῖς
1388 4029 1432 4079 καὶ
1455 4024 1568 4094 φθοραῖς,
1587 4030 1619 4078 cl.

259 4121 388 4170 Critolaus
413 4136 453 4185 ap.
472 4118 634 4181 [Philonem]
658 4119 690 4167 da
715 4121 801 4169 mund.
821 4123 915 4170 incorr.
934 4119 1072 4184 p.ltleh1.
1092 4118 1216 4186 ἀμέτοχον
1235 4122 1322 4185 κηρῶν
1340 4115 1378 4173 αἷς
1395 4114 1424 4166 τὸ
1443 4113 1558 4182 γεννητὸν
1576 4114 1620 4165 καὶ

257 4204 368 4274 φθαρτὸν
391 4210 440 4256 πᾶν
462 4203 628 4264 erudiebatur.
661 4204 839 4270 [Aristoteles]
867 4208 898 4255 dc
923 4207 1020 4255 rrmndo
1043 4203 1093 4255 οἳ
1117 4223 1141 4270 p.
1155 4203 1226 4256 392ί1
1246 4203 1276 4255 31
1302 4203 1365 4270 μετὰ
1392 4201 1418 4254 δὲ
1441 4201 1488 4270 τὴν
1511 4201 1619 4269 αἰθέριον

257 4295 301 4344 καὶ
324 4290 392 4344 θείαν
420 4291 491 4360 ebora
509 4329 516 4342 .
534 4328 540 4342 .
560 4328 566 4341 .
590 4292 695 4361 συνεχής
719 4293 783 4344 ἐστιν
810 4292 826 4361 ἡ
850 4290 881 4343 δι’
908 4289 975 4343 ὅλων
1003 4290 1105 4360 nudari
1129 4309 1156 4342 τε
1258 4291 1302 4342 καὶ
1329 4288 1492 4357 ἐπίκηρος.
1526 4290 1619 4340 Placia

257 4380 357 4432 1130c
380 4377 547 4448 Ἀριστοτέλης
571 4379 607 4446 μὴ
631 4377 690 4429 εἶναι
713 4377 791 4448 αὑτῆς
819 4377 947 4447 [σελήνης]
971 4378 1098 4447 ἀκήρατον
1126 4377 1155 4428 τὸ
1183 4375 1314 4446 σιἰηκριμα.
1351 4380 1436 4428 Alciu.
1460 4380 1523 4440 isag.
1550 4394 1571 4426 c.
1588 4374 1620 4425 r2

259 4466 302 4519 cira
320 4465 389 4535 αὐτῷ
408 4465 526 4534 [numdo]
550 4464 653 4534 μηδενὸς
677 4465 819 4534 προσιόντος
843 4470 888 4518 τοῦ
911 4466 1072 4534 κηραίνειν
1096 4466 1244 4534 πεφυκότος.
1270 4482 1358 4516 vocem
1382 4463 1501 4531 ἐπίκηρος
1524 4469 1621 4529 primns

257 4558 353 4607 dixerit
371 4559 494 4621 Hippocr.
515 4556 546 4605 de
565 4555 646 4604 morb.
666 4557 751 4605 comit.
772 4557 809 4606 Vl
824 4553 875 4607 326
895 4557 969 4605 Littr.

329 4642 389 4694 ²cl.
409 4644 517 4694 lloche
536 4643 632 4694 Philol.
653 4643 703 4692 XV
722 4641 774 4694 445
793 4652 818 4693 et
836 4641 896 4694 474.

330 4730 340 4761 ³
364 4731 527 4781 librariorum
551 4733 577 4780 in
600 4730 743 4780 scribendis
768 4733 880 4780 numeris
905 4732 1032 4794 pigritiam
1057 4733 1107 4780 iam
1131 4731 1246 4781 Galenus
1268 4732 1367 4780 taxauit
1389 4728 1469 4780 nvn
1490 4727 1501 4777 l
1528 4744 1552 4792 p.
1567 4725 1619 4779 633

258 4816 329 4873 ἐνίοις
353 4814 379 4867 δὲ
403 4816 552 4882 [exemplis]
579 4803 604 4868 ri
626 4815 781 4884 πρόσκειται,
800 4816 937 4867 zarzimuor
956 4813 981 4866 δ’
1002 4813 1056 4867 ἀντ’
1078 4814 1155 4866 αὐτοῦ
1174 4815 1308 4882 γέγραπται
1326 4820 1465 4883 πρῶτος,
1488 4812 1514 4865 ἐν
1537 4809 1621 4869 ἄλλοις

258 4900 284 4955 δὲ
303 4901 410 4972 πρώτη
431 4906 462 4955 al.
482 4906 546 4956 xlv
566 4923 590 4970 p.
604 4903 646 4957 31.
