3442 5588
652 331 927 383 Phormeomnns
1451 325 1471 387 5

106 502 189 587 qaod
208 501 411 567 Plutarcheis
435 506 499 564 νοῦν
523 505 574 563 τοῦ
597 501 708 580 κόσμου
731 520 795 562 rum
819 508 905 565 recte
927 499 1095 563 articulum
1116 498 1239 562 addidit
1263 497 1312 583 lot.
1336 495 1471 561 Krische

107 604 306 687 Forsebung.
323 626 353 688 p.
366 601 448 689 39¹1.
470 602 602 669 liberius
619 623 660 668 ex
675 602 790 668 eodem
806 622 833 667 o.
848 601 892 666 Il
911 611 953 663 31.
971 611 1005 663 33
1027 601 1210 666 Aristotelis
1227 601 1470 681 Stoicorumque

105 707 238 772 decreta
259 706 301 771 de
323 705 385 769 deo
408 705 471 768 eb
494 704 653 770 mandata
676 712 760 768 snnt.
806 702 953 767 nimirum
977 703 1115 786 scriptor
1137 703 1223 767 iusta
1246 702 1471 786 philosophiae

105 807 308 874 institutione
330 806 470 871 imbutus
493 805 543 892 [et.
569 805 645 872 Otto
669 828 700 889 p.
715 803 865 892 XLVIII]
889 825 948 869 sua
971 806 1088 871 idoneo
1112 807 1182 870 loco
1205 805 1384 869 immiscere
1403 826 1472 870 sen·

104 909 289 992 teutiasque
315 929 374 973 suo
402 907 536 973 arbitrio
565 908 716 973 ordinare
743 927 808 970 non
832 906 1001 971 dubitarit.
1040 908 1128 972 velut
1149 907 1182 970 iu
1203 906 1320 972 Stoicis
1344 905 1469 993 [Plutl

106 1010 187 1098 las]
211 1032 274 1075 nou
302 1011 406 1075 solum
430 1030 515 1093 quae
536 1010 644 1076 media
666 1018 741 1074 sunt
763 1010 867 1093 prima
888 1008 1069 1092 collocavit,
1091 1011 1149 1075 sed
1171 1009 1268 1075 etiam
1292 1011 1470 1075 orationem

106 1114 259 1180 traditam
275 1113 307 1177 δι’
329 1115 399 1196 ’71ης
414 1119 466 1197 τῆς
480 1115 549 1196 ὕλης
560 1112 592 1176 δι’
613 1115 649 1197 ἧς
664 1115 818 1198 κεχώρηκε
833 1111 1021 1196 παραλλάξεις
1038 1112 1083 1176 sie
1099 1111 1305 1178 emendabat:
1333 1114 1406 1176 κατὰ
1421 1114 1472 1182 τὰς

105 1217 296 1302 παραλλάξεις
310 1221 362 1300 της
379 1217 449 1299 ὕλης
464 1214 496 1279 δι’
518 1216 553 1300 ἧς
569 1218 631 1277 κτλ.
647 1214 654 1245 ¹
685 1221 719 1278 ut
734 1214 879 1279 Thaletis
902 1214 943 1279 de
965 1214 1177 1279 daemonibus
1199 1213 1342 1297 opinioni
1365 1215 1471 1278 Plato·

103 1321 153 1385 nis
176 1318 370 1386 senteutiam
395 1338 414 1384 e
436 1318 570 1382 'timaeo
593 1337 623 1399 p.
639 1317 732 1381 sonu
755 1316 888 1399 petitam
911 1315 1089 1398 adiungere
1111 1318 1242 1401 placuit,
1265 1337 1361 1400 quam
1374 1317 1471 1382 Volk-

104 1442 243 1488 mannus
259 1422 320 1485 vir.
338 1418 534 1486 Plutarch.l
556 1419 616 1483 toa
640 1437 680 1483 ex
703 1418 817 1483 eodem
841 1417 930 1483 sonte
953 1419 1172 1485 continuatam
1195 1441 1261 1484 nou
1285 1427 1371 1486 recte
1393 1419 1471 1484 iudi-

104 1525 207 1603 cavit.
236 1523 283 1587 ita
306 1521 486 1586 Stoicorum
510 1540 637 1603 quoqne
660 1519 803 1604 opinioni
825 1522 993 1603 vulgarem
1017 1542 1096 1587 sane
1118 1541 1197 1587 suae
1219 1522 1394 1587 memoriae
1416 1523 1470 1586 ad·

103 1626 185 1690 didit
208 1624 402 1690 doctrinam:
432 1623 506 1692 Ζεὺς
530 1624 582 1705 μὲν
604 1624 677 1686 κατὰ
699 1625 732 1686 τὸ
756 1625 820 1696 ζέον
842 1629 895 1708 της
918 1626 987 1707 ὕλης
1011 1625 1232 1707 ὀνομαζόμενος,
1249 1622 1327 1708 Ἥρα
1342 1627 1375 1688 δὲ
1396 1625 1470 1689 κατὰ

103 1731 152 1791 τὸν
177 1729 250 1810 ἀέρα
273 1726 379 1789 καὶτὰ
402 1726 488 1788 λοιπὰ
511 1723 574 1789 καθ’
604 1725 724 1789 ἕκαστον
747 1731 798 1809 τῆς
822 1728 892 1811 ὅλης
912 1728 997 1810 μέρος
1013 1725 1044 1790 δι’
1064 1729 1100 1812 ἧς
1116 1729 1269 1812 κεχώρηκε
1284 1728 1469 1808 καλούμενος.

103 1850 188 1913 quae
201 1828 383 1911 veriloquis
396 1846 467 1891 eum
480 1825 637 1892 similibus
653 1827 833 1893 Stoicorum
846 1828 979 1893 somniis
990 1836 1178 1912 repetuntur
1193 1851 1220 1894 e.
1230 1831 1271 1894 ‘22
1284 1827 1357 1915 [18].
1380 1829 1470 1894 nimi-

104 1954 173 1997 rum
187 1932 276 1996 baud
289 1929 448 2014 paenituit
464 1928 624 1995 eruditum
639 1931 743 1993 virum
756 1930 957 2013 eundemque
969 1930 1200 1996 Atheniensem
1212 1930 1309 1995 etiam
1320 1931 1471 1998 liberiore

103 2034 286 2099 imitatione
313 2051 398 2115 qnae
425 2032 549 2114 legerat
576 2030 766 2115 exprimere.
812 2032 922 2115 itaque
949 2033 973 2097 si
1002 2033 1157 2099 attentius
1184 2033 1348 2116 scriptoris
1370 2035 1470 2100 verba

103 2136 355 2220 circumspicias,
379 2134 476 2200 etiam
500 2154 526 2199 c.
545 2134 585 2199 16
608 2131 672 2220 [13]
695 2134 911 2200 Plutarcheae
932 2134 1080 2200 lectionis
1101 2134 1221 2200 indicia
1243 2143 1412 2219 apparent.

317 2228 551 2319 Athenagor.
983 2237 1174 2303 Plutarch.
1208 2240 1294 2306 res

144 2340 608 2424 καλὸςμὲνγὰρὸκόσμος
634 2341 759 2424 καὶτῷ
857 2340 959 2407 καλὸς
985 2340 1022 2402 δὲ
1048 2342 1064 2403 ὁ
1091 2340 1228 2421 κόσμος.
1268 2342 1355 2424 δῆλον
1382 2339 1403 2402 δ’
1436 2343 1469 2403 ἐκ

100 2445 245 2526 μεγέθει
279 2445 453 2528 περιέχων
486 2443 532 2505 καὶ
563 2447 600 2522 τῇ
631 2441 760 2504 διαθέσει
812 2447 864 2505 τοῦ
886 2444 1065 2526 σχήματος
1091 2444 1139 2506 καὶ
1161 2447 1212 2505 τοῦ
1235 2447 1391 2527 χρώματος
1413 2443 1469 2506 καὶ

99 2554 159 2609 τῶν
186 2571 219 2610 τε
244 2549 275 2610 έν
299 2551 340 2630 τῷ
369 2546 457 2630 λοξῷ
485 2544 599 2628 κύκλῳ
626 2543 674 2606 καὶ
701 2548 759 2605 τῶν
784 2521 787 2601 l
812 2549 871 2607 τοῦ
898 2545 1067 2626 μεγέθους
1086 2592 1094 2607 .
1113 2545 1345 2629 ..σφαιροειδὴς
1372 2546 1425 2628 γὰρ
1453 2548 1468 2608 r'r

99 2651 165 2732 περὶ
203 2651 257 2732 τἠν
290 2648 394 2731 ἄρκτον
427 2649 482 2711 καὶ
520 2652 566 2732 τῷ
605 2648 759 2730 σχήματι
812 2647 929 2728 κόσμος.
967 2649 1036 2728 §la
1074 2649 1121 2711 καὶ
1149 2649 1182 2711 ἐκ
1212 2653 1270 2710 τοῦ
1302 2647 1469 2729 μεγέθους

100 2757 276 2836 σμαιρικῷ
304 2749 371 2814 ὄντι
811 2751 908 2820 καλός.
947 2752 1062 2814 πάντων
1087 2754 1141 2836 γὰρ
1171 2756 1228 2813 τῶν
1260 2752 1406 2832 ὁμογενῶν
1435 2750 1468 2811 τὸ

811 2854 973 2938 περιέχον
989 2854 1087 2918 καλόν.
1121 2857 1141 2935 ἓ
1157 2855 1186 2919 6.
1218 2855 1233 2916 ὁ
1251 2853 1302 2934 μὲν
1318 2852 1372 2935 γὰρ
1387 2850 1469 2921 λοξὸς

810 2956 914 3025 κύκλος
926 2957 1160 3022 ...accolatus

186 3059 315 3140 Auceps
328 3062 379 3121 est
391 3055 537 3138 quaestio
549 3061 654 3118 utrum
666 3056 864 3138 excerpserit
875 3058 1101 3141 Athenagoras
1113 3059 1277 3124 Plutarchi
1290 3058 1414 3123 Placita
1424 3079 1467 3123 au

100 3161 207 3225 maius
223 3159 305 3223 illud
324 3179 416 3242 opus,
439 3157 528 3222 cuius
544 3156 601 3221 illa
616 3163 664 3221 est
680 3157 829 3240 epitome.
857 3158 937 3224 illud
953 3160 1029 3224 mihi
1046 3162 1211 3246 probatur,
1234 3161 1296 3225 boe
1317 3162 1353 3226 R.
1371 3162 1468 3226 Volk-

102 3256 658 3340 mannoLebenPlut.1169qui
686 3258 845 3342 ampliora
871 3261 929 3325 illa
955 3263 1070 3344 quibus
1099 3263 1306 3328 Plutarchum
1336 3271 1468 3346 superat

99 3363 331 3446 Athenagoras
347 3371 382 3427 ut
397 3362 567 3428 Platonica
583 3358 621 3447 [c.
633 3358 686 3447 23]
703 3369 736 3426 et
750 3361 889 3427 Philolai
905 3364 1034 3448 Lysidis
1050 3364 1173 3449 Opsimi
1189 3366 1467 3449 Pythagoreorum

99 3467 142 3531 de
166 3467 230 3530 deo
252 3465 386 3532 decreta
407 3463 444 3553 [c
459 3463 491 3552 6]
514 3464 656 3529 indidem
680 3481 831 3529 manasse
854 3465 1058 3548 opinabatur.
1090 3475 1124 3531 at
1146 3468 1292 3532 Platonis
1315 3469 1403 3532 locos
1425 3466 1467 3532 ad

100 3566 237 3633 verbum
253 3567 433 3651 descriptos
452 3568 569 3632 afferre
588 3566 784 3632 Placitorum
801 3585 822 3630 a
839 3567 1071 3633 consuetudine
1088 3568 1241 3634 abhorret
1257 3575 1290 3633 et
1305 3569 1468 3654 Pythago-

100 3692 230 3737 reorum
246 3670 360 3737 dedeo
378 3669 486 3753 opinio
498 3669 629 3733 diversa
642 3676 847 3735 enumeratur
861 3671 876 3734 Ι
893 3671 910 3734 1
931 3680 971 3734 18.
994 3670 1080 3736 adde
1097 3672 1183 3754 quod
1199 3692 1262 3735 uno
1279 3671 1350 3736 loco
1363 3693 1468 3738 -ne-

100 3794 164 3857 que
180 3774 269 3839 enim
284 3772 317 3838 in
334 3779 426 3837 tanta
438 3778 661 3855 excerptorum
675 3772 837 3858 paucitate
852 3773 976 3838 minuta
988 3779 1062 3838 suut
1073 3773 1277 3855 neglegenda
1291 3811 1333 3819 —
1348 3775 1467 3841 dissen-

106 3876 264 3943 tientibus
286 3873 459 3940 Plutarcho
482 3879 514 3938 et
538 3873 679 3942 Stobaeo
702 3875 948 3960 epitomatorem
971 3875 1114 3958 sequitur
1136 3875 1400 3959 Athenagoras'

190 3975 395 4042 Constantini
421 3981 529 4041 aetate
562 3977 749 4043 Eusebius
782 3979 883 4042 multa
910 3997 928 4042 e
955 3978 1130 4043 Plutarcho
1164 3979 1338 4063 excerpsit,
1372 3999 1466 4062 quem

102 4080 221 4145 librum
244 4078 328 4143 inter
349 4077 432 4143 alios
453 4079 572 4144 multos
594 4087 627 4145 ct
649 4080 796 4164 egregios
817 4079 850 4143 in
865 4079 1041 4145 Alexandri
1055 4081 1281 4164 Pamphilique
1300 4081 1468 4147 bibliothe-

100 4186 145 4249 cis
171 4181 357 4266 repperisse
378 4181 505 4247 videtur
521 4180 606 4269 [hist.
623 4184 700 4249 ecel.
716 4184 760 4248 Vl
776 4184 828 4248 ab.
852 4180 915 4270 32].
945 4183 1002 4249 illa
1024 4191 1177 4269 excerpta
1192 4203 1231 4248 eo
1247 4190 1321 4247 sunt
1337 4184 1468 4249 maioris

172 4409 178 4436 ¹
201 4410 269 4459 idem
291 4410 415 4473 repetitur
434 4424 455 4457 e.
469 4403 502 4457 22
526 4405 569 4456 καὶ
588 4404 616 4457 τὸ
639 4409 735 4474 πνεῦμα
754 4411 798 4458 τοῦ
820 4406 880 4459 θεοῦ
903 4406 942 4458 διὰ
960 4409 1005 4475 τῆς
1024 4403 1086 4474 ὕλης
1105 4405 1254 4475 κεχωρηκὸς
1274 4408 1339 4459 κατὰ
1358 4407 1402 4465 τὰς
1421 4426 1466 4459 πα-

98 4494 228 4562 ραλλάξεις
248 4493 328 4563 setes
347 4493 408 4545 ἄλλο
426 4493 469 4545 καὶ
489 4491 549 4544 ἄλλο
567 4491 646 4560 ὄνομα
665 4491 866 4563 μεταλαγχάνειν.

170 4583 180 4614 ²
200 4586 274 4635 Plac.
288 4585 301 4632 l
314 4582 329 4633 ‘l
342 4592 366 4629 aa
388 4580 449 4633 καθ’
471 4580 513 4639 οὒς
533 4580 651 4633 ἕκαστα
670 4578 731 4631 καθ’
754 4580 904 4649 εἱμαρμένην
928 4582 1019 4649 γίνεται
1044 4583 1196 4633 Plutarchus
1222 4601 1278 4633 cum
1299 4587 1466 4647 Athenagora

100 4698 130 4707 -
143 4667 206 4721 καθ’
223 4668 268 4726 οὒς
281 4667 406 4721 ἅπαντα
420 4673 556 4722 Stobaeus.
576 4672 699 4734 quoniam
712 4672 872 4733 singulorum
886 4671 1069 4719 uocabulorum
1083 4670 1185 4721 fidelior
1198 4684 1236 4721 cst
1249 4675 1320 4723 testis
1330 4673 1465 4723 Stobaeus.

100 4757 195 4808 ἅπαντα
216 4761 362 4823 genuinum
382 4761 456 4819 duco,
476 4756 568 4809 1καστα
587 4775 603 4808 a
621 4758 761 4808 Plutarcho
783 4768 888 4823 propter
906 4757 999 4813 πάντας
1022 4761 1137 4821 proxime
1158 4761 1313 4824 praecedens
1333 4769 1465 4809 mutatum.

101 4863 165 4908 quse
184 4848 374 4896 Volkmanuus
392 4857 482 4911 postea
506 4845 551 4909 [N.
577 4846 669 4897 Jahrb.
692 4846 709 4894 t.
733 4846 802 4896 Phil.
824 4844 888 4897 ran
909 4861 933 4909 p.
950 4842 1013 4907 683]
1038 4845 1070 4893 de
1094 4847 1252 4896 Placitorum
1279 4849 1337 4897 latis
1361 4848 1466 4911 protulit

100 4937 178 4984 meus
199 4934 243 4983 hic
263 4934 379 4997 neglexi.
