3442 5588
454 317 710 369 nnnennnncn
729 319 779 368 nn
798 317 971 370 snnsrnns
989 315 1117 379 §cr-91
1411 318 1472 382 527

156 485 207 548 τόν
230 486 358 569 μὲνγὰρ
381 483 411 554 ἐξ
434 485 536 555 ὕδατος
558 484 599 556 εἰς
621 485 709 570 ἀέρα,
735 488 789 570 τὴν
816 485 842 550 δ’
872 486 998 571 ὁμίχλην
1025 485 1055 555 ἐξ
1077 486 1162 571 ἀέρος
1184 485 1225 555 εἰς
1247 484 1325 570 ὕδωρ
1346 487 1423 571 λέγει

158 588 357 673 μεταβαλλειν.
390 590 484 652 καίτοι
499 590 580 652 δοκεῖ
592 584 618 670 γ’
635 587 776 652 ἀνάπαλιν
791 586 870 674 ἔχειν
886 589 933 651 ἐπὶ
948 594 1001 672 τῆς
1017 589 1154 674 ὁμίχλης,
1176 588 1219 650 διδ
1236 589 1283 652 καὶ
1299 589 1421 653 παίεται

156 691 193 753 τὰ
219 692 310 756 ίίδατα
335 690 487 774 γινομένης
514 691 650 776 ὁμίχλης·
807 690 996 775 ἐνδεεστέρως
1029 689 1089 774 (δὲ)
1120 691 1169 754 καὶ
1197 692 1213 753 ὁ
1240 697 1293 775 τῆς
1319 697 1419 778 φωνῆς
1439 702 1471 754 91

157 791 268 877 είρηται
290 793 390 877 λόγος·
412 791 554 879 οὔτεγὰρ
576 792 670 862 κοινὸς
693 792 784 857 ἅπασι
805 796 866 862 τοῖς
888 790 975 878 ζῴοις
991 793 1067 856 ἐστὶν
1089 791 1157 856 οὔτε
1171 794 1224 877 τὴν
1238 795 1332 858 αἰτίαν
1347 796 1423 879 λέγει

128 900 211 979 οτῆς
232 896 400 981 αἰσθήσεως
428 896 611 981 βουλόμενος.
656 892 698 957 ἔτι
725 894 759 958 δὲ
785 893 820 957 οὐ
846 894 895 957 τδν
922 895 1016 979 ψόφον
1043 895 1092 958 καλ
1120 897 1173 980 τὴν
1200 899 1315 983 φωνην,
1347 899 1423 962 ἀλλὰ

156 999 209 1082 τὴν
232 999 375 1084 ἡμετέραν
398 997 534 1082 αίοδησιν
556 995 649 1061 ἔοικεν
672 994 828 1082 ἀφορίζειν.
867 997 931 1081 περὶ
954 998 987 1060 δὲ
1010 999 1176 1082 χρωμάτων
1192 1000 1298 1084 σχεδόν
1315 1001 1423 1082 ὁμοίως

152 1099 384 1184 Ἐμπεδοκλεῖ
404 1100 493 1183 λέγει·
516 1102 550 1164 τὸ
572 1101 626 1184 γὰρ
650 1101 801 1184 σύμμετρα
822 1096 900 1184 ἔχειν
924 1098 1010 1183 μόρια
1025 1105 1063 1182 τῇ
1088 1099 1152 1185 ὄψει
1173 1102 1217 1186 τιγῖ
1238 1106 1300 1171 τοῖς
1322 1102 1421 1187 πόροις

157 1203 339 1288 ἐναρμόττειν
355 1203 432 1267 ἐστίν
451 1217 475 1266 ⁸.
500 1203 607 1267 ἄτοπον
630 1204 663 1266 δὲ
684 1205 717 1266 τδ
734 1202 824 1286 μόνην
844 1202 950 1286 ταύτην
973 1203 1140 1266 ἀποδιδόναι
1162 1208 1220 1266 τῶν
1242 1204 1422 1288 αἰσθήσεων·

158 1304 200 1369 ἔτι
228 1308 261 1370 δὲ
287 1307 320 1369 τὸ
349 1307 450 1375 ἁπλῶς
477 1307 510 1369 τὸ
540 1310 649 1391 χρῶμα
676 1304 771 1390 φλόγα
797 1305 903 1389 λέγειν·
932 1305 965 1367 τὸ
999 1306 1051 1387 μὲν
1074 1306 1127 1389 γὰρ
1150 1307 1251 1368 λευκὸν
1273 1304 1337 1391 ἔχει
1358 1309 1422 1371 τινὰ

116 1438 141 1477 10
160 1408 329 1492 ὁμοιότητα,
351 1409 385 1470 τδ
408 1409 441 1471 δὲ
463 1409 553 1490 μέλαν
575 1407 701 1472 ἐναντίον
724 1406 759 1471 ἂν
781 1406 896 1492 φανείη.
940 1407 993 1490 τὴν
1016 1409 1049 1471 δὲ
1070 1413 1128 1471 τῶν
1151 1407 1247 1471 ἄλλων
1271 1408 1420 1491 μῖξινγτδ

157 1515 289 1600 ἀφαιρεῖν
316 1512 391 1580 όλως
419 1510 472 1574 οὐκ
495 1509 643 1596 ἐνδέχεται
666 1510 824 1575 ἀποδοῦναι
845 1514 908 1580 ταῖς
929 1509 1049 1586 αἰτίαις,
1072 1511 1162 1572 δεῖται
1185 1509 1217 1572 δέ
1239 1532 1313 1580 τινος
1334 1512 1421 1595 λόγου

156 1618 205 1681 κοιλ
227 1615 360 1683 πίστεως.

106 1762 307 1771 ---..—-——-

107 1838 120 1889 1
149 1837 192 1890 τόν
218 1839 317 1904 Corey:
350 1836 380 1889 τό
407 1839 451 1890 PF
483 1833 498 1905 ΙΙ
529 1834 545 1887 2
568 1832 593 1904 γ’
620 1838 655 1899 P,
679 1851 712 1887 ex
734 1831 758 1886 δ’
813 1834 877 1885 haec
898 1847 1006 1899 possunt
1033 1842 1153 1903 cogitari:
1181 1836 1228 1906 τὴν
1254 1835 1280 1889 δὲ
1305 1841 1358 1888 τῶν
1386 1835 1470 1889 ἄλλων

105 1942 172 1977 corr.
191 1927 265 1992 pnF
284 1924 298 1991 ΙΙ
323 1924 488 1994 3γινομίνης
505 1925 611 1977 ricPF:
629 1923 762 1992 γινομένης
813 1919 879 1988 μῖξιν
896 1918 951 1973 οὔτ’
979 1925 1084 1994 ἀναιρεῖν
1107 1922 1174 1983 όλως
1196 1925 1243 1989 [sc.
1262 1923 1398 1994 ἐνδέχεται]
1416 1923 1467 1977 οὔτ’

105 2013 253 2079 Stephanus
273 2009 286 2081 ΙΙ
306 2011 332 2065 δὲ
350 2015 451 2065 addidit
468 2014 612 2066 Schneider
636 2007 649 2079 ΙΙ
673 2012 761 2064 decr·
814 2008 938 2079 ἐνδέχεται
951 2010 1084 2063 ἀποδοῦναι
1094 2010 1149 2064 ιιτλ.
1161 2009 1174 2078 Η
1185 2017 1238 2069 ταῖς
1247 2010 1336 2070 αἰτίαις
1349 2015 1426 2065 distat
1437 2016 1470 2065 ab

105 2106 157 2158 νῶς
175 2103 230 2153 PF:
250 2117 314 2153 corr.
333 2101 475 2154 Schneider
494 2097 508 2168 ΙΙ
528 2099 544 2153 5
564 2095 712 2168 βουλόμενος
730 2101 761 2149 cf.
814 2094 908 2167 ὁρισμῷ
927 2097 1061 2151 ἀποδοῦναι
1076 2103 1154 2151 Arist.
1167 2102 1259 2166 Τορ.Ῑ
1271 2100 1304 2151 14
1324 2118 1349 2166 p.
1362 2099 1470 2156 1051126

105 2184 287 2255 p.515,2117
306 2187 343 2257 τῷ
361 2193 412 2247 τοῖς
424 2191 482 2241 PF:
501 2186 530 2239 τό
541 2190 593 2244 τοῖς
606 2187 762 2251 Stephanus.
813 2189 883 2247 nim.J
908 2203 969 2252 ergo
987 2189 1177 2240 rescribendum
1197 2187 1241 2244 τὰς
1259 2185 1339 2244 αἰτίας
1358 2183 1372 2254 ΙΙ
1393 2187 1423 2240 ll
1443 2186 1470 2239 tt

106 2278 152 2327 sed
171 2286 230 2344 post
247 2275 312 2328 icriv
330 2279 460 2329 intercidit
479 2273 557 2328 ταύτό
580 2278 621 2327 vel
640 2271 691 2325 ίσον
710 2270 724 2341 ΙΙ
746 2272 762 2324 9
814 2291 852 2339 ρτ.
869 2274 902 2324 F:
921 2275 972 2325 dei.
990 2277 1091 2341 punctis
1104 2292 1154 2326 sec.
1166 2277 1200 2325 F:
1220 2278 1305 2327 om.P
1326 2269 1340 2342 ΙΙ
1364 2274 1394 2326 12
1411 2277 1470 2326 snb·

106 2361 160 2432 ἔχει
183 2367 220 2415 ric
243 2366 288 2416 PF
313 2360 327 2431 ΙΙ
355 2363 386 2416 10
414 2374 530 2416 extreme
552 2372 673 2429 corrupte
695 2372 761 2413 runt.
814 2364 903 2412 scribit
918 2363 939 2412 1⁴*
957 2359 1049 2425 ῒτίλος
1072 2362 1127 2431 περὶ
1154 2358 1270 2431 αἰοδηστὶ
1293 2361 1322 2425 [i.
1338 2380 1361 2413 ο.
1380 2358 1469 2432 αἰσθη-

104 2455 239 2518 respicitur
251 2454 387 2504 Platonica
399 2454 516 2503 doctrine
533 2450 603 2515 586.
626 2454 694 2502 inter
710 2453 763 2502 alie
814 2450 889 2514 οτως]
907 2446 1087 2518 ὁεοφρόατουγ
