3442 5588
505 336 645 390 GALBNI
663 335 804 388 HISTOR.
823 336 962 388 PHILOS.
976 333 1002 387 5.
1015 336 1040 388 6.
1052 334 1068 386 ’ί
1402 333 1465 398 603

156 511 208 594 μὲν
229 510 282 594 τὴν
304 507 476 595 φιλοσοφίαν
497 508 636 587 εἰπόντες,
658 505 823 591 ἐπιτηδείαν
845 507 878 569 δὲ
899 504 1005 590 τέχνην
1027 504 1079 589 τὴν
1094 506 1197 592 σοφίαν
1213 506 1416 588 ὀνομάσαντες,

155 614 240 698 ἥτίς
262 611 323 676 ἐστι
353 611 513 694 κατάληψις
544 610 633 675 θείων
663 633 696 673 τε
724 609 772 674 καί
803 609 993 693 ἀνθρωπίνων
1020 610 1205 691 πραγμάτων.
1250 609 1305 672 εἰσί
1332 606 1360 673 δ’
1388 608 1415 671 οἳ

157 713 340 800 θεωρητικὴν
363 711 419 781 έξιν
441 714 564 798 αἱρετῶν
587 714 635 778 καὶ
667 716 800 798 φευκτῶν
830 712 974 797 ὑπέλαβον
1002 715 1108 796 χρῆναι
1139 714 1248 794 μᾶλλον
1276 712 1418 794 ὀνομάσαι

159 817 218 900 [δὲ]
240 816 344 899 αὐτήν,
365 815 466 898 αίρετὰ
488 816 542 898 μέν
564 816 601 878 τὰ
623 816 722 899 ἀγαθὰ
744 817 888 900 φήσαντες
910 812 993 890 εἶναι,
1013 814 1125 897 φευκτὰ
1147 815 1237 878 δὲτὰ
1259 815 1346 893 κακά,
1369 812 1417 877 καί

126 941 138 977 s
155 917 267 1001 ἀγαθὸν
289 919 323 981 τὸ
345 915 383 981 δι’
412 918 517 981 ἑαυτοῦ
538 919 652 1002 αἱρετὸν
668 917 811 1005 ῶφελιίας
825 921 868 1001 τῷ
885 916 1010 999 μετιόντι
1024 915 1189 999 γιγνόμενον
1204 915 1307 995 αἴτιον,
1330 916 1419 980 κακδν

154 1021 187 1085 δὲ
209 1021 243 1084 τό
265 1019 304 1084 δι’
331 1021 436 1084 ἑαυτοῦ
458 1019 659 1102 ἐκκλινόμενον
682 1021 792 1106 βλάβης
814 1018 1025 1101 καθιστάμενον
1047 1017 1147 1082 αἴτιον.

488 1277 511 1342 6
548 1276 638 1341 πόσα
660 1276 749 1360 μέρη
772 1280 833 1360 τῆς
854 1276 1077 1360 φιλοσοφίας.

244 1431 331 1518 Μέρη
355 1434 388 1496 δὲ
410 1439 462 1517 τῆς
484 1433 656 1517 φιλοσοφίας
678 1432 753 1496 κατὰ
773 1433 840 1502 τοδς
862 1434 1013 1502 πλείστους
1035 1431 1256 1517 ἀκριβεστάτους
1279 1433 1352 1497 εἶναι
1375 1434 1419 1495 δυ

155 1539 275 1604 κοῶντας
297 1536 362 1619 τρία
383 1538 617 1621 παρειλήφαμεν,
640 1535 673 1599 τό
695 1557 728 1598 τε
749 1535 863 1618 λογικόν
885 1533 922 1598 δι’
950 1535 985 1599 οὔ
1008 1535 1277 1618 καταμανθάνομεν,
1305 1535 1333 1598 τί
1359 1537 1418 1597 τῶν

116 1657 141 1694 1⁰
160 1637 251 1701 ὄντων
274 1639 395 1703 ἕκαστον
417 1637 483 1701 κατ’
511 1640 611 1704 οὐσίαν
634 1639 682 1702 καὶ
704 1637 994 1723 κατὰσυμβεβηκός,
1016 1636 1065 1701 καὶ
1087 1637 1139 1706 τὰς
1154 1638 1295 1722 διαφορὰς
1310 1638 1420 1701 τούτων

156 1742 228 1825 πρδς
249 1741 363 1824 ἄλληλα
393 1741 499 1805 καὶτὰ
525 1746 645 1805 τοιαῦτα
670 1743 862 1824 γινώσκομεν·
893 1742 941 1804 καὶ
970 1742 1003 1804 τδ
1031 1740 1152 1825 φυσικδν
1179 1739 1215 1803 δι’
1243 1741 1333 1824 οίιπερ
1359 1739 1421 1804 ἔστι

154 1844 299 1927 καθορᾶν,
331 1845 373 1914 τίς
403 1846 422 1927 ἡ
451 1844 529 1907 αίτία
558 1848 608 1907 τοῦ
637 1844 713 1913 τάξει
740 1842 869 1927 προϊέναι
896 1846 954 1905 τῶν
982 1841 1123 1927 οὐρανίων
1150 1843 1204 1926 τὴν
1231 1844 1340 1927 κίνησιν
1364 1844 1419 1906 ὅσα

156 1946 297 2030 φέρεσθαι
320 1949 409 2024 δοκεῖ,
432 1947 481 2010 καί
503 1947 577 2016 τίνες
598 1946 695 2009 αὐτῶν
717 1949 878 2030 ταχυτῆτες
900 1946 919 2028 ἢ
943 1946 1117 2030 βραδυτῆτες
1141 1945 1214 2029 πρδς
1235 1945 1348 2029 ἄλληλα
1371 1946 1418 2008 καὶ

156 2050 211 2112 όσα
240 2049 350 2113 τούτων
381 2049 457 2113 ἐστὶν
488 2050 584 2131 όμοια.
628 2048 677 2112 καὶ
705 2047 799 2131 τρίτον
828 2047 861 2108 τδ
891 2049 1007 2111 πάντων
1036 2047 1260 2129 ἀναγκαιότατον
1287 2048 1335 2111 καί
1359 2051 1418 2116 τοῖς

119 2173 144 2209 νυ
162 2153 371 2235 ἐπιτηδεύμασι
386 2155 610 2236 χρησιμώτατον
631 2151 665 2214 τὸ
688 2150 803 2235 ἠθικόν,
825 2146 863 2212 δι’
884 2148 919 2212 οὔ
941 2150 1125 2233 μανθάνομεν
1148 2151 1285 2235 ἀλλήλοις
1308 2152 1418 2232 ὁμιλεῖν

157 2256 206 2318 καί
228 2256 401 2339 συμβάλλειν
424 2258 586 2338 προσηνῶς,
609 2253 657 2317 καὶ
679 2253 746 2329 τοὺς
769 2252 821 2335 μὲν
837 2253 1035 2336 θρασυτάτους
1050 2254 1192 2337 ὑπερορᾶν
1208 2255 1243 2317 οὐ
1259 2258 1418 2337 μισοῦντες,

161 2359 236 2421 ἀλλὰ
259 2357 307 2420 καὶ
328 2359 469 2439 γελῶντες
491 2357 539 2420 καί
561 2357 718 2433 ἐλεοῦντες,
739 2356 807 2425 τοδς
822 2356 856 2418 δὲ
870 2357 1111 2426 σπυυδαιοτάτυυς
1127 2357 1174 2419 καὶ
1190 2356 1420 2424 ἐπιεικεστάτους

158 2462 294 2544 στέργειν,
317 2464 357 2528 ῶς
379 2460 489 2523 τούτων
512 2459 565 2541 μὲν
591 2458 639 2520 τὀν
663 2457 723 2542 βίον
747 2456 838 2543 ῥᾴονα
864 2459 912 2520 καί
940 2458 1068 2544 βελτίους
1094 2460 1146 2530 τὰς
1173 2460 1244 2544 πρὸς
1274 2461 1418 2543 ἀλλήλους

157 2563 294 2632 ἐντεύξεις
316 2563 507 2644 ποιουμένων,
529 2560 647 2625 ἐκείνων
670 2561 702 2623 δὲ
725 2561 758 2624 τδ
782 2560 857 2645 ἦθος
878 2562 1073 2644 δυσπρόσοδον
1096 2564 1144 2628 καὶ
1159 2563 1339 2626 παντάπασιν
1355 2561 1418 2625 άνο-

115 2684 139 2722 νο
158 2666 277 2748 μόλητον
299 2667 348 2728 τδν
372 2665 433 2750 βίον
456 2664 706 2748 ἀπεργαζομένων.

477 2922 495 2986 7
531 2923 608 3005 περὶ
630 2924 810 3008 αἱρέσεων.
1434 2943 1469 2981 ναι

240 3077 264 3143 Τ
266 3080 301 3162 ὴν
329 3079 438 3162 αίρεσιν
465 3079 703 3164 ὑπολαμβάνουσί
727 3104 800 3153 τινες
827 3082 962 3166 εἰρῆσθαι
984 3083 1106 3165 τριχῶς,
1136 3083 1239 3148 κοινῶς
1266 3080 1314 3142 καί
1338 3080 1417 3149 ἰδίως

104 3256 306 3266 -ο-ὺ-
813 3263 1014 3272 ·-..---—-—-——

105 3373 118 3424 1
132 3370 241 3429 εἰπόντες
250 3374 363 3423 Usener:
377 3370 466 3427 πάντες
478 3372 516 3421 A:
530 3387 580 3421 om.
591 3371 638 3422 BN
651 3367 664 3437 Η
675 3368 701 3421 δὲ
711 3387 761 3421 orn.
814 3372 831 3442 η
850 3371 991 3443 βραδότατα
1008 3376 1031 3427 Β
1045 3373 1059 3441 Η
1074 3373 1105 3426 17
1125 3373 1168 3424 καὶ
1187 3370 1306 3440 γελῶντες
1319 3374 1357 3422 A:
1376 3369 1468 3439 γελῶν·

103 3463 129 3510 A
150 3456 165 3527 Η
184 3458 328 3526 νομίσαντες
346 3459 435 3510 ABN:
458 3475 523 3509 eorr.
548 3460 649 3509 Usener
670 3455 685 3526 Η
701 3456 717 3508 2
735 3475 762 3508 τι
813 3478 853 3518 τες
872 3463 906 3512 B:
925 3476 1047 3527 spernere
1064 3469 1088 3512 ει
1105 3477 1160 3511 ποτε
1179 3460 1266 3512 odire:
1285 3459 1332 3512 sed
1350 3460 1472 3512 misereri

102 3548 138 3598 n:
158 3563 209 3599 om.
234 3549 268 3608 s,
292 3548 338 3597 ses
363 3549 393 3597 cr.
417 3549 485 3598 rius.
509 3549 562 3596 ιο.
583 3544 597 3614 γ
617 3545 651 3603 εις
674 3543 700 3597 ιι
723 3548 761 3596 A:
816 3551 841 3601 n
860 3550 981 3601 eteros
1000 3546 1136 3616 sibine·
1158 3544 1171 3615 Η
1194 3544 1270 3599 ¹⁷⁶³
1289 3564 1339 3598 0¹11·
1358 3548 1381 3599 Β
1401 3544 1415 3615 ΙΙ
1439 3547 1470 3600 ¹8

104 3634 139 3692 είς
152 3632 178 3686 δὲ
191 3633 237 3702 τὴν
246 3635 284 3685 B:
303 3632 413 3701 quidam
425 3649 486 3685 vero
498 3636 523 3685 N
533 3634 565 3684 ef.
578 3634 649 3685 Prol.
663 3651 688 3698 p.
698 3630 763 3686 236:
816 3636 958 3705 στέργοντες
976 3638 1038 3688 AB:
1057 3636 1166 3705 στέργειν
1184 3634 1220 3693 ῶς
1237 3639 1337 3702 scripsi.
1362 3637 1469 3687 infiniti·

104 3739 171 3772 corr.
191 3724 292 3773 Usener
312 3718 327 3789 Η
346 3720 362 3773 3
380 3720 513 3788 ὠνόμασαν
525 3718 552 3771 δέ
565 3722 626 3771 AB:
645 3716 764 3785 ὀνομάσαι
816 3742 875 3775 vum
894 3734 1010 3776 suaserat
1028 3741 1119 3775 censor
1135 3727 1207 3790 Lips.
1228 3720 1241 3792 Η
1260 3726 1349 3775 τοῦτον
1362 3725 1384 3774 Β
1397 3721 1410 3791 Η
1425 3723 1471 3790 μὲν

101 3807 129 3860 δδ
154 3810 318 3861 Cherterius:
346 3805 492 3876 ὠνομάσθαι
516 3810 618 3860 Usener
643 3803 657 3875 Η
681 3805 699 3857 4
721 3805 764 3856 καὶ
816 3809 859 3861 οὖν
877 3810 954 3863 τὸνΒ
970 3809 988 3878 Η
1009 3812 1067 3881 βάον
1081 3812 1166 3863 ἀσκεῖν
1179 3813 1240 3862 AB:
1260 3826 1326 3861 corr.
1340 3813 1441 3863 Usener
1455 3806 1468 3877 Η

105 3899 144 3948 D:
163 3895 191 3948 τδ
209 3898 259 3948 AB
278 3892 293 3965 Η
314 3899 329 3951 6
348 3901 378 3949 es.
397 3917 422 3964 p.
437 3896 524 3960 611,8
543 3894 620 3947 αἴτιον
638 3892 763 3962 ἡγήσαντο
816 3896 913 3967 βέλτιον
949 3900 1011 3951 AB:
1052 3917 1118 3951 corr.
1157 3916 1225 3951 cens.
1261 3901 1332 3962 Lips.
1369 3899 1472 3948 inclusit

102 3980 255 4036 καθεστάναι
813 3988 915 4037 Usener
934 3984 947 4053 Η
970 3987 1001 4039 19
1020 3997 1078 4052 post
1103 3982 1221 4044 ἐντεόξιις
1242 3987 1302 4035 edd.
1326 3980 1422 4052 ἀγαθὰς
1444 3987 1470 4035 A

141 4070 157 4122 ’ί
171 4073 272 4122 titulum
285 4073 410 4138 praebent
422 4074 483 4123 BN:
498 4089 548 4122 om.
563 4075 596 4122 A.
615 4072 647 4120 de
660 4087 682 4119 υ.
696 4068 711 4121 6
731 4071 761 4119 cs.
814 4076 884 4137 quod
908 4090 959 4124 om.
982 4075 1004 4125 B
1023 4075 1242 4138 damnarentque
1261 4089 1352 4123 censor
1363 4075 1434 4138 Lips.
1455 4069 1469 4136 Η

103 4161 176 4212 Ptol·
191 4178 215 4225 p·
229 4158 281 4213 246
302 4157 314 4223 Η
335 4159 352 4210 8
365 4157 486 4216 πλείστοις
499 4176 591 4210 censor
604 4161 688 4223 Upi-3
701 4159 761 4206 1οῐ1·
813 4159 959 4228 ποιούμενον
978 4163 1000 4213 Β
1014 4158 1028 4229 Η
1043 4158 1187 4228 δισπρόοδον
1199 4164 1237 4211 A:
1256 4157 1406 4228 δυσπρόοδον
1418 4162 1441 4212 Β
1455 4159 1469 4225 Η

102 4244 232 4304 πλείστους
245 4246 288 4297 καί
301 4258 328 4298 ut
342 4252 418 4299 vertit
428 4251 463 4309 N,
481 4249 527 4297 sed
540 4250 570 4298 ci.
588 4264 614 4313 ρ.
625 4244 686 4306 612,
699 4242 730 4295 10
745 4238 759 4307 Η
813 4249 847 4302 20
866 4249 1062 4317 ἀπεργαζόμενον
1080 4250 1103 4300 Β

102 4332 272 4403 ἀκριβέστατα
299 4338 321 4386 Β
348 4331 361 4401 Η
385 4333 547 4386 δοκοῦνταΒ
574 4331 586 4399 Η
613 4334 628 4385 9
651 4331 675 4382 τί
697 4332 759 4383 BN:
847 4337 879 4388 21
906 4337 960 4405 περὶ
983 4335 1101 4405 αἱρέσεως
1128 4338 1188 4387 AB:
1216 4335 1249 4387 de
1276 4335 1409 4386 heresibus
1436 4338 1470 4388 N.

103 4417 126 4473 r*
137 4422 206 4490 (τὴν)
217 4425 242 4473 Δ
252 4421 264 4490 Η
276 4424 307 4476 10
318 4424 429 4475 uniente
439 4422 536 4474 κατὰΒ
547 4425 702 4484 (inseruerat
710 4418 759 4479 D):
812 4427 844 4476 ds
863 4443 885 4475 ε.
900 4424 916 4475 ’ί
935 4428 966 4476 εί.
984 4426 1055 4476 Ptol.
1075 4442 1099 4488 ρ.
1114 4421 1164 4476 246
1179 4419 1192 4489 Η
1208 4422 1241 4473 22
1260 4428 1287 4474 in
1300 4425 1322 4475 B
1339 4422 1387 4491 τὴν
1404 4421 1470 4492 αίρε.

104 4527 156 4560 om.
170 4512 195 4560 A
211 4506 224 4577 Η
242 4510 270 4561 11
291 4511 334 4561 καὶ
347 4510 375 4562 τδ
388 4514 489 4577 scripsit
501 4513 541 4561 D:
560 4507 589 4578 ἧς
608 4512 636 4570 (i.
650 4525 672 4558 ε.
686 4505 713 4572 a,
726 4531 758 4554 =
812 4526 849 4562 σιν
864 4539 896 4549 -
912 4511 1000 4572 604,4
1019 4510 1192 4579 ἀναφερόντων
1210 4513 1251 4561 hie
1269 4513 1364 4561 emisse
1382 4519 1408 4561 et
1425 4527 1468 4561 ευ-

102 4593 224 4665 δεότιρυν,
240 4600 303 4649 olim
314 4601 405 4651 utfieri
415 4602 482 4650 solet
492 4615 555 4663 mrg.
566 4595 659 4664 sdser.)
671 4597 714 4649 καί
724 4600 759 4649 B:
810 4603 953 4666 perscripto
977 4602 1052 4650 titulo
1075 4599 1130 4667 περὶ
1152 4597 1270 4666 αἱρέσεως
1287 4607 1404 4648 extremo
1427 4614 1469 4649 crs·

101 4681 132 4735 τδ
148 4683 209 4749 (om.
224 4685 278 4747 καὶ)
295 4689 319 4736 A
336 4684 349 4754 Η
366 4686 442 4743 ίθτίς
458 4685 475 4753 ἡ
489 4683 603 4735 etstan:
621 4684 667 4752 τὴν
683 4685 763 4736 αίτίαν
813 4689 859 4751 piti
894 4695 953 4751 post
979 4685 1080 4754 ἀπείρου
1111 4687 1201 4736 addite
1227 4695 1294 4735 sunt.
1325 4685 1470 4751 adscriptae

101 4774 126 4823 B
147 4769 159 4838 Η
181 4772 306 4840 προσιέναι
327 4776 349 4825 Β
375 4771 387 4840 Η
413 4773 445 4827 13
464 4769 593 4841 φαίνεσθαι
617 4774 676 4823 AB:
696 4789 762 4823 eorr.
812 4783 898 4824 tamen
917 4784 978 4825 sunt
995 4762 1191 4840 Ιίτιετεεαυτβ
1210 4773 1469 4837 quibusvernsordo

106 4861 208 4910 Usener
227 4862 258 4910 ei.
278 4861 369 4912 Cobeti
388 4865 421 4912 V.
436 4846 488 4912 >11.²
510 4858 553 4911 121
583 4856 596 4926 Η
620 4857 761 4917 τίνες-τα·
812 4863 901 4925 quiin
920 4863 945 4913 N
963 4876 1066 4926 quoqne
1085 4870 1193 4927 eppsret
1211 4863 1369 4912 indiceretur
1390 4855 1405 4926 Η
1425 4858 1469 4909 καὶ

103 4949 211 5014 χυτῆτες
234 4946 250 5015 ἡ
275 4945 425 5016 βραδυτητες
447 4950 497 4998 AN
504 4966 510 4997 ι
533 4945 587 4997 τίνα
596 4943 761 5015 --ταχίντατιι
811 4957 871 4999 ente
891 4945 958 5004 ίδίιυς
976 4964 1027 4998 om.
1045 4949 1067 4999 B
