3464 5586
643 334 920 386 enonncounua
1395 333 1458 396 219

96 521 217 587 umus,
240 502 329 569 haud
352 504 450 587 paulo
474 502 652 587 praestat¹
690 502 748 568 sed
771 502 879 567 omnia
901 503 983 569 haec
1009 523 1105 585 quam
1127 503 1251 567 incerta
1272 502 1336 569 sint
1358 505 1460 585 vides,

98 624 170 671 cnm
193 604 313 672 erroris
334 605 425 688 origo
448 624 563 691 parum
584 601 681 669 facile
704 603 892 688 explicetur.
934 604 1070 671 forsitan
1092 605 1217 670 litteras
1239 607 1354 671 saltem
1378 605 1460 689 quis·

97 706 187 791 piam
209 705 272 773 hoc
292 708 390 773 modo
412 714 559 774 servatas
582 705 670 771 velit.
704 712 833 771 constat
854 707 888 772 in
904 706 1158 792 Theophrasteis
1180 707 1286 790 prisca
1300 706 1460 801 pocabula

98 809 190 874 velut
215 808 359 875 nobilem
385 809 573 892 aeruginem
603 807 764 873 interdum
793 808 938 893 retineri,
967 811 1055 876 velut
1082 808 1176 873 infr.
1199 807 1240 874 de
1265 828 1362 874 sensu
1383 811 1461 890 §bo

98 910 307 978 Democritea
322 914 577 997 δμοιοσχημονεῖν,
598 911 639 975 51
657 910 847 994 θρύπτεσθαι,
869 913 911 976 bi)
925 913 978 977 vel
995 909 1134 975 ionicam
1149 909 1286 975 formam
1305 912 1460 994 διαμίμνει.

98 1011 249 1079 similiter
270 1033 311 1079 ex
326 1013 570 1080 Anaximandro
594 1012 694 1097 Phys.
711 1033 762 1096 op.
786 1012 861 1079 aa
883 1017 932 1079 καὶ
953 1016 1006 1098 τὴν
1027 1012 1142 1098 φθορὰν
1157 1058 1164 1074 .
1178 1058 1186 1073 .
1199 1058 1208 1074 .
1223 1013 1352 1094 γίνεσθαι
1374 1015 1461 1076 κατὰ

99 1117 137 1178 τὸ
159 1118 289 1200 χρεών,
316 1118 449 1181 διδόναι
470 1116 534 1199 γὰρ
556 1115 645 1179 αὐτὰ
667 1115 766 1196 δίκην
789 1117 845 1178 καὶ
868 1119 958 1182 τίσιν
982 1117 1151 1199 ἀλλήλοις
1172 1118 1234 1197 τῆς
1256 1115 1459 1184 ἀδικίας...

99 1219 335 1304 massaritios<
358 1219 451 1288 οὕτως
473 1219 609 1300 ὀνόμασιν
625 1217 700 1281 αὐτὰ
714 1217 817 1299 λέγων.
852 1218 972 1302 quidni,
994 1215 1118 1300 inquiet
1136 1213 1207 1296 iste,
1230 1216 1364 1298 antiqua
1379 1217 1461 1281 haec

100 1321 190 1406 itote
201 1321 274 1385 κίονι
281 1321 453 1388 Homerico
468 1318 635 1403 exemplo²
649 1317 932 1386 inAnaximandro
946 1320 1067 1404 scripta
1077 1317 1176 1382 tuisse
1187 1316 1364 1401 credamus,
1376 1337 1461 1400 quae

100 1424 144 1489 ad
164 1425 335 1508 vulgarem
356 1422 460 1505 magis
482 1442 575 1488 usum
597 1419 840 1504 Theophrastus
863 1422 1054 1488 transferret
1075 1422 1151 1505 λιδῷ
1175 1420 1268 1483 siout?
1294 1420 1352 1485 sed
1373 1421 1461 1503 piget

100 1525 150 1591 his
164 1524 311 1593 artificiis
326 1525 445 1592 diutius
468 1544 598 1590 vacare.
626 1529 798 1606 utcumque
823 1531 856 1592 te
871 1523 1086 1607 expediveris,
1109 1522 1190 1587 mira
1205 1529 1334 1587 constat
1349 1523 1406 1587 illa
1421 1543 1460 1589 ex

102 1627 330 1713 Theophrasto
348 1627 545 1693 Placitorum
563 1625 796 1711 Hippolytique
819 1626 1000 1710 consensio,
1022 1645 1107 1709 quae
1129 1631 1222 1690 tanta
1245 1630 1303 1707 est,
1327 1630 1361 1689 ut
1376 1625 1460 1689 Astii

101 1731 252 1797 Ιινοιιιιιιιιι
274 1730 350 1796 hinc
372 1735 460 1795 certo
483 1728 589 1812 possis
610 1727 776 1794 resarcire.
822 1727 1074 1794 continuandum
1096 1734 1146 1792 est
1170 1727 1257 1794 enim
1278 1749 1318 1794 ex
1340 1728 1461 1812 Hippo-

100 1834 171 1918 tyto
192 1839 253 1898 τῶν
275 1834 421 1898 ἐπιπέδων
444 1832 470 1918 qt
495 1832 547 1915 μὲν
570 1831 783 1916 ἐπιβεβήιιοιρεν
809 1833 825 1895 δ
848 1833 881 1894 δὲ
904 1832 1051 1895 ἀντίθετον
1075 1832 1211 1916 ὑπάρχει.

188 1933 406 2018 Theophrasti
439 1954 555 2018 corpus
588 1951 655 1996 neu
687 1930 819 1997 dubium
850 1941 916 2017 est,
951 1932 1027 2016 quin
1054 1933 1088 1996 in
1115 1932 1234 1998 Ionicis
1260 1930 1462 2015 philosophis

102 2059 239 2123 quorum
261 2035 383 2120 scripta
403 2035 472 2103 iere
495 2034 685 2101 interierant
712 2035 765 2100 vel
786 2036 936 2117 neglecta
962 2033 1113 2100 iacebant
1133 2035 1157 2117 ³,
1186 2033 1260 2099 fons
1282 2034 1379 2099 fuerit
1400 2033 1462 2116 pri-

101 2139 234 2206 marius
256 2139 344 2206 idem
366 2138 409 2206 de
424 2136 630 2222 Xenophane
645 2135 767 2218 liquido
784 2143 920 2221 constat,
944 2138 1012 2203 veri
1028 2137 1132 2203 simile
1147 2143 1197 2201 est
1211 2136 1253 2202 de
1268 2134 1462 2201 Parmenide

100 2242 235 2309 hlelisso
256 2242 390 2309 Zenone
411 2240 578 2325 Leucippo
593 2237 779 2304 Democrito
796 2239 981 2306 Metrodoro
998 2239 1089 2305 Chio.
1124 2257 1317 2321 quamquam
1340 2238 1381 2303 de
1395 2243 1462 2302 ato·

102 2365 229 2411 morum
259 2343 446 2410 doctoribus
476 2349 526 2409 est
554 2340 640 2425 quod
672 2340 810 2407 dubites.
855 2362 961 2425 neque
988 2342 1072 2408 enim
1102 2362 1237 2424 usquam
1264 2347 1330 2404 tam
1364 2358 1463 2423 saepe

102 2447 194 2516 dedit
216 2447 355 2532 scriptor
375 2444 523 2512 inscitiae
545 2461 670 2528 poenas
693 2463 790 2526 quarn
811 2445 846 2509 in
869 2445 993 2509 illorum
1023 2444 1193 2527 dogmatis.
1227 2464 1291 2508 non
1318 2442 1461 2524 urguebo

101 2549 281 2618 Democriti
311 2549 461 2632 ingentes
488 2553 614 2612 atomos
644 2546 763 2628 quael
788 2548 863 2612 les
889 2545 1023 2629 profert:
1062 2549 1181 2610 δυνατὸν
1210 2546 1283 2609 εἶναι
1311 2545 1462 2627 κοσμιοιίαν

103 2654 245 2740 ὑπάρχειν
267 2653 385 2735 ἄτομον.
419 2669 494 2715 nam
518 2649 635 2716 erroris
658 2647 779 2712 socium
802 2649 901 2714 habet
916 2647 1109 2733 Dionysium
1131 2649 1219 2732 apud
1241 2647 1358 2713 Euseb.
1378 2648 1413 2711 P.
1425 2647 1462 2711 E.

103 2756 180 2822 XIV
200 2756 243 2821 23
262 2756 319 2818 3.*
355 2772 461 2837 neque
486 2752 575 2817 solus
602 2752 713 2834 lapsus
742 2756 791 2815 est
816 2750 935 2815 ibidem
963 2752 999 2814 toi
1027 2757 1128 2834 πρῶτα
1150 2754 1274 2831 σώματα
1301 2751 1388 2834 βάρος
1410 2750 1463 2812 οὐκ

104 2857 194 2945 ἔχειν,
217 2858 360 2921 κινεῖσθαι
382 2857 415 2920 δὲ
437 2853 498 2918 κατ’
526 2855 738 2937 ἀλληλοτιιπίαν
761 2855 856 2939 ἐντῷ
880 2854 1003 2938 ἀπείρῳ,
1026 2853 1111 2935 tluod
1134 2852 1332 2936 repetiit13
1355 2861 1387 2912 18
1408 2851 1463 2933 Δη-

105 2962 240 3047 μόκριτος
263 2960 316 3043 μὲν
338 2959 392 3042 γὰρ
414 2955 495 3039 ἔλεγε
517 2958 568 3021 δύο
592 2957 715 3040 μέγεθός
738 2980 769 3020 τε
791 2958 839 3019 καὶ
863 2962 983 3041 σχῆμα,
1007 2959 1022 3019 t
1045 2955 1069 3018 δ’
1095 2954 1260 3039 Ἐπίκουρος
1283 2954 1393 3022 τούτοις
1415 2954 1463 3015 καὶ

104 3064 197 3148 τρίτον
220 3063 307 3147 βάρος
329 3059 523 3144 προσέθηκεν.
563 3059 596 3123 in
624 3059 739 3126 eodem
760 3066 869 3125 autem
893 3078 1002 3124 errore
1025 3065 1075 3124 est
1097 3057 1210 3125 Cicero
1232 3056 1274 3121 de
1295 3054 1352 3120 iat.
1368 3056 1411 3119 ‘20
1429 3065 1463 3118 46

103 3169 165 3231 vim
195 3175 295 3229 motae
321 3163 473 3226 habebant
500 3158 635 3246 (atomi)
663 3181 684 3224 o
715 3163 890 3224 Democrito
920 3162 1115 3242 impulsionis
1141 3181 1233 3242 qaam
1258 3161 1385 3240 piopam
1412 3158 1465 3220 itte

104 3269 254 3351 appellat,
277 3287 297 3329 a
314 3275 352 3342 tc,
366 3265 511 3346 Epimre,
526 3267 695 3345 prauitatis
711 3274 739 3326 et
752 3266 911 3345 ponderis.
945 3264 984 3329 ci.
1008 3262 1168 3329 Alexand.
1183 3261 1226 3325 ad
1241 3260 1385 3343 Metaph.
1400 3260 1429 3325 A
1443 3261 1465 3325 4

105 3394 137 3457 p.
146 3372 186 3437 at
190 3419 199 3455 ,
215 3368 305 3436 2513.
333 3367 409 3451 quid
425 3387 503 3433 vcro
520 3365 649 3432 homine
670 3366 772 3431 iacias
786 3367 841 3449 qui
862 3366 1075 3450 principatum
1097 3363 1197 3429 animi
1219 3383 1291 3429 csse
1306 3362 1465 3427 sentiendi

106 3478 284 3558 expertem,
308 3489 439 3535 sensnm
461 3469 547 3534 intra
569 3475 673 3534 tactas
696 3469 840 3552 corporis
862 3476 972 3552 partes
998 3467 1175 3534 consistere
1197 3467 1366 3533 docentem
1388 3463 1466 3530 facit

298 3626 507 3634 —-—.-—-—.

178 3710 186 3743 ¹
206 3726 272 3778 quae
298 3714 321 3761 ai
348 3726 411 3761 vera
437 3720 476 3761 est
497 3711 587 3771 lectio,
612 3711 774 3761 Plutarcheis
801 3710 939 3760 Stromatis
962 3714 1049 3774 otique
1075 3712 1221 3761 accuratior
1238 3720 1340 3774 praesto
1359 3718 1414 3758 crat
1433 3726 1466 3759 cx

105 3802 287 3866 Theophrasto
310 3801 441 3849 memoria.
470 3813 552 3861 neque
575 3800 643 3847 enirn
668 3799 853 3863 spondylorum
876 3801 1057 3864 proportiones
1083 3800 1228 3848 architectis
1251 3801 1288 3847 ita
1306 3797 1465 3857 constabant,

106 3897 135 3939 ut
156 3896 227 3938 certa
248 3886 308 3937 inde
331 3886 397 3936 effici
421 3895 508 3950 posset
530 3901 699 3937 numerorum
724 3887 871 3950 descriptio.
903 3876 1197 3949 Parthenonis'quidem
1215 3888 1348 3935 columnae
1368 3902 1381 3933 c
1402 3886 1466 3934 duo·

105 3977 179 4027 denia
200 3974 340 4040 spondylis,
357 3980 500 4023 subactae
514 3983 587 4034 sunt;
609 3975 655 4024 sed
674 3974 738 4023 haec
757 3975 805 4023 init
824 3973 968 4024 Penthelicl
989 3975 1081 4037 lapidis
1100 3985 1192 4024 tratura
1211 3983 1238 4023 ut
1256 3976 1304 4022 nisi
1324 3976 1349 4022 iu
1368 3975 1468 4022 ruinuta

103 4065 232 4129 hassmirut
253 4062 326 4112 caedi
346 4076 398 4111 non
418 4070 506 4127 posset
524 4064 555 4112 ci.
573 4062 733 4112 Boetticheri
750 4062 821 4110 Tect.
835 4063 848 4111 1
864 4057 921 4111 1⁸29.
940 4070 1074 4126 praeterea
1093 4064 1160 4110 inter
1178 4077 1205 4109 se
1224 4062 1327 4110 minime
1346 4062 1466 4122 aequales

107 4160 166 4202 sunt
183 4152 214 4200 oi.
233 4150 370 4199 Michaelis
381 4150 533 4200 Parthenon
553 4151 648 4216 explic.
667 4166 692 4213 p.
707 4144 763 4199 114.
784 4147 845 4197 alibi
860 4157 944 4197 antem
958 4150 1024 4199 aliae
1036 4151 1088 4199 fere
1103 4151 1268 4198 inveniuntur
1279 4149 1466 4212 proportiones.

177 4233 226 4303 ’ψ
244 4233 295 4287 202
315 4232 386 4303 βηλῷ
405 4232 446 4286 itti
464 4232 549 4306 λιθέῳ,
567 4253 581 4286 ν
596 4234 644 4288 tot
665 4234 727 4286 locet
745 4230 831 4284 λίθεοι.

178 4322 324 4375 ’Thaletis
342 4325 392 4373 iam
405 4325 541 4375 Aristoteli
561 4327 688 4389 genuinus
702 4324 787 4372 nullus
807 4323 908 4373 libellus
927 4326 1044 4388 cognitus
1063 4326 1140 4374 tuisse
1160 4324 1268 4385 videtur,
1287 4323 1466 4387 Theophrasto

104 4418 166 4466 itam
178 4413 265 4464 nullus
279 4419 380 4477 praeter
391 4412 545 4461 subditiram
558 4411 678 4479 ναυτικὴν
695 4407 862 4478 ἀστρολογίαν
881 4413 912 4461 cf.
924 4412 1003 4475 Phys.
1017 4415 1087 4477 opin.
1106 4415 1137 4462 fr.
1154 4412 1175 4463 1.
1196 4412 1384 4462 Anaximandri
1403 4410 1468 4461 liber

105 4518 183 4568 quam
201 4517 274 4553 rarus
291 4502 368 4550 fuerit
385 4503 436 4549 iam
450 4501 688 4549 Alexandrinorum
707 4500 883 4563 temporibus,
902 4500 962 4548 inde
981 4501 1096 4563 colligas,
1115 4501 1184 4562 quod
1198 4499 1374 4564 Apollodorus
1393 4498 1466 4547 chro-

105 4593 224 4641 nicorum
241 4589 358 4652 scriptor,
378 4588 573 4637 Alexandrinae
592 4587 764 4636 bibliothecae
789 4590 877 4637 accola
896 4590 922 4637 iu
943 4588 1013 4636 illum
1033 4598 1162 4649 tamquam
1184 4585 1284 4653 ἕρμαιον
1302 4602 1329 4635 se
1348 4586 1466 4635 incidisse

105 4686 193 4727 narrat
211 4677 297 4726 Laert.
310 4671 367 4724 112
386 4671 429 4736 [ct.
450 4675 518 4724 Mus.
538 4674 621 4724 Rhcn.
642 4675 734 4725 XXXI
754 4673 807 4738 24].

177 4760 189 4792 ⁴
207 4765 239 4813 ci.
257 4763 344 4812 Laert.
357 4763 382 4811 X
395 4760 429 4813 43
448 4760 468 4812 ιί
487 4761 523 4829 μὴ
543 4759 627 4827 μέλλει
646 4777 682 4818 τις
701 4762 745 4813 καὶ
763 4767 814 4818 τοῖς
833 4758 959 4829 μεγέθεσιν
979 4758 1065 4817 ἁπλῶς
1083 4761 1116 4817 είς
1135 4761 1234 4828 ἄπειρον
1253 4758 1329 4817 αὐτὰς
1347 4763 1468 4823 (atomos)

106 4846 244 4917 ίιιβθλιιν.
273 4851 343 4899 hand
368 4852 422 4899 ecio
446 4864 480 4899 an
505 4854 625 4914 tepentes
649 4849 780 4912 quaedam
802 4850 930 4915 inrupisset
957 4856 1096 4910 tantaeque
1120 4858 1146 4898 ot
1168 4847 1320 4898 uttioersam
1344 4847 1467 4899 mandam

107 4937 340 5004 complecterentur
359 4936 425 5003 [Cic.
445 4938 477 4987 de
496 4939 567 4989 deor.
586 4947 640 4987 nat.
659 4938 672 4987 1
691 4936 725 4987 43
745 4938 792 5003 lm]
810 4952 924 4988 errorem
942 4938 1056 4988 fecerint.
