3442 5588
197 294 260 358 516
577 296 833 352 nnsosnnssn
853 295 990 347 ensem.
1010 296 1171 348 osnnon.

247 466 277 529 αἰ
301 464 354 547 μὲν
381 462 431 527 οῦν
460 464 524 548 περὶ
550 463 720 549 αἰσθήσεως
745 466 794 529 καὶ
821 469 872 528 τοῦ
899 468 1012 550 φρονεῖν
1040 463 1119 534 δόξαι
1146 464 1251 550 σχεδόν
1279 461 1364 527 αῦται
1392 465 1440 527 καλ
1470 485 1516 525 το·

246 573 348 633 σαῦται
370 567 559 653 τυγχάνουσιν
581 565 665 630 οῦσαι
687 567 793 653 [παρὰ]
814 572 873 632 τῶν
895 568 1042 653 πρότερον.

195 782 228 836 59
353 773 424 858 Περὶ
446 775 479 837 δὲ
500 777 558 837 τῶν
581 771 742 855 αἰσθητῶν,
763 775 806 844 τίς
827 776 847 858 ἡ
870 773 955 859 φόσις
976 773 1025 836 καὶ
1047 776 1130 836 ποῖον
1153 773 1276 838 ἕκαστόν
1298 773 1385 850 ἐστιν,
1405 773 1435 837 οἰ
1460 772 1515 854 μὲν

244 877 326 941 ἄλλοι
348 877 584 961 παραλείπουσιν.
626 879 685 939 τῶν
708 876 761 958 μὲν
782 875 837 960 γὰρ
859 876 915 939 ὑπὸ
938 876 990 959 τὴν
1013 875 1090 959 ἁφὴν
1112 876 1177 961 περὶ
1200 875 1304 961 βαρέος
1326 876 1374 939 καί
1397 873 1514 959 κοόφου

244 980 292 1044 καί
315 979 426 1063 θερμοῦ
449 979 497 1042 καί
520 981 634 1063 ψυχροῦ
656 977 798 1060 λέγουσιν,
819 976 879 1041 οίον
902 977 945 1040 ότι
968 976 1001 1040 τὸ
1025 977 1077 1058 μὲν
1099 979 1188 1061 μανόν
1203 980 1252 1042 καί
1267 979 1371 1041 λεπτὸν
1386 977 1513 1062 θερμόν,
1533 1003 1547 1040 s

243 1083 277 1146 τδ
300 1083 333 1144 δὲ
356 1081 463 1144 πυκνὸν
486 1081 534 1144 καί
549 1082 631 1167 παχῦ
653 1080 776 1166 ψυχρόν,
799 1080 899 1163 ῶσπερ
917 1077 1149 1164 Ἀναξαγόρας
1170 1083 1275 1166 διαιρεῖ
1294 1082 1344 1144 τδν
1366 1080 1441 1164 ἀέρα
1459 1079 1513 1142 καὶ

242 1185 292 1247 τδν
314 1183 434 1268 αἰθέρα·
468 1184 573 1268 σχεδδν
603 1183 637 1246 δὲ
663 1184 712 1247 καὶ
738 1183 772 1245 τὸ
800 1183 872 1267 βαρδ
899 1182 947 1245 καί
976 1183 1010 1245 τδ
1038 1186 1147 1268 κοῦφον
1175 1188 1235 1254 τοῖς
1260 1183 1361 1253 αὐτοῖς
1387 1183 1437 1246 καὶ
1465 1180 1513 1245 ἔτι

244 1291 307 1357 ταῖς
333 1286 394 1350 ἄνω
422 1287 470 1349 καὶ
500 1287 582 1349 κάτω
607 1289 726 1371 φοραῖς,
753 1287 800 1349 καὶ
827 1285 899 1369 πρὸς
926 1285 1038 1354 τούτοις
1063 1285 1130 1370 περί
1153 1309 1186 1348 τε
1206 1290 1307 1371 φωνῆς
1330 1286 1374 1349 ότι
1396 1286 1512 1369 κίνησις

245 1395 297 1454 τοῦ
319 1389 415 1474 ἀέρος,
437 1389 486 1453 καί
509 1389 574 1473 περί
597 1389 693 1473 δομῆς
715 1389 759 1453 ότι
787 1389 918 1473 ἀπορροή
945 1412 998 1457 τις.
1038 1384 1276 1472 Ἐμπεδοκλῆς
1303 1388 1336 1451 δὲ
1360 1390 1410 1452 καί
1439 1390 1510 1472 περὶ

241 1498 300 1556 τῶν
333 1493 499 1578 χρωμάτων
533 1492 582 1555 καί
615 1491 660 1554 ότι
692 1491 726 1554 τδ
760 1490 812 1574 μὲν
845 1490 948 1555 λευκδν
981 1494 1033 1553 τοῦ
1065 1490 1170 1575 πυρός,
1203 1491 1236 1553 τδ
1269 1491 1303 1554 δὲ
1331 1490 1421 1573 μέλαν
1451 1495 1508 1556 τοῦ
1527 1518 1552 1557 ιυ

241 1595 355 1664 ῦδατος.
391 1596 418 1657 οἱ
434 1595 467 1658 δὲ
488 1593 570 1658 ἄλλοι
591 1599 727 1658 τοσοῦτον
751 1593 849 1677 μόνον,
871 1594 915 1658 ότι
936 1593 970 1657 τό
992 1616 1024 1656 τε
1045 1594 1147 1657 λευκδν
1168 1594 1217 1656 καὶ
1238 1593 1272 1656 τδ
1295 1593 1385 1676 μέλαν
1404 1594 1510 1680 ἀρχαί,

240 1697 277 1761 τὰ
307 1695 332 1760 δ’
364 1695 439 1760 ἄλλα
469 1697 648 1781 μιγνυμένων
679 1696 786 1779 γίνεται
818 1697 939 1760 τούτων.
981 1697 1030 1760 καί
1059 1695 1114 1780 γὰρ
1143 1692 1373 1780 Ἀναξαγόρας
1403 1698 1508 1767 άπλῶς

189 1808 224 1863 60
240 1799 339 1885 εἴρηκε
361 1798 425 1883 περί
447 1799 555 1863 αὐτῶν.
706 1799 925 1885 Δημόκριτος
947 1799 1043 1862 δὲκαὶ
1060 1797 1204 1863 Πλάτων
1219 1798 1267 1862 ἐπὶ
1282 1800 1416 1865 πλεῖστόν
1432 1800 1506 1864 εἰσιν

238 1903 378 1988 ἡμμένοι,
403 1900 473 1966 καθ’
500 1903 620 1967 ἕκαστον
652 1903 706 1987 γὰρ
728 1903 912 1987 δφορίζουσι,
940 1901 1015 1984 πλὴν
1044 1902 1060 1964 6
1088 1900 1141 1984 μὲν
1168 1900 1222 1964 οῦκ
1249 1901 1417 1987 ἀποστερῶν
1445 1909 1507 1968 τῶν

237 2005 387 2089 αἰσθητῶν
410 2006 463 2090 τἠν
484 2005 580 2091 φῦσιν,
602 2005 819 2090 Δημόκριτος
840 2007 873 2068 δὲ
895 2005 989 2068 πάντα
1015 2003 1097 2088 πάθη
1124 2008 1177 2088 τῆς
1202 2003 1371 2089 αἰσθήσεως
1398 2011 1504 2071 ποιῶν.
1527 2034 1552 2072 ss

238 2109 368 2194 ποτέρως
390 2110 442 2192 μὲν
469 2107 519 2173 οῦν
546 2107 610 2194 ἔχει
634 2108 772 2192 τάληθές,
799 2109 852 2172 οὐκ
879 2108 913 2173 ἂν
940 2106 986 2191 εἴη
1008 2106 1104 2189 λόγος·
1147 2103 1193 2190 ἐφ’
1222 2107 1290 2171 όσον
1312 2109 1345 2172 δὲ
1367 2110 1506 2194 ἑκάτερος

236 2211 326 2296 ἧπται
360 2212 407 2275 καὶ
435 2216 499 2280 πῶς
528 2213 674 2296 ἀφῶρικε,
706 2209 893 2294 πειραθῶμεν
926 2212 1084 2274 ἀποδοῦναι
1117 2208 1255 2295 πρότερον
1288 2211 1416 2282 εἰπόντες
1449 2213 1506 2296 τὴν

238 2314 307 2399 όλην
330 2313 435 2400 ἔφοδον
458 2314 606 2399 ἑκατέρου.
648 2313 865 2397 Δημόκριτος
888 2313 940 2395 μὲν
963 2310 1014 2377 οῦν
1035 2313 1093 2398 οἰιχ
1116 2312 1225 2394 ὁμοίως
1247 2312 1323 2395 λέγει
1345 2316 1410 2399 περὶ
1432 2317 1504 2379 πάν-

236 2442 310 2496 των,
336 2416 412 2480 ἀλλὰ
433 2418 470 2480 τὰ
493 2417 545 2498 μὲν
566 2419 626 2484 τοῖς
653 2415 804 2498 μεγέθεσι,
830 2415 867 2479 τὰ
889 2417 922 2479 δὲ
943 2419 1004 2486 τοῖς
1025 2417 1188 2502 σχήμασιν,
1211 2413 1274 2480 ἔνια
1296 2417 1329 2480 δὲ
1350 2417 1428 2487 τάξει
1449 2418 1501 2481 καλ

235 2520 317 2584 θέσει
343 2518 471 2603 διορίζει.
520 2518 663 2582 Πλάτων
696 2519 729 2581 δὲ
755 2518 862 2604 σχεδὸν
891 2519 1005 2582 ἅπαντα
1031 2518 1102 2602 πρὸς
1129 2518 1166 2582 τὰ
1192 2518 1275 2603 πάθη
1301 2521 1349 2583 καί
1376 2521 1430 2604 τὴν
1457 2518 1503 2584 αἴ·
1521 2547 1545 2585 τι

236 2623 341 2707 σθησιν
369 2621 556 2685 ἀποδίδωσιν.
602 2621 679 2685 ὥστε
707 2621 812 2691 δόξειεν
840 2620 874 2684 ἂν
902 2623 1037 2704 ἑκάτερος
1063 2621 1199 2691 ἐναντίως
1224 2626 1262 2704 τῇ
1290 2621 1429 2686 ὑποθέσει
1455 2623 1503 2686 λέ-

185 2736 304 2808 61γειν.
458 2728 474 2789 6
502 2726 554 2808 μέν
580 2725 634 2808 γὰρ
660 2724 742 2807 πάθη
770 2729 862 2789 ποιῶν
892 2730 945 2809 τῆς
973 2723 1141 2809 αἰσθήσεως
1173 2723 1243 2788 καθ’
1275 2725 1350 2789 αὑτὰ
1382 2724 1501 2811 διορίζει

234 2832 288 2914 τὴν
310 2828 409 2913 φύσιν·
434 2830 450 2892 6
474 2828 508 2892 δὲ
529 2825 597 2891 καθ’
625 2826 700 2890 αὑτά
718 2831 810 2890 ποιῶν
825 2832 888 2897 ταῖς
903 2826 1013 2897 οὐσίαις
1028 2828 1100 2911 πρὸς
1114 2829 1151 2892 τὰ
1165 2827 1248 2911 πάθη
1263 2832 1316 2912 τῆς
1330 2827 1501 2913 αἰσθήσεως

233 2929 403 2998 ἀποδίδωσι.

333 3031 415 3118 Βαρῦ
440 3035 492 3117 μὲν
515 3032 565 3097 οῦν
587 3035 636 3098 καὶ
659 3037 768 3119 κοῦφον
790 3038 833 3118 τῷ
858 3033 974 3116 μεγέθει
996 3037 1101 3119 διαιρεῖ
1121 3034 1350 3118 Δημόκριτος.
1395 3034 1421 3098 εἰ
1443 3033 1499 3118 γὰρ
1517 3062 1542 3101 se

233 3136 395 3221 διακριθείη
412 3135 482 3200 καθ’
503 3137 534 3200 ἓν
552 3137 683 3215 ἕκαστον,
706 3136 732 3199 εἰ
748 3137 796 3199 καὶ
811 3136 887 3200 κατὰ
901 3141 1005 3222 σχῆμα
1020 3136 1151 3222 διαφέροι
1174 3136 1341 3221 [διαφέρει],
1363 3138 1499 3220 σταθμοῦ

234 3237 268 3302 ἂν
291 3239 338 3301 ἐπὶ
362 3239 478 3323 μεγέθει
499 3241 552 3325 τὴν
574 3240 659 3324 φύσιν
678 3237 770 3325 ἔχειν.
815 3239 850 3303 οίι
877 3240 935 3324 μὴν
963 3237 1027 3303 ἀλλ’
1055 3237 1086 3301 ἔν
1113 3262 1146 3322 γε
1171 3244 1231 3309 τοῖς
1259 3244 1370 3321 μικτοῖς
1391 3240 1499 3326 κουφό-

232 3365 313 3426 τερον
337 3343 389 3423 μὲν
412 3341 483 3406 είναι
506 3343 539 3404 τδ
562 3341 649 3406 πλέον
672 3338 741 3427 ἔχον
764 3343 861 3419 κενόν,
888 3342 1042 3427 βαρύτερον
1069 3343 1157 3405 δὲτὸ
1183 3340 1312 3406 ἔλαττον.
1356 3343 1386 3405 ἐν
1409 3343 1497 3413 ἐνίαις

181 3451 214 3506 62
233 3445 286 3527 μὲν
314 3445 407 3532 οὕτως
433 3443 557 3530 εἴρηκεν.
709 3445 739 3508 ἐν
766 3445 864 3515 άλλυις
895 3445 928 3508 δὲ
960 3449 1068 3528 κοῦφον
1101 3443 1175 3508 εἶναι’
1207 3467 1294 3530 φησιν
1327 3447 1430 3515 ἁπλῶς
1463 3446 1497 3509 τδ

232 3547 346 3610 λεπτόν.
390 3547 600 3631 παραπλησίως
627 3548 660 3611 δὲ
686 3550 734 3612 καὶ
761 3549 826 3634 περὶ
857 3550 985 3632 σκληροῦ
1015 3548 1063 3610 καί
1098 3551 1241 3630 μαλακοῦ.
1285 3549 1410 3632 σκληρὸν
1440 3549 1494 3631 μὲν
1512 3577 1538 3616 τυ

228 3650 282 3734 γὰρ
308 3648 381 3713 εἰναι
408 3651 442 3712 τδ
468 3650 590 3729 πυκνόν,
618 3653 747 3734 μαλακὸν
771 3653 804 3716 δὲ
826 3653 859 3716 τδ
882 3651 988 3734 μανόν,
1017 3650 1065 3713 καί
1092 3651 1125 3712 τὸ
1150 3652 1259 3732 μᾶλλον
1281 3650 1385 3713 δὲκαὶ
1408 3652 1495 3737 ἧττον

180 3789 211 3796 .—

178 3861 257 3932 Pnepi
267 3882 304 3930 pr.
315 3868 349 3916 P:
363 3866 514 3935 nedesee.
524 3869 557 3919 F:
568 3869 618 3918 del.
625 3869 727 3921 Usener
738 3871 769 3919 ci.
779 3868 835 3922 v.3.
889 3865 923 3917 22
936 3876 962 3917 et
980 3864 1013 3917 ⁶23
1033 3862 1094 3917 καθ’
1116 3864 1181 3917 αῦτὰ
1198 3869 1233 3918 P:
1253 3862 1370 3918 καθαυτὰ
1386 3870 1458 3920 sies
1478 3864 1493 3935 ΙΙ
1511 3868 1544 3922 22

176 3950 244 4019 παρὰ
260 3955 311 4009 τοῖς
322 3950 441 4022 πρότερον
451 3958 576 4007 Wimmer
586 3951 601 4022 ΙΙ
612 3954 628 4006 3
641 3955 696 4022 περὶ
708 3951 837 4024 αἰσθητῶν
889 3952 994 4021 διωρίζει
1007 3971 1044 4020 pr.
1058 3954 1079 4003 F
1094 3949 1108 4020 Η
1123 3952 1156 4005 25
1169 3951 1267 4023 διαιρεῖν
1279 3956 1336 4006 PF:
1356 3973 1423 4006 corr.
1435 3957 1543 4023 stophe·

176 4040 203 4088 in
216 4043 366 4103 mrg.see.P
377 4037 470 4111 Ηίγάρ
480 4042 535 4111 περὶ
545 4045 566 4095 Ρ
577 4061 615 4108 pr.
625 4044 658 4094 F:
670 4061 736 4094 corr.
746 4045 836 4095 eedem
890 4059 937 4092 nus
958 4037 971 4107 ΙΙ
992 4039 1025 4095 26
1038 4037 1154 4110 διακριθῇ
1169 4045 1260 4107 vulgo:
1280 4046 1389 4094 comni.
1409 4061 1543 4110 opponun-

175 4143 214 4191 pr.
227 4126 248 4176 F
260 4123 273 4194 ΙΙ
285 4127 301 4179 ’ί
312 4126 352 4178 ἐπὶ
364 4133 418 4187 ταῖς
431 4131 487 4181 PF:
506 4145 572 4182 corr.
584 4130 728 4183 Schneider
741 4127 754 4198 l}
767 4131 783 4184 8
794 4132 837 4182 καὶ
889 4138 930 4180 tur
941 4128 973 4180 τὰ
984 4129 1062 4195 μικτά
1075 4148 1098 4180 v.
1110 4126 1143 4180 27
1163 4125 1177 4196 ΙΙ
1198 4126 1260 4181 καθ’
1280 4129 1306 4182 ἓν
1323 4129 1430 4183 ἕκαστον
1441 4135 1543 4199 scripsi:

176 4211 354 4283 πρδςῙίιπρδς
366 4217 426 4279 (om.
439 4215 638 4285 κα1)ΡΙΙφωῦ“
647 4220 761 4286 (φωνῶν)
778 4221 835 4271 PF:
889 4210 958 4267 ἔνθεν
981 4213 1086 4267 ἕκαστον
1104 4219 1162 4268 PF:
1187 4216 1214 4269 ἓν
1237 4216 1342 4271 ἕκαστον
1365 4222 1492 4272 Muliseh.
1517 4219 1543 4271 ἰν

175 4305 276 4353 correxi
287 4298 301 4370 Η
316 4302 347 4356 10
358 4303 401 4355 καί
411 4313 435 4354 εἰ
445 4304 468 4355 is
477 4304 586 4369 quidem.
601 4317 766 4372 opponuntur
776 4305 799 4358 οἰ
809 4305 835 4358 δί
888 4303 933 4370 μὲν
946 4302 1051 4356 ἕκαστον
1060 4306 1202 4357 Buscherd.
1221 4309 1253 4358 de
1266 4324 1293 4358 re
1306 4311 1338 4359 ei.
1349 4310 1429 4358 Aries
1439 4308 1467 4359 d.
1480 4309 1542 4360 τιεί.

175 4386 246 4439 ἄλλοι
264 4390 332 4442 ν.11
354 4386 367 4457 ίΙ
392 4389 834 4461 liddensem-16:61supensos.
885 4391 963 4445 1v2
997 4411 1020 4459 p·
1046 4390 1168 4447 308635
1202 4389 1215 4462 ΙΙ
1250 4392 1359 4463 διαφέρει
1396 4397 1454 4446 PF:
1492 4411 1541 4446 om.

174 4494 225 4529 see.
241 4480 277 4529 F:
296 4487 364 4530 reete
377 4479 399 4530 P
413 4476 428 4545 ΙΙ
442 4483 494 4530 τῶν
511 4483 568 4533 PF:
587 4499 638 4532 om.
657 4482 803 4549 Stephanus
817 4477 833 4550 ΙΙ
886 4481 1029 4531 Vossianus
1042 4478 1056 4547 ΙΙ
1071 4477 1182 4548 σταθμόν
1194 4483 1250 4534 PF:
1270 4497 1334 4532 corr.
1350 4482 1515 4547 Papeneordt
1526 4477 1541 4551 ΙΙ

177 4563 209 4617 15
227 4571 306 4617 ποιῶν
330 4569 364 4617 P:
390 4570 474 4617 πονῶν
492 4585 530 4633 pr.
549 4571 583 4621 F:
602 4574 688 4621 ποτῶν
706 4586 756 4621 see.
775 4572 796 4622 P
816 4567 830 4638 11
884 4563 918 4618 27
942 4585 988 4633 pro
1011 4567 1058 4636 τὴν
1081 4566 1161 4636 φῦσιν,
1188 4571 1258 4635 quod
1277 4573 1365 4634 utique
1378 4570 1541 4622 scribendum

176 4650 208 4705 16
230 4655 272 4703 νῦν
299 4655 399 4705 addidit
422 4663 481 4719 posi
502 4653 540 4723 εἰη
554 4656 709 4718 Schneider,
728 4659 773 4708 sed
799 4660 830 4710 ei.
883 4664 939 4705 eret
950 4655 1004 4706 τινὰ
1017 4653 1088 4724 φῦσιν
1100 4659 1132 4709 ei.
1151 4675 1177 4724 p.
1188 4656 1248 4720 520,
1258 4655 1283 4720 3,
1301 4660 1434 4723 rescripsit
1442 4659 1541 4711 Preiier

175 4740 254 4789 Arist.
273 4758 298 4806 p.
319 4739 385 4794 1006
397 4739 457 4804 ¹23,
468 4739 502 4795 ἰ’ό
523 4741 537 4808 ΙΙ
558 4743 591 4795 17
615 4739 774 4810 πειραθῶμεν
791 4747 828 4797 P:
882 4740 929 4810 τὴν
947 4742 1035 4812 κρίσιν,
1053 4747 1155 4797 Usener
1166 4748 1233 4797 coni.
1246 4742 1293 4812 τὴν
1305 4741 1426 4812 διαφοράν
1437 4740 1453 4812 Η
1466 4742 1500 4797 is
1511 4743 1540 4797 δν

172 4823 345 4896 πιιριισθῶμεν
363 4830 384 4880 P
399 4824 413 4896 Η
432 4829 463 4883 18
475 4847 538 4895 mrg.
557 4832 692 4896 adscripsit
710 4828 829 4900 δημόκρι-
882 4828 942 4882 εἰναι
954 4833 1012 4884 PF:
1032 4848 1098 4885 corr.
1111 4835 1212 4885 Usener
1226 4827 1240 4899 ΙΙ
1255 4830 1288 4883 29
1308 4850 1369 4883 num
1388 4832 1435 4899 μὲν
1452 4830 1512 4884 seve
1526 4831 1539 4901 ΙΙ

171 4929 213 4971 τος
231 4932 281 4966 see.
300 4919 321 4969 P
343 4913 357 4985 ΙΙ
378 4915 500 4988 ἑκατέρην
518 4922 602 4970 stetim
628 4936 692 4970 σοιτ.
712 4936 749 4984 pr.
772 4921 794 4970 1⁴*
814 4918 828 4985 ΙΙ
882 4917 913 4971 31
935 4917 1030 4985 μᾶλλον
1048 4918 1074 4973 δὲ
1092 4922 1145 4973 PF:
1165 4918 1259 4988 μᾶλλόν
1277 4938 1304 4972 τε
1322 4923 1472 4987 Stephanus
