3464 5586
271 318 333 382 202
543 320 609 369 XVI
644 320 693 369 ΒΕ
713 320 815 369 suun
832 320 1070 373 PLAClTORUM
1090 319 1361 372 COMPOSlTlONE

358 486 486 554 Saeculi
516 487 564 554 sul
591 506 712 553 morem
736 488 867 570 egregie
889 488 1055 572 perspexit
1076 487 1194 572 Varro,
1225 506 1296 551 cum
1318 484 1363 551 sic
1384 487 1540 568 aequales
1561 485 1631 570 phi·

272 588 427 672 losephos
449 589 609 656 incusavit
632 586 781 676 [sentent.
799 589 890 656 Varr.
917 611 949 674 p.
964 591 1039 674 266,
1054 590 1096 656 28
1116 586 1239 677 Rieselz
1262 609 1299 653 eo
1320 589 1413 654 bodie
1432 590 1631 672 philosophia

268 693 452 772 perducitur
474 705 506 758 ut
520 694 685 775 praeclare
706 692 865 756 nobiscnm
888 704 1001 775 apatur
1014 696 1044 757 si
1066 695 1100 756 in
1120 694 1168 756 bis
1191 700 1321 757 oetatem
1343 696 1550 757 consumimus
1572 713 1630 756 eu·-

268 795 422 872 ponendis
450 797 560 878 quilius
587 797 707 877 antiqui
734 815 811 859 suae
831 798 1005 877 portionem
1033 795 1269 860 commodabant
1296 792 1516 860 conterendis(
1536 814 1632 876 apum

271 896 361 957 matta
389 901 586 976 comedimus,
611 917 674 962 nan
700 900 763 978 ipsi
791 899 944 978 summus!
972 917 1011 964 ec
1040 918 1082 964 ne
1108 897 1192 964 ferte
1213 903 1309 981 putes
1335 897 1421 962 intra
1443 898 1531 964 solos
1552 898 1632 963 Var-

271 1017 367 1064 rones
394 1000 567 1067 Cicerones
597 1000 698 1067 Arios.
719 999 831 1066 Aitioe
857 1000 938 1066 illud
965 1000 1106 1067 studium
1128 998 1301 1085 contineri,
1327 1019 1425 1065 unum
1452 1018 1547 1082 quem
1571 998 1630 1066 illo

272 1101 401 1166 saeculo
424 1123 531 1169 novae
554 1109 662 1168 sectae
685 1101 820 1168 credunt
842 1103 1042 1170 conditorem
1055 1101 1352 1169 Aenesidemum
1373 1101 1479 1186 ipsum
1501 1121 1632 1185 quoque

270 1201 411 1284 priorum
434 1205 551 1271 scrinia
574 1204 767 1290 compilasse
790 1211 822 1270 et
845 1204 1083 1271 contaminasse
1105 1203 1332 1289 potiusquam
1354 1223 1442 1271 nava
1462 1203 1631 1289 peperisse

270 1302 510 1373 demonstrabo.
541 1308 600 1375 sed
618 1328 658 1375 ea
673 1314 798 1373 tantum
813 1307 984 1393 attingam,
1006 1327 1177 1392 quaecum
1193 1305 1327 1373 Placitis
1349 1305 1533 1373 necessario
1556 1311 1632 1373 sunt

272 1406 401 1473 vinculo
425 1410 605 1477 coniuncta.

355 1510 549 1578 Notissimus
571 1520 621 1579 est
643 1512 824 1579 Platonis
845 1513 880 1578 in
901 1512 1079 1580 Phaedone
1100 1513 1190 1579 locus
1212 1533 1244 1597 p.
1261 1514 1329 1577 een
1351 1510 1408 1576 ubi
1423 1510 1631 1596 Empedoclis

270 1609 481 1679 Anaximenis
506 1615 559 1681 vel
582 1614 740 1699 Diogenis
760 1614 916 1681 Heracliti
938 1615 1146 1681 Alcmaeonis
1168 1613 1220 1701 [cl.
1242 1614 1353 1682 Hiruel
1366 1614 1475 1680 Herm.
1491 1613 1540 1678 XI
1555 1610 1631 1700 241]

269 1710 310 1778 de
332 1714 440 1780 anima
462 1714 595 1783 decreta
618 1716 872 1801 comprehendit.
906 1718 953 1781 md
976 1717 1097 1802 πότερον
1124 1718 1157 1780 τὸ
1180 1717 1255 1800 αἷμά
1277 1719 1353 1782 ἐστιν
1376 1716 1402 1803 ᾧ
1425 1720 1587 1802 φρονοῦμεν
1610 1717 1630 1800 ἢ

270 1817 286 1878 ὁ
309 1817 367 1900 ἀὴρ
396 1818 415 1900 ἢ
444 1820 477 1881 τὸ
505 1824 562 1904 πῦρ
591 1821 611 1904 ἢ
637 1821 747 1884 τούτων
776 1822 828 1904 μὲν
850 1819 950 1897 οὐδέν,
977 1823 993 1883 b
1022 1821 1055 1884 δὲ
1080 1821 1241 1906 ἐγκέφαλός
1268 1821 1344 1885 ἐστιν
1368 1823 1383 1884 ὁ
1405 1820 1457 1890 τὰς
1478 1819 1631 1903 αἰσθήσεις

271 1919 408 2003 παρέχων
432 1926 483 1984 τοῦ
511 1924 625 1987 ἀκούειν
654 1923 701 1987 καὶ
729 1926 799 2008 ὁρᾶν
826 1924 873 1986 καὶ
901 1922 1118 2007 ὀσφραίνεσθαι,
1145 1923 1179 1986 ἐκ
1200 1924 1310 1987 τούτων
1332 1924 1366 1986 δὲ
1386 1916 1507 2005 piperno
1529 1922 1631 2005 μνήμη

272 2019 429 2095 ualidior,
455 2023 489 2086 ἐκ
515 2025 548 2087 δὲ
571 2028 686 2109 μνήμης
715 2026 763 2089 καὶ
792 2024 876 2109 δόξης
902 2025 1049 2108 λαβούσης
1074 2027 1107 2089 τὸ
1134 2027 1252 2110 ημεμεῖν
1274 2026 1348 2089 κατὰ
1370 2029 1461 2088 ταῦτα
1482 2024 1630 2107 γίγνεσθαι

272 2123 443 2208 ἐπιστήμην.
489 2131 556 2191 tum
578 2127 821 2193 Aristoteles
847 2127 1036 2213 ampliorem
1059 2132 1204 2192 veterum
1227 2133 1435 2212 conspectum
1457 2125 1500 2192 de
1520 2125 1632 2192 anima

270 2225 325 2290 12
353 2227 529 2310 proposuit.
570 2229 628 2294 sed
655 2229 697 2295 ab
727 2235 863 2313 utruque
890 2230 1017 2297 ratiorm
1049 2231 1263 2314 posteriorum
1297 2228 1468 2296 curiositas
1496 2229 1632 2295 multum

270 2325 379 2392 distat.
413 2329 490 2394 nudi
515 2330 743 2398 Ciceronem
766 2331 799 2396 in
823 2332 1014 2398 Tusculanis
1035 2333 1094 2398 19

313 2438 346 2490 18
382 2432 461 2495 Sunt
483 2436 563 2496 euim
586 2437 639 2516 qui
660 2436 830 2497 discessum
853 2437 992 2498 animia
1014 2455 1147 2517 corpore
1166 2445 1273 2518 putent
1295 2456 1361 2499 esse
1381 2443 1518 2499 mortem.

287 2544 381 2627 'escrit
412 2540 465 2616 qui
496 2538 613 2600 uultum
635 2546 779 2601 cermeont
807 2539 876 2617 fieri
903 2539 1072 2602 discessum
1105 2540 1161 2602 sed
1192 2559 1256 2602 una
1289 2541 1423 2603 animum
1457 2546 1486 2601 et
1517 2558 1633 2620 carpus

270 2637 411 2699 occidere
432 2642 625 2722 animumque
655 2645 687 2703 in
716 2661 847 2721 corpore
874 2643 1021 2722 eatiupai.
1066 2645 1119 2725 pai
1150 2643 1309 2706 discedere
1336 2645 1473 2705 animum
1498 2650 1632 2719 censent,

272 2740 329 2799 atii
350 2745 451 2805 rtatim
474 2744 626 2825 dissipari
648 2745 705 2806 alii
727 2745 781 2806 diu
802 2762 985 2824 permanere
1008 2747 1066 2808 alii
1086 2765 1215 2827 semper.
1251 2743 1304 2827 [cf.
1329 2743 1451 2810 Ocmm.
1475 2743 1630 2811 Bemens.

272 2861 370 2925 supra
393 2865 423 2926 p.
442 2845 528 2926 liu]

315 2950 389 3028 quid
410 2952 450 3010 sit
470 2968 568 3029 porra
590 2952 657 3030 ipse
680 2952 801 3011 animus
824 2959 876 3010 aut
898 2949 951 3011 ubi
973 2959 1027 3012 artt
1049 2953 1141 3027 unde,
1164 2971 1278 3032 mopna
1299 2952 1453 3014 dissencio
1477 2958 1531 3011 est.

314 3052 404 3112 aliis
427 3071 482 3114 cor
504 3054 605 3132 iprum
627 3055 748 3114 animus
769 3053 891 3113 videtur
915 3099 921 3112 .
947 3097 954 3112 .
980 3096 988 3112 .

319 3158 348 3209 19
385 3152 632 3232 Empedocles
653 3155 788 3216 animum
811 3172 877 3215 esse
899 3161 1000 3214 censet
1022 3154 1111 3215 cordi
1132 3153 1282 3235 suffusam
1303 3157 1492 3234 canpainem.

316 3254 408 3315 aliis
428 3274 506 3334 pars
529 3258 682 3335 quaedam
704 3255 822 3318 cerebri
842 3258 912 3318 cisa
933 3264 977 3317 est
1000 3257 1096 3316 animi
1116 3259 1327 3337 principatum
1349 3265 1460 3321 tencre.

314 3357 402 3418 aliis
419 3377 475 3418 nec
490 3377 544 3419 cor
559 3360 660 3439 ipsum
675 3360 777 3439 placet
791 3378 847 3420 nec
862 3357 981 3420 cerebri
996 3357 1152 3437 quandam
1165 3367 1285 3439 partem
1300 3379 1367 3422 esse
1381 3362 1517 3422 animum
1532 3362 1589 3423 sed

313 3459 382 3520 atii
405 3461 437 3520 in
460 3462 564 3537 corde,
588 3463 658 3524 alii
681 3463 714 3522 in
736 3460 862 3523 cerebro
884 3461 1031 3522 dicerunt
1054 3463 1151 3523 animi
1172 3480 1238 3523 esse
1259 3463 1362 3525 sedem
1383 3473 1412 3525 et
1433 3464 1542 3528 locum.

313 3559 456 3623 Animum
483 3573 583 3625 autem
613 3565 670 3626 ciii
700 3565 836 3626 animum
864 3573 910 3624 ut.
924 3562 991 3642 fere
1018 3566 1127 3626 nostri.
1171 3565 1312 3627 declarat
1340 3585 1458 3628 iremus.
1503 3584 1575 3628 nam
1603 3574 1632 3626 et

271 3679 364 3740 opere
391 3667 526 3729 unimam
554 3675 582 3729 ct
604 3666 711 3747 ustiure
734 3666 884 3739 dicimas5
910 3667 977 3746 ipse
998 3676 1100 3730 autem
1120 3669 1243 3729 animus
1264 3666 1304 3728 ab
1327 3670 1432 3731 anima
1454 3669 1555 3730 dictus
1577 3676 1631 3729 est.

314 3765 463 3830 Zenoni
484 3769 590 3832 Stoico
613 3773 735 3832 animus
756 3770 837 3849 ipnis
859 3769 988 3832 uidetur.

355 3869 392 3933 X.
435 3874 491 3934 sed
516 3873 593 3935 boec
622 3874 743 3954 quidem
771 3890 851 3954 quae
873 3871 942 3933 dici
970 3891 1024 3935 cor
1052 3873 1209 3935 cerebrum
1236 3874 1372 3935 animam
1402 3874 1501 3953 ipnem
1529 3874 1632 3954 outpc.

270 3972 391 4051 reliqua
417 3975 485 4054 fere
506 3976 630 4056 sinpuli,
652 3987 685 4037 ut
710 3976 804 4038 multo
826 3982 1045 4052 antecelleret,
1073 3978 1216 4055 prccime
1238 3985 1339 4038 nutem
1370 3975 1632 4038 Aristodemus

270 4076 405 4136 musicus
427 4079 566 4160 idemque
586 4080 787 4160 pbiloscpbus
810 4079 909 4158 ipsius
931 4080 1074 4159 corporis
1095 4080 1291 4142 intentionem
1320 4078 1476 4160 mandam
1496 4077 1579 4140 oelut
1600 4079 1634 4139 in

271 4192 362 4242 cantu
390 4191 419 4244 ct
444 4181 558 4260 fidibm
585 4201 664 4263 quoe
691 4182 856 4243 harmonia
883 4182 1006 4244 dicitur.
1051 4183 1097 4243 sic
1124 4201 1163 4243 ec
1186 4184 1329 4262 corporis
1350 4182 1444 4244 totius
1465 4188 1582 4242 riuturc
1604 4188 1634 4243 et

268 4285 370 4364 fipuru
392 4286 500 4346 uarios
522 4292 621 4346 motus
643 4287 720 4347 cieri
742 4293 896 4364 tamquam
911 4286 943 4345 in
959 4294 1051 4346 cantu
1066 4303 1169 4346 sonos.
1214 4286 1270 4347 20.
1304 4285 1353 4346 liic
1369 4284 1408 4346 ab
1425 4283 1560 4362 artificio
1574 4302 1633 4345 suo

270 4405 332 4448 uon
353 4390 481 4450 recessit
503 4397 531 4448 et
553 4395 653 4449 tamen
676 4388 755 4449 dicit
778 4387 899 4467 aliquid
921 4387 1004 4467 quod
1024 4389 1125 4467 ipsum
1147 4388 1239 4469 quate
1260 4396 1337 4450 esset
1360 4396 1427 4449 erut
1449 4386 1544 4449 mado
1560 4393 1633 4448 ante

270 4498 298 4550 et
320 4491 435 4553 dictum
456 4500 484 4552 et
507 4491 707 4569 explanatum
730 4508 751 4550 a
773 4488 942 4550 Platone.

356 4593 384 4655 X
391 4602 590 4655 onocroter
612 4593 708 4653 amini
728 4592 859 4670 fipuram
885 4600 914 4653 et
936 4594 1027 4674 quasi
1049 4612 1163 4673 carpus
1184 4593 1306 4671 uepauit
1330 4611 1396 4653 esse
1418 4610 1541 4652 cerum:
1571 4612 1633 4653 mr-

271 4714 385 4756 merum
402 4697 481 4758 dicit
496 4715 562 4757 esse
585 4696 735 4757 cuiusuis
757 4703 789 4755 ut
812 4695 875 4754 iam
898 4704 969 4758 ante
990 4696 1229 4778 Pptlraporae
1250 4695 1349 4755 uisum
1371 4703 1438 4755 erat
1460 4695 1493 4755 in
1514 4703 1633 4757 natura

272 4815 418 4859 maxuma
442 4808 530 4860 esset.

359 4903 424 4960 eins
453 4901 561 4963 doctor
583 4901 702 4962 Plato
725 4899 875 4978 triplicem
898 4900 988 4978 finiit
1016 4899 1151 4960 animum
1173 4899 1261 4959 cuius
1281 4899 1493 4978 principatum
1523 4901 1558 4962 id
1589 4910 1633 4963 est
