3442 5588
664 335 940 387 rnouuoonnrm
1440 334 1480 398 37

112 500 304 585 scriptorum
332 502 415 568 serie
440 491 575 590 νβ’-νζ
591 510 760 570 numerata
786 502 943 586 incipiunt
970 523 991 567 a
1018 502 1074 569 fol.
1090 504 1183 569 642¹.
1227 504 1362 588 singulis
1392 505 1483 571 libris

112 603 255 685 capitum
284 603 409 670 iudices
439 605 568 672 rubrica
599 604 703 673 ornati
735 605 992 687 praemittuntur.
1045 613 1122 671 ante
1151 605 1224 689 ipsa
1256 607 1364 692 capita
1397 607 1482 672 tituli

109 704 239 770 rubrica
256 707 447 790 perscripta,
468 708 592 774 numeri
612 707 748 790 margini
764 708 928 792 adscripti.
964 708 1048 775 inter
1065 707 1332 791 philosophorum
1348 710 1482 775 decreta

110 806 239 890 singula
261 808 389 873 rubrica
410 809 648 894 interpunctum
670 816 728 875 est.
774 809 841 874 iota
866 829 926 874 uec
954 810 1168 893 subscriptum
1197 829 1258 873 neo
1281 810 1479 895 adscriptum

111 909 211 974 novit
248 910 281 975 iu
303 910 463 977 elidendis
485 912 653 978 vocalibus
675 912 790 996 variat,
814 912 872 977 sed
894 913 1024 978 omnino
1048 910 1157 976 biaudi
1184 910 1330 993 cupidior
1353 920 1387 976 ut
1409 913 1478 980 tere

109 1012 305 1079 vetustiores
327 1012 408 1078 libri.
442 1033 540 1097 quarn
564 1020 678 1080 nostra
700 1015 799 1081 editio
823 1013 953 1081 exhibet
975 1015 1133 1079 rationem
1149 1031 1222 1078 eam
1237 1033 1276 1078 ex
1293 1015 1361 1080 solo
1379 1014 1404 1079 C
1420 1036 1472 1081 ex·

110 1133 257 1196 pressam
279 1116 370 1183 scito.
415 1137 490 1182 uam
513 1118 541 1182 A
563 1108 788 1199 neglegentius
811 1118 969 1197 conlatus,
993 1114 1019 1177 B
1042 1113 1147 1179 iunior
1169 1114 1258 1178 visus
1284 1122 1343 1180 est.

196 1217 399 1284 Deteriorem
422 1239 494 1284 esse
511 1219 535 1284 (l
552 1219 683 1300 eiusque
705 1226 861 1302 cognatos
882 1218 903 1283 i.
920 1239 947 1285 e.
964 1220 1141 1300 vulgatam,
1165 1225 1231 1281 tarn
1249 1224 1298 1281 est
1315 1218 1348 1283 iu
1364 1226 1479 1301 aperto
1543 1279 1546 1283 .

110 1327 146 1382 ut
168 1321 367 1402 argumentis
389 1323 629 1405 supersedeam.
666 1322 768 1405 proba
791 1320 945 1387 memoria
967 1321 1000 1384 in
1015 1320 1071 1384 AB
1089 1326 1221 1384 servata
1244 1326 1302 1400 est,
1326 1313 1479 1404 corrupta

109 1420 238 1485 variata
259 1421 457 1506 interpolata
478 1424 512 1488 in
528 1422 564 1487 C.
587 1429 621 1486 tu
643 1422 725 1489 haee
747 1429 872 1488 tantum
894 1421 1039 1488 habeto:

107 1521 158 1586 12
179 1530 312 1609 στοιχεῖα
333 1525 390 1589 ΑΒ
413 1546 483 1591 oum
510 1526 637 1591 Gaiano
1143 1530 1285 1609 στοιχεῖον
1309 1523 1334 1588 O

107 1623 195 1693 134
219 1625 339 1711 ἄργυρος
361 1628 415 1692 οὐκ
438 1629 493 1693 ΑΒ
516 1649 588 1694 cum
612 1625 757 1694 Stobaeo
779 1628 924 1693 Eusebio
1143 1627 1196 1689 οὐκ
1218 1626 1381 1709 ἄρρυρυςΟ

109 1727 195 1795 142
218 1729 292 1791 κατὰ
314 1731 366 1814 τὴν
390 1737 448 1794 τῶν
471 1733 615 1814 σωμάτων
637 1731 755 1794 σόνοδυν
771 1730 827 1794 ΑΒ
843 1750 915 1795 oum
943 1727 1084 1794 Eusebio
1143 1730 1260 1793 σύνοδον
1283 1735 1356 1811 post
1378 1732 1430 1814 τὴν
1452 1729 1477 1795 Ο

109 1829 185 1895 112
207 1846 241 1900 20
268 1832 334 1896 τότε
363 1835 415 1915 μὲν
440 1870 483 1880 -
507 1835 573 1898 τότε
601 1834 634 1896 δὲ
656 1832 683 1896 Β
706 1852 778 1896 uum
808 1832 950 1898 Stobaeo
983 1830 1072 1917 [ποτὲ

265 1937 375 2017 μὲν-
390 1938 460 1999 ποτὲ
483 1936 516 1998 δὲ
537 1932 577 2021 Α]
1142 1935 1174 1996 τό
1197 1933 1250 2014 μὲν
1272 1936 1368 1997 -τὸ
1392 1937 1425 1998 δὲ
1450 1936 1474 2001 C

194 2036 371 2102 Rarissime
386 2057 499 2102 verum
521 2035 639 2101 rectius
654 2037 718 2102 illis
733 2036 873 2102 retinuit.
899 2038 989 2102 velut
1005 2036 1050 2100 IV
1067 2037 1106 2101 19
1126 2045 1142 2097 3
1172 2036 1201 2098 αἱ
1217 2035 1369 2118 ἐπιμήκεις
1391 2039 1478 2120 quod

107 2135 287 2204 omiserunt
312 2139 378 2203 AB.
425 2138 477 2203 hio
509 2138 575 2204 illic
604 2138 796 2205 coniecturis
822 2138 959 2204 feliciter·
985 2158 1062 2203 usus
1085 2145 1135 2203 est
1160 2144 1195 2202 ut
1216 2138 1331 2202 IV17
1365 2139 1433 2202 όταν
1455 2139 1476 2223 ᾖ

106 2239 196 2320 quod
218 2241 317 2322 vulgo
339 2241 386 2326 εἴη
400 2242 520 2308 lectum
537 2248 615 2307 erat.
655 2241 878 2307 soloecismum
895 2242 1061 2325 Roeperus
1078 2241 1148 2306 siue
1170 2239 1260 2305 libris
1283 2251 1475 2309 correxerat.

105 2340 223 2407 eadem
247 2350 317 2408 arte
339 2342 355 2406 Ι
378 2344 395 2408 1
421 2353 458 2405 18
483 2345 534 2425 μὲν
557 2349 631 2426 post
658 2345 710 2428 τὴν
734 2345 819 2427 quod
843 2343 961 2409 omittit
982 2344 1011 2408 A
1033 2363 1105 2408 curn
1120 2343 1260 2409 Eusebio
1284 2353 1316 2409 et
1339 2344 1476 2429 Galeno,

106 2443 248 2508 restituit
260 2444 296 2527 C,
308 2444 459 2527 idemque
474 2445 550 2511 feeit
562 2445 597 2510 B.
627 2466 710 2510 unus
724 2447 757 2510 11
772 2446 814 2510 24
826 2455 842 2507 5
855 2446 1061 2531 ὑπερχομένων
1077 2467 1135 2529 pro
1151 2448 1355 2532 ἐπερχομένων
1371 2467 1476 2513 emen·

105 2544 207 2611 davit
253 2546 464 2612 memorabile
488 2556 539 2613 est
552 2549 640 2613 1118
663 2559 674 2610 1
705 2549 749 2613 ad
771 2550 887 2632 θερείαν
908 2569 974 2613 nou
996 2549 1101 2613 solum
1124 2549 1267 2615 codicum
1296 2550 1354 2615 sed
1378 2551 1474 2616 etiarn

106 2648 242 2714 Stobaei
259 2647 323 2714 tide
338 2648 558 2714 confirmatum
577 2650 766 2717 adnotatum
783 2671 856 2717 esse
870 2650 903 2715 iu
920 2651 1065 2733 margine
1080 2651 1184 2734 prima
1207 2670 1303 2715 manu
1327 2652 1475 2718 usitatius

104 2749 302 2816 vocabulum
319 2752 414 2836 θέρος,
430 2752 516 2835 quod
540 2752 674 2836 praebet
697 2753 793 2818 etiam
810 2752 963 2818 Galenus.
992 2752 1050 2816 sed
1065 2751 1195 2816 fortuito
1218 2752 1280 2818 lroc
1301 2753 1474 2820 interillos

105 2853 269 2918 convenit.
304 2874 378 2918 nanr
403 2862 437 2919 nt
453 2854 570 2920 Geloni
594 2855 742 2920 variandi
765 2875 885 2920 morem
909 2852 1129 2936 cognovimus,
1150 2853 1197 2919 ita
1212 2854 1379 2920 Parisinus
1397 2877 1474 2938 qaro-

105 2975 168 3036 que
183 2956 375 3021 correctoris
389 2977 519 3022 manum
536 2976 651 3040 passus
667 2963 727 3040 est,
743 2957 801 3021 sed
819 2957 1047 3022 modestiorem
1061 2955 1160 3019 illam.
1194 2977 1269 3021 nam
1285 2959 1474 3040 plerumque

105 3063 277 3140 corruptos
304 3065 361 3122 aut
391 3057 540 3124 difficiles
570 3060 658 3123 locos
680 3057 848 3123 dubitandi
871 3056 1017 3142 signo:†
1036 3057 1069 3122 in
1091 3056 1236 3139 margine
1258 3065 1372 3124 notare
1395 3060 1473 3126 satis

107 3157 228 3222 babuit.
259 3158 305 3223 ita
321 3158 464 3240 signavit
479 3163 714 3226 conclamatum
734 3159 947 3225 looum1124
969 3172 980 3221 1
1006 3161 1217 3242 ὑποτιθεμένῳ,
1240 3166 1306 3224 turn
1323 3169 1473 3245 corrupta

106 3259 186 3323 1111
209 3263 450 3346 ὃλαμπρότερον,
465 3264 551 3327 1114
574 3273 589 3325 5
617 3263 885 3345 ὑποπεπλησμένον.
922 3282 1003 3327 sana
1018 3260 1203 3326 attrectavit
1217 3260 1266 3325 ΙΙΙ
1282 3264 1324 3326 10
1342 3273 1358 3325 5
1374 3265 1473 3349 subp

105 3364 137 3426 δὲ
159 3366 193 3426 τὸ
216 3364 304 3444 μέσον
328 3360 413 3448 [Gal.
436 3372 469 3429 et
484 3385 565 3430 corr.
580 3367 673 3432 Voss.
689 3372 731 3449 τῷ
756 3362 894 3449 μερέ11ε11.
917 3365 1053 3429 111113
1073 3366 1169 3445 μερῶν
1192 3363 1471 3449 ἀντιπασχόντων-

105 3467 155 3527 ότε
185 3467 239 3545 μὲν
267 3467 321 3549 γὰρ
348 3473 436 3530 recte
475 3467 617 3532 offendit.
668 3469 784 3533 lacuna
812 3467 897 3530 enirn
931 3467 963 3531 in
993 3463 1146 3550 proximis
1180 3467 1362 3548 supplenda
1390 3479 1469 3536 erat.

104 3566 207 3632 11113
226 3575 243 3627 3
265 3568 357 3650 ταύτῃ
387 3569 501 3632 κεῖσθαι
530 3571 744 3652 corruptelam
772 3568 940 3651 significat.
984 3588 1040 3632 eur
1062 3567 1472 3654 V32aepirrcrpa-—uipa

103 3675 252 3733 notatum
279 3669 321 3733 sit
350 3669 469 3734 neseio.
514 3671 572 3736 sed
598 3678 686 3736 reete
706 3672 828 3736 11184
851 3672 953 3733 διὰτὸ
976 3670 1110 3734 ἐπίπονον
1133 3668 1223 3751 αὐτὴν
1246 3676 1415 3757 γεγενῆσθαι
1439 3678 1472 3739 τό

103 3775 194 3853 κρῖμα
217 3771 299 3835 etv
321 3772 397 3835 195
419 3778 471 3856 τῆς
493 3774 526 3836 δὲ
552 3774 599 3835 καὶ
623 3778 682 3842 τοῖς
711 3770 799 3858 ζῴοις
826 3777 935 3855 τροφῆς
966 3771 1078 3836 vitium
1106 3768 1255 3836 suboluit.
1291 3777 1391 3841 semel
1419 3797 1473 3842 no-

103 3871 194 3935 tulae
222 3869 296 3954 ipsa
320 3871 496 3958 medicina,
527 3875 674 3956 quamvis
702 3874 808 3959 irrita,
837 3872 1008 3938 coniuncta
1034 3878 1084 3936 est
1112 3872 1226 3936 11251
1253 3875 1300 3936 καὶ
1323 3877 1389 3945 τοὺς
1409 3880 1474 3962 περὶ

103 3976 156 4056 τὴν
172 3976 302 4058 κεφαλὴν
316 3975 432 4059 τόπους,
448 3974 501 4040 ubi
523 3977 555 4040 in
572 3996 651 4058 mrg.
667 3982 719 4040 τοῦ
743 3978 833 4040 τόπου
856 3974 985 4057 frustra,
1009 3974 1085 4057 quia
1107 3974 1141 4037 iu
1164 3973 1189 4038 C
1212 3976 1259 4037 καὶ
1284 3994 1322 4038 ex
1345 3977 1386 4046 εἰς
1408 3998 1474 4043 cor-

104 4082 233 4159 ruptum
257 4080 316 4140 est.
350 4096 437 4158 quae
458 4078 643 4143 coniectura
665 4087 774 4144 monet
796 4098 837 4143 ne
860 4076 892 4140 in
915 4077 965 4140 his
982 4075 1160 4158 sagacioris
1175 4076 1301 4142 scribae
1321 4078 1474 4160 periculis

104 4177 302 4243 reconditius
324 4176 477 4261 quiddam
500 4180 679 4246 odoremur.
715 4200 926 4263 quaecunque
947 4178 1041 4243 attuli
1066 4177 1190 4261 primae
1204 4178 1312 4243 manui
1329 4181 1474 4248 attribuit

104 4280 280 4344 Bounetus.
325 4298 430 4362 neque
460 4300 481 4345 a
509 4280 605 4345 docto
633 4288 706 4364 post
732 4290 863 4349 renatas
887 4281 1012 4346 litteras
1040 4279 1110 4343 viro
1134 4280 1220 4362 quod
1242 4280 1379 4346 forsitan
1402 4304 1473 4350 oon·

101 4381 219 4447 ieceris
247 4381 327 4447 talia
357 4380 521 4466 adscripta
548 4389 639 4465 sunt,
668 4383 743 4466 quia
771 4384 873 4449 codex
901 4387 975 4466 post
1008 4379 1124 4464 Opolin
1151 4389 1279 4466 captam
1302 4405 1404 4468 usque
1430 4386 1472 4451 ad

103 4503 133 4548 a.
151 4484 235 4548 1688
258 4505 322 4566 quo
346 4504 367 4549 a
388 4483 560 4550 Girardino
576 4483 743 4549 Gallorum
766 4487 872 4568 legato
897 4492 929 4551 et
944 4485 1087 4549 Besnero
1105 4485 1247 4550 Parisios
1270 4492 1473 4553 transvectus

101 4594 160 4668 est,
176 4585 210 4650 iu
225 4586 433 4668 imperatoris
447 4588 622 4651 Turcorunr
638 4607 804 4670 gynaeceo
816 4587 953 4653 delituit.
978 4583 1028 4672 [cs.
1044 4586 1079 4649 B.
1093 4585 1228 4651 Mueller
1245 4589 1264 4652 l.
1281 4608 1307 4652 o.
1324 4609 1355 4671 p.
1369 4591 1388 4652 5
1401 4589 1470 4676 sq.].

102 4707 181 4770 quas
203 4686 272 4752 dixi
295 4694 402 4770 notas,
424 4708 483 4754 eae
505 4695 686 4754 atramento
712 4688 817 4772 pictae
840 4696 929 4754 sunt.
963 4687 1152 4753 rubricatori
1176 4709 1281 4772 pauca
1302 4689 1471 4757 debentur.

103 4789 155 4871 qui
177 4810 250 4853 cum
274 4789 324 4852 III
342 4793 358 4852 l
380 4799 397 4851 8
419 4792 616 4874 λαμπρότερον
634 4797 816 4874 strspeetum
833 4791 968 4874 videret,
991 4790 1158 4874 ἀραιότερον
1174 4798 1207 4855 et
1223 4812 1281 4873 pro
1297 4795 1472 4877 πυκνοτέραν

103 4894 298 4977 ἀμαυρότερον
324 4899 446 4957 temere
464 4891 610 4958 coniecit.
644 4892 759 4957 melius
779 4912 831 4958 res
852 4892 948 4958 cessit
963 4893 1047 4957 1112
1068 4902 1083 4952 1
1106 4891 1159 4956 ubi
1180 4893 1302 4976 vulgati
1324 4895 1472 4977 ἀνειμένου
