3464 5586
214 338 280 402 470
533 340 612 391 Anu
629 339 766 391 mmm
783 337 968 392 mouns
986 339 1040 390 ται.
1058 337 1160 391 ms.
1173 335 1216 391 οε
1229 336 1264 393 ευ

214 505 251 570 δι’
278 507 363 592 ἀέρος
384 509 510 594 γένηται,
531 512 565 573 τὸ
589 508 640 590 μέν
662 532 689 571 τι
712 508 888 592 ὑφίστασθαι
907 509 955 572 καὶ
970 512 1024 592 γῆν
1040 507 1239 584 συνίστασθαι,
1261 506 1336 590 [καὶ]
1359 508 1392 572 ἐκ
1407 512 1459 570 τοῶ
1473 509 1581 572 λοιποδ

216 610 249 672 δὲ
271 611 305 673 τδ
328 612 380 694 μὲν
404 611 546 695 διαμένειν
571 612 663 695 όδωρ,
690 609 779 673 ἐκδὲ
807 614 859 672 τοῦ
887 610 1080 694 ἀτμιζομένου
1102 609 1176 694 ἀέρα
1206 609 1351 692 γίνεσθαι,
1380 609 1414 673 ἔκ
1444 633 1521 682 τινος
1547 610 1581 674 δέ

208 715 261 774 τοῦ
294 712 380 798 ἀέρος
401 717 458 797 πῦρ
481 712 627 781 ἐξάπτειν·
657 713 711 797 τὴν
733 712 766 775 δὲ
789 711 862 796 μῖξιν
885 711 960 797 (καὶ)
981 716 1082 796 κρᾶσιν
1109 712 1240 795 γίνεσθαι
1264 716 1302 794 τῇ
1325 711 1367 781 εἰς
1387 711 1500 796 ἀλληλα
1522 715 1583 776 τῶν

217 816 369 898 στοιχείων
392 816 539 900 μεταβολῇ
564 819 699 898 σώματος
721 816 790 880 όλου
813 813 850 879 δι’
879 816 948 881 όλου
969 816 1046 885 τινδς
1067 814 1167 899 ἑτέρου
1190 813 1388 900 διερχομένου.

191 943 203 982 ι
305 914 494 1001 Κλεάνθης
520 918 552 981 δὲ
580 918 657 982 οότω
684 921 747 988 πῶς
773 939 874 1002 φησιν·
907 917 1147 1004 ἐκφλογισθέντος
1173 921 1225 981 τοῦ
1258 917 1365 986 παντὸς
1396 917 1519 989 συνίζειν
1546 917 1582 981 τδ

218 1018 305 1102 μέσον
328 1019 418 1083 αὐτοῦ
440 1023 566 1104 πρῶτον,
595 1019 657 1085 εἶτα
678 1021 715 1084 τά
736 1020 865 1107 ἐχόμενα
887 1020 1120 1106 ἀποσβέννυσθαι
1147 1017 1184 1082 δι’
1213 1019 1292 1083 όλου.
1336 1023 1388 1084 τοό
1415 1019 1448 1082 δὲ
1474 1020 1582 1090 παντδς

219 1119 439 1205 ἐξυγρανθέντος
471 1122 505 1184 τδ
527 1119 651 1207 ἔσχατον
673 1125 725 1185 τοῦ
746 1125 838 1208 πορδς
859 1125 1101 1207 ἀντιτυπήσαντος
1128 1120 1208 1207 αὐτῷ
1236 1126 1288 1185 τοῦ
1311 1121 1401 1205 μέσου
1422 1121 1582 1206 τρέπεσθαι

219 1223 305 1286 πολιν
333 1224 374 1294 είς
400 1223 580 1302 τούναντίον,
606 1222 663 1288 εἴθ’
691 1227 769 1289 οότω
795 1226 969 1310 τρεπόμενον
996 1225 1057 1289 ἀνω
1083 1224 1170 1311 φησὶν
1197 1222 1335 1292 αὔξεσθαι
1363 1224 1412 1288 καὶ
1434 1222 1582 1309 ἄρχεσθαι

220 1326 385 1408 διακοσμεῖν
412 1328 446 1390 τδ
475 1327 542 1391 όλον
568 1327 617 1390 καί
643 1327 778 1411 τοιαύτην
805 1327 937 1411 περίοδον
966 1328 1022 1391 αἰεὶ
1044 1327 1093 1391 καὶ
1120 1326 1310 1411 διακόσμησιν
1332 1326 1505 1408 ποιουμένου
1533 1327 1583 1390 τδν

179 1454 204 1494 ιο
221 1428 251 1493 ἐν
284 1433 322 1509 τῇ
355 1434 414 1492 τῶν
447 1430 523 1494 όλων
553 1428 639 1513 οὐσίφ
664 1428 747 1493 τόνον
774 1429 815 1514 μὴ
838 1428 994 1493 παίεσθαι.
1038 1431 1136 1513 ὥσπερ
1166 1429 1220 1513 γὰρ
1252 1429 1315 1498 ένός
1342 1451 1416 1498 τινος
1440 1429 1478 1493 τό
1505 1429 1581 1514 μέρη

217 1532 311 1595 πάντα
339 1530 441 1615 φύεται
470 1532 504 1595 ἐκ
530 1533 703 1615 σπερμάτων
730 1533 760 1595 έν
787 1535 846 1602 τοῖς
868 1532 1031 1616 καθήκουσι
1054 1531 1184 1617 χρόνοις,
1207 1531 1354 1595 οὕτωκαὶ
1377 1535 1428 1593 τοῦ
1452 1531 1522 1594 όλου
1544 1531 1582 1595 τά

220 1634 311 1718 μέρη,
338 1633 379 1696 ὧν
407 1634 455 1697 καὶ
481 1635 518 1697 τά
547 1637 611 1718 ζῷα
638 1634 686 1696 καὶ
713 1634 750 1698 τό
776 1634 853 1719 φυτά
874 1632 943 1698 ὄντα
964 1635 1114 1720 τυγχάνει,
1145 1633 1174 1698 ἐν
1197 1638 1257 1704 τοῖς
1279 1633 1441 1718 καθήκουσι
1464 1634 1582 1718 χρόνοις

218 1735 331 1819 φύεται.
374 1736 422 1799 καὶ
450 1736 549 1820 ῶσπερ
575 1735 649 1804 τινὲς
674 1736 753 1818 λόγοι
781 1739 839 1800 τῶν
868 1739 963 1821 μερῶν
990 1736 1031 1806 είς
1058 1736 1173 1821 σπέρμα
1199 1735 1341 1805 συνιόντες
1363 1736 1508 1818 μίγνυνται
1532 1737 1580 1801 καὶ

218 1835 303 1907 αὖθις
327 1839 516 1922 διακρίνονται
538 1837 699 1922 γενομένων
720 1842 779 1901 τῶν
802 1842 914 1923 μερῶν,
944 1839 1037 1908 υότως
1059 1838 1089 1907 ἐξ
1117 1838 1180 1908 ἑνός
1207 1862 1238 1901 τε
1264 1840 1357 1901 πάντα
1379 1837 1508 1921 γίνεσθαι
1531 1839 1580 1901 καί

181 1968 204 2006 ιι
221 1940 255 2003 ἐκ
277 1942 392 2002 πάντων
416 1939 482 2022 [εἰς]
505 1940 536 2004 ἓν
558 1941 760 2024 συγκρίνεσθαι
783 1942 843 2025 όδῷ
867 1940 916 2004 καὶ
938 1942 1104 2025 συμφώνως
1124 1939 1283 2025 διεξιούσης
1303 1947 1357 2025 τῆς
1377 1940 1524 2027 περιόδου.

878 2245 919 2310 39

265 2354 378 2404 Euseb.
399 2354 429 2402 Ρ.
442 2353 474 2400 E.
488 2352 538 2401 XV
551 2348 586 2401 2θ
605 2358 662 2396 1-1

287 2451 373 2512 Ὅπως
392 2454 414 2505 οἱ
432 2451 504 2505 αἰτολ
522 2453 578 2520 περὶ
596 2453 698 2523 ψυχῆς
716 2451 866 2513 δοξάζουσιν.

296 2556 338 2621 Τὸ
367 2558 400 2619 δὲ
428 2556 544 2640 σπέρμα
571 2558 659 2642 φησὶν
682 2559 698 2620 ό
721 2555 841 2641 Ζήνων
867 2555 959 2635 εἶναι,
982 2558 998 2620 δ
1022 2555 1156 2639 μεθίησιν
1178 2555 1348 2639 ἅνθρωπος,
1370 2562 1484 2640 πνεῦμα
1505 2557 1576 2640 μεθ’

219 2663 306 2744 ὑγροῦ
313 2709 322 2736 ,
348 2663 446 2744 ψυχῆς
469 2659 555 2742 μέρος
582 2659 630 2721 καὶ
658 2660 839 2741 ἀπόσπασμα
866 2659 914 2722 καὶ
941 2663 993 2722 τοῦ
1019 2658 1183 2743 σπέρματος
1209 2663 1260 2722 τοῦ
1286 2665 1345 2722 τῶν
1366 2661 1514 2745 προγόνων
1538 2661 1583 2724 κέ·

220 2784 317 2847 ρασμα
339 2762 388 2825 καὶ
411 2764 503 2843 μίγμα
524 2765 583 2823 τῶν
605 2765 658 2844 τῆς
680 2765 778 2846 ψυχῆς
801 2766 898 2845 μερῶν
920 2761 1128 2846 συνεληλυθός·
1157 2757 1226 2846 ἔχον
1248 2762 1302 2846 γάρ
1325 2763 1392 2832 τοὺς
1414 2763 1516 2845 λόγους
1538 2767 1581 2849 τῷ

179 2893 204 2932 «ιο
222 2865 282 2948 όλῳ
315 2865 382 2933 τοὺς
414 2863 519 2932 αὐτοὺς
551 2865 652 2941 τοῦτο,
687 2863 755 2927 όταν
782 2864 882 2948 ἀφεθῇ
910 2864 952 2933 εἰς
978 2864 1030 2948 τὴν
1059 2866 1184 2948 μήτραν,
1217 2864 1384 2949 συλληφθὲν
1413 2864 1460 2929 ὑπ’
1491 2865 1583 2929 ἄλλου

221 2968 398 3050 πνεύματος,
433 2964 520 3049 μέρος
547 2969 645 3050 ψυχῆς
671 2968 724 3048 τῆς
752 2970 803 3028 τοῦ
830 2966 938 3050 θήλεος
965 2965 1013 3029 καὶ
1040 2966 1170 3051 συμφυὲς
1195 2967 1363 3049 γενόμενον,
1396 2969 1523 3053 κρυφθέν
1552 2991 1584 3032 τε

219 3072 285 3157 φύει
307 3066 473 3149 κινοόμενον
489 3066 536 3130 καὶ
553 3067 807 3151 ἀναρριπιζόμενον
824 3067 873 3132 ὑπ’
899 3067 1020 3147 ἐκείνου,
1043 3070 1264 3154 προσλαμβάνον
1288 3071 1333 3134 ἀεὶ
1356 3067 1419 3158 [εἰς]
1441 3071 1475 3134 τδ
1496 3072 1583 3155 ὑγρδν

220 3172 268 3238 καί
292 3169 447 3251 αὐξόμενον
470 3168 500 3238 ἐξ
521 3170 622 3233 αὐτοῦ.

183 3284 203 3346 2
267 3288 319 3345 Καὶ
338 3289 401 3357 μετά
420 3288 514 3359 βραχέα
533 3287 651 3356 ἐπιλέγει·

180 3432 203 3471 2⁶
307 3391 377 3475 Περὶ
401 3394 433 3456 δὲ
455 3397 552 3477 ψυχῆς
575 3389 761 3477 Κλεάνθης
784 3395 836 3477 μὲν
858 3397 895 3458 τά
915 3392 1077 3478 Ζήνωνος
1100 3396 1229 3480 δόγματα
1258 3397 1487 3480 παρατιθέμενος
1510 3399 1582 3481 πρὸς

358 3550 419 3557 q..-
925 3552 1126 3559 ——---

218 3633 271 3685 εἶτα
283 3631 312 3683 τὸ
326 3631 467 3700 παχυμερὲς
479 3628 556 3682 αὐτοῡ
566 3630 656 3682 συστὰν
666 3629 820 3701 ἀποτελεσθῇ
833 3635 874 3701 γῆ,
926 3639 1039 3686 tinuatur
1060 3638 1091 3685 fr.
1108 3634 1150 3686 37.
1176 3641 1301 3702 excerpsit
1320 3653 1351 3687 ex
1375 3639 1437 3687 Eus.
1474 3640 1582 3689 Theo-

217 3720 246 3773 τό
263 3719 289 3772 δὲ
307 3718 454 3786 λεπτομερές
466 3713 608 3786 έξαραιωθή
621 3717 670 3780 [sie
683 3719 738 3784 BF]
751 3719 794 3769 καὶ
806 3717 871 3770 τοῦτ’
926 3725 1027 3773 dotet.
1042 3738 1079 3786 gr.
1092 3723 1176 3773 affect.
1190 3740 1241 3774 cur.
1252 3726 1276 3774 V
1287 3722 1320 3775 25
1333 3723 1377 3786 [cf.
1391 3726 1462 3775 Ptol.
1472 3742 1495 3789 p.
1507 3724 1541 3775 47
1554 3724 1582 3788 ¹].

218 3808 258 3860 ἐπὶ
272 3807 345 3859 πλέον
358 3801 492 3857 λεπτυνθὲν
504 3808 553 3872 πῦρ
567 3804 731 3873 ἀπογεννήσῃ,
744 3804 796 3857 εἶτα
810 3808 875 3859 κατὰ
926 3807 1018 3878 Ζήνων
1045 3806 1071 3859 δὲ
1099 3806 1112 3858 δ
1139 3803 1239 3867 Κιτιεὺς
1261 3808 1275 3860 ό
1298 3808 1370 3877 τήςδε
1392 3813 1438 3877 τῆς
1464 3808 1583 3878 αἱρέσεως

220 3892 287 3963 μῖξιν
305 3894 335 3945 ἐκ
347 3891 443 3946 τοίντων
461 3893 527 3962 φυτά
545 3910 572 3944 τε
588 3893 632 3945 καὶ
643 3893 695 3962 ζῷα
708 3894 751 3945 καί
763 3894 795 3946 τό
813 3892 877 3947 ἀλλα
926 3897 1082 3966 ἡγησάμενος
1103 3895 1185 3948 τοιάδε
1205 3896 1259 3965 περὶ
1278 3896 1380 3965 ψυχῆς
1398 3894 1506 3956 δοξάζειν
1524 3898 1582 3956 τοὺς

219 3983 278 4051 γένη
294 3979 306 4048 11
324 3982 337 4032 1
357 3980 400 4032 καὶ
413 3983 508 4031 delevit
520 3983 623 4032 Heeren
644 3979 656 4048 Η
677 3980 693 4033 2
709 3979 876 4034 λιπτυνθέντα
926 3984 1031 4041 οἰκείους
1050 3980 1143 4043 έδίδαξε
1161 3985 1287 4052 φοιτηταῖς·
1302 3981 1356 4034 “τδν
1373 3984 1419 4051 γάρ
1432 3999 1469 4034 τοι
1482 3981 1581 4052 ἀνθρώ-

220 4067 245 4120 δέ
264 4067 307 4120 τόν
325 4067 385 4137 ἀέρα
404 4071 435 4118 οἰ.
452 4070 554 4120 Usener
568 4063 581 4136 ΙΙ
595 4067 611 4120 3
625 4063 731 4136 ίξᾴττειν
744 4072 875 4122 Meineke.
927 4088 995 4122 πινον
1014 4067 1088 4139 θορὸν
1111 4068 1184 4138 ίιγρόν
1206 4069 1265 4121 όντιι
1288 4071 1331 4121 καὶ
1354 4071 1491 4139 μετέχοντα
1510 4071 1582 4124 πνεό·

220 4174 253 4208 an
266 4151 413 4215 ἐξάπτεσθαι
432 4157 463 4205 es.
476 4173 500 4220 ρ.
514 4153 632 4218 425,281
645 4151 657 4221 ΙΙ
674 4156 718 4207 καὶ
728 4158 815 4208 addidi
831 4154 874 4223 117
927 4175 1005 4226 ματος
1027 4161 1073 4226 τῆς
1097 4156 1181 4226 ψυχῆς
1205 4157 1295 4226 έφησεν
1317 4157 1378 4210 είναι
1400 4158 1475 4226 μέρος
1492 4176 1520 4209 τε
1537 4160 1582 4211 καὶ

220 4239 409 4312 έξυγρανθέντος
426 4242 457 4292 cf.
474 4240 874 4313 Τθεορλι.ι1ο1αρ.1θβθτρε·
926 4243 1078 4310 ἀπόσπασμα
1096 4245 1141 4296 καὶ
1158 4248 1204 4296 τοῦ
1222 4251 1274 4295 τῶν
1292 4245 1419 4315 προγόνων
1440 4246 1582 4314 σπέρματος

221 4329 563 4398 πόμτνονΟιτρεπομένουθ
576 4327 589 4396 β
602 4326 874 4397 θτοσαίιτηνΑισυη.
926 4333 1039 4402 κέρασμά
1057 4349 1084 4383 τε
1102 4333 1146 4384 καὶ
1164 4339 1243 4400 μῖγμα
1268 4333 1294 4393 έξ
1317 4332 1434 4384 ἀπάντων
1455 4338 1508 4384 τῶν
1534 4337 1581 4402 τῆς

221 4420 342 4469 Mainake
370 4415 382 4483 Ιί
406 4415 568 4469 τοῦ-τόνου
588 4419 627 4467 A:
656 4433 721 4467 corr.
744 4419 874 4470 Mainake.
925 4420 1009 4490 ψυχῆς
1023 4420 1117 4489 μορίων
1130 4418 1319 4488 συναθροισθέν.’
1341 4423 1371 4471 τί.
1384 4424 1473 4472 Herm.
1486 4424 1580 4472 Trism.

220 4506 251 4555 de
271 4514 384 4555 tenore
404 4505 537 4555 Cleanthis
562 4507 592 4556 cf.
616 4505 700 4555 Zeller
712 4505 754 4554 111
770 4506 791 4567 1,
808 4503 874 4557 137³
925 4512 955 4560 fr.
974 4525 1015 4574 ap·
1032 4508 1106 4560 Stob.
1126 4511 1200 4560 ecl.I
1216 4528 1240 4575 p.
1254 4509 1345 4562 74011.
1360 4527 1384 4573 p.
1398 4506 1459 4569 203,
1473 4505 1580 4574 221111

219 4600 245 4640 et
260 4589 325 4643 108⁴
346 4588 358 4658 β
382 4591 413 4642 14
426 4589 574 4658 γειναμένων
587 4592 621 4641 θι
640 4591 776 4659 γινομένων
789 4593 822 4643 C:
835 4608 873 4658 γε·
927 4596 958 4649 Ιθ
971 4593 1165 4666 συνεληλυθότος
1182 4598 1249 4649 CFG
1269 4596 1280 4659 11
1301 4594 1333 4646 21
1348 4591 1458 4663 κρυφθὲν
1471 4596 1581 4648 CDFG:

219 4678 330 4746 νομένων
356 4679 478 4730 Meineke
506 4673 518 4745 β
543 4675 596 4734 ένός
618 4695 641 4729 τι
662 4682 699 4730 A:
718 4697 785 4731 corr.
804 4682 872 4731 Hee·
925 4682 1018 4751 κρυφέν
1037 4686 1128 4747 vulgo:
1153 4687 1255 4734 conicio
1278 4679 1399 4751 κερασθέν
1422 4698 1449 4732 τε
1472 4679 1527 4748 φόει
1549 4686 1580 4733 σί.

219 4783 264 4817 ren
290 4761 303 4831 β
330 4764 362 4818 15
380 4764 414 4823 τίς
432 4767 535 4816 inclusit
557 4767 678 4816 Mainake
700 4769 731 4817 σί.
750 4770 872 4818 Heraclit.
923 4773 1010 4821 Laert.
1024 4771 1077 4820 VII
1093 4770 1141 4822 159
1160 4773 1220 4822 Aet.
1235 4774 1259 4821 V
1273 4769 1305 4822 13
1318 4782 1339 4820 ³.
1368 4768 1451 4838 κρόφα
1470 4767 1581 4839 ίπισχόει

220 4869 261 4917 ορ.
279 4853 384 4916 [Arist]
403 4854 428 4902 d.
447 4853 534 4904 mund.
554 4851 570 4905 5
593 4870 618 4917 ρ.
631 4850 739 4907 396119
924 4860 1025 4909 Usener
1045 4853 1059 4925 ΙΙ
1074 4856 1107 4908 22
1126 4857 1159 4914 είς
1178 4860 1261 4909 delevi
1275 4855 1290 4924 ΙΙ
1304 4855 1338 4908 23
1351 4853 1485 4924 αὐξόμενον
1497 4859 1579 4910 cm:

258 4939 289 4990 16
303 4941 391 4988 addidi
410 4942 511 4990 titulum
530 4957 562 4991 ex
581 4940 664 4991 indiae
678 4944 796 5006 capitum.
811 4959 873 4993 con·
924 4941 1028 5004 αυξάνον
1047 4947 1124 5009 vulgo
1146 4941 1158 5011 β
1179 4943 1268 4995 ἑαυτοῦ
1288 4947 1377 5010 vulgo:
1396 4947 1497 4996 correxi
