3442 5588
661 342 938 395 rnounsomurm
1413 340 1474 405 149

113 510 256 577 confecit
271 511 409 595 pristino
425 510 507 575 libro
523 510 655 576 dimidio
671 510 837 594 minorem,
857 530 878 574 a
893 511 1041 593 Diogene
1056 532 1120 576 non
1137 530 1209 575 raro
1225 510 1365 575 citatam.
1388 509 1475 575 idem

114 612 228 698 Satyri
250 612 343 678 Vitas
371 613 405 677 in
435 619 540 677 artum
568 612 673 694 coegit
701 612 743 676 ab
773 612 887 679 eodem
910 612 1085 679 adhibitas.
1128 612 1212 677 hanc
1240 612 1402 695 epitomen
1431 611 1474 677 ab

113 715 172 779 illa
194 716 293 798 vulgo
316 714 514 796 disiungunt
559 721 594 778 at
615 713 693 779 mihi
716 714 846 797 quidem
868 734 933 780 uon
956 715 1090 797 contigit
1112 734 1225 780 sanam
1249 715 1319 780 eius
1340 714 1474 779 rationis

112 835 247 882 cansam
263 816 457 901 perspicere.
490 834 642 897 quorsum
657 815 817 881 attinebat
833 817 964 883 easdem
980 817 1065 882 vitas
1080 838 1099 882 c
1113 816 1250 881 diversis
1265 817 1475 900 scriptoribus

112 918 252 984 dirersis
282 916 481 1002 compendiis
512 917 702 1002 compilare,
736 938 807 983 cum
838 919 1010 984 lectoribus
1040 918 1186 984 binorum
1217 917 1370 983 librorum
1397 941 1474 985 usus

111 1018 245 1086 minime
273 1019 461 1085 commodus
487 1026 575 1085 esset
600 1018 747 1085 futurus?
779 1041 822 1086 an
854 1022 935 1087 mira
955 1021 1015 1086 fuit
1036 1040 1095 1086 sua
1117 1022 1232 1104 cuique
1254 1021 1405 1086 servandi
1427 1043 1475 1087 re-

112 1122 203 1207 ligio,
224 1130 261 1189 ut
282 1129 452 1206 separatos
474 1121 648 1204 scriptores
670 1124 782 1189 mallet
804 1131 975 1208 excerptos
989 1122 1167 1207 praebere?
1193 1129 1228 1187 at
1246 1121 1424 1188 sufficiebat
1440 1131 1475 1188 ut

111 1224 250 1291 adderet
271 1223 390 1307 ubique
411 1225 445 1288 ἐκ
467 1228 525 1287 τῶν
548 1225 700 1295 Σωτίωνος
722 1232 779 1290 ant
801 1227 943 1311 Σατύρου.
980 1226 1108 1291 omuino
1131 1224 1396 1309 philosophorum
1419 1245 1475 1307 po·

112 1326 272 1392 tissimum
294 1347 356 1409 res,
378 1347 443 1391 nen
467 1333 633 1393 auctorum
653 1329 786 1394 nomina
807 1329 871 1395 illis
886 1328 1069 1394 hominibus
1085 1326 1173 1393 cordi
1188 1327 1289 1393 fuere.
1319 1346 1358 1391 ac
1372 1328 1474 1392 multo

112 1428 266 1495 liberiore
297 1427 423 1494 ratione
445 1428 674 1514 Aristophanis
696 1431 846 1517 Byzantii
875 1431 1029 1515 epitome,
1055 1437 1091 1495 υι
1112 1430 1294 1513 exemplum
1317 1449 1473 1513 promam,

110 1531 298 1598 Aristotelis
313 1534 377 1617 περὶ
393 1527 478 1618 ζῴων
493 1534 672 1616 composita
685 1532 757 1599 fuit.
782 1553 860 1616 ergo
875 1532 1015 1599 Heckeri
1032 1532 1248 1598 coniecturam
1264 1532 1474 1597 vehementer

110 1633 217 1718 probo
242 1654 340 1699 unam
367 1655 439 1700 esse
468 1635 631 1719 epitomen
661 1635 804 1701 Sotionis
831 1642 863 1702 et
886 1635 1005 1720 Satyri.
1051 1634 1149 1716 quid?
1178 1634 1264 1716 qnod
1286 1633 1474 1716 simpliciter

105 1735 302 1820 Ἡρακλείδης
323 1736 354 1800 ἐν
375 1743 413 1818 τῇ
436 1738 562 1819 ἐπιτομῇ
585 1737 694 1804 Laert.
717 1738 796 1803 VIII
817 1740 859 1803 52
882 1737 1015 1820 citatur,
1038 1735 1092 1800 ubi
1116 1757 1156 1801 er
1179 1737 1299 1820 Satyro
1323 1733 1472 1799 haustum

109 1844 262 1923 apparet.
296 1857 402 1921 neque
423 1838 522 1903 alium
544 1838 670 1922 libmm,
692 1840 719 1904 si
735 1839 812 1904 mibi
828 1838 942 1921 credis,
965 1836 1124 1920 intellegit
1138 1838 1322 1904 Demetrius
1337 1838 1473 1919 Magnes

109 1940 265 2007 hertV
287 1941 344 2023 94,
371 1939 425 2004 ubi
452 1941 503 2004 τὸν
525 1943 687 2027 γεγραφότα
717 1943 769 2026 τὴν
792 1943 932 2028 διαδοχὴν
955 1942 985 2005 ἐν
1008 1940 1038 2009 ἓξ
1060 1941 1179 2026 βιβλίοις
1200 1939 1405 2005 Heraclidem
1428 1940 1473 2005 in·

109 2041 229 2108 (λυσίιιι
252 2041 401 2107 nimirum
416 2042 555 2126 pretium
570 2062 691 2127 operae
706 2044 849 2108 facturus
864 2044 925 2109 sibi
940 2042 1112 2107 videbatur
1127 2041 1269 2107 Sotionis
1284 2041 1472 2107 memoriam

109 2142 223 2229 Satyri
251 2145 411 2228 excerptis
440 2146 645 2212 emendatam
674 2152 706 2211 et
728 2153 856 2211 auctam
879 2145 1020 2211 breviter
1041 2143 1324 2227 comprehendere.
1367 2163 1473 2227 neque

108 2247 206 2312 deest
236 2245 432 2312 simillimum
460 2248 529 2315 eius
556 2247 603 2314 rei
630 2250 822 2333 exemplum.
875 2267 951 2312 nam
976 2247 1061 2312 inter
1090 2246 1272 2330 complures
1302 2244 1472 2330 epitomas,

109 2367 194 2430 quas
215 2347 352 2416 Photins
374 2371 401 2416 c.
417 2352 480 2417 213
501 2350 544 2417 ab
566 2350 809 2433 Agatharchide
831 2350 975 2416 eiusdem
994 2347 1175 2414 HeraclidIs
1196 2353 1377 2428 anagnosta
1398 2368 1472 2413 cou-

108 2448 215 2515 fectas
243 2459 391 2518 recenset
417 2452 580 2519 iuvenitur
606 2454 757 2535 ἐπιτομὴ
790 2457 856 2514 τῶν
891 2451 1180 2535 συγγεγραφότων
1210 2450 1275 2533 περὶ
1304 2457 1471 2535 συναγωγῆς

110 2553 283 2634 θαυμασίων
310 2553 425 2637 ἀνέμων
455 2553 488 2641 [V
509 2556 702 2639 ἀκουσμάτων
730 2553 974 2636 Weetermann,
1007 2554 1086 2617 ἐίλιῖον
1122 2552 1271 2635 Mueller,
1306 2550 1471 2633 ἀνθρώπων

108 2652 248 2741 Rohdel.
293 2675 369 2722 ecee
390 2656 617 2722 miraculorum
640 2656 814 2739 scriptores
835 2656 869 2721 in
892 2677 990 2721 unum
1012 2654 1237 2739 compendium
1260 2653 1372 2718 eoacti.
1410 2654 1472 2718 lle·

107 2754 242 2821 raclidis
265 2756 338 2821 libri
360 2758 474 2824 crebra
497 2765 547 2824 est
570 2759 689 2824 mentio
712 2778 818 2842 neque
846 2766 955 2825 tamen
978 2780 1049 2825 eum
1078 2756 1231 2821 librorum
1253 2755 1377 2821 numeri
1398 2777 1472 2822 nus·

107 2876 208 2940 qnam
231 2866 466 2945 comparerent,
488 2861 530 2926 de
552 2858 665 2925 ordine
687 2860 861 2943 quidquam
884 2860 1029 2945 proferre
1050 2879 1116 2925 non
1141 2858 1345 2924 arbitrarium
1367 2864 1470 2923 tutum

106 2965 189 3025 erat.
226 2966 318 3026 tanto
340 2960 463 3028 maiore
484 2960 603 3045 gaudio
626 2960 697 3027 eius
717 2962 875 3045 epitomes
890 2964 1029 3030 indicem
1043 2981 1147 3044 nuper
1161 2960 1354 3044 accepimus,
1376 2981 1470 3043 quem

106 3061 249 3127 Useneri
266 3063 437 3129 curiositas
458 3083 478 3129 e
499 3062 630 3146 loseppi
653 3062 898 3147 hypomnestico
922 3065 983 3153 [ed.
996 3067 1021 3130 I.
1034 3065 1073 3130 A.
1086 3061 1254 3128 Fabricius
1270 3063 1340 3127 eod.
1356 3062 1471 3146 pseud·

106 3162 721 3248 epigraph.vettestam.llamb.1723
736 3167 799 3230 vol.
811 3167 844 3230 II
859 3189 889 3250 p.
903 3166 978 3255 325]
993 3165 1140 3250 vulgarit
1155 3162 1247 3250 [llus.
1259 3163 1319 3229 Rh.
1328 3165 1471 3231 XXVIII

104 3262 199 3432 43ὴ11ή1
232 3266 487 3350 superscriptum
519 3273 569 3332 est
599 3268 673 3337 τίνες
700 3268 824 3352 αἱρέσεις
845 3269 912 3354 παρ’
941 3267 1063 3354 Ἕλλησι
1090 3268 1237 3352 γεγόνασι;
1269 3284 1311 3332 eu
1339 3266 1471 3350 loseppi

104 3374 142 3432 la
200 3385 222 3434 8

351 3475 369 3536 1
414 3471 521 3557 ήπερλ
543 3476 602 3534 τῶν
624 3478 753 3556 φυσικων
954 3475 992 3537 11
1034 3471 1254 3555 Ἐμπεδόκλειος

349 3573 369 3639 2
413 3574 521 3659 ήπερὶ
543 3573 694 3656 θεολογίας
956 3576 996 3641 12
1035 3573 1245 3658 Ἡρακλείτειος

348 3677 368 3741 3
411 3676 518 3759 ἡπερί
540 3698 598 3738 των
621 3677 696 3741 ἑπτὰ
721 3683 819 3764 σοφῶν
954 3677 995 3742 13
1034 3675 1185 3759 Ἐλεατική

346 3781 368 3845 4
411 3778 628 3864 ήΣιυκρατική
955 3781 997 3844 14
1039 3777 1244 3862 Δημοκρίτειος

347 3882 368 3946 5
412 3879 628 3966 ήΚυρήναϊκή
955 3883 995 3947 15
1039 3879 1256 3965 Πρωταγόρειος

346 3984 366 4049 6
411 3981 567 4068 ήΚυνική
957 3986 998 4049 16
1042 3982 1211 4067 Πυρρωνεία

348 4088 365 4152 'l
411 4083 589 4170 ήἨλειακή
960 4087 998 4151 ll
1040 4084 1242 4168 Ἀκαδημαϊκή

346 4189 366 4254 8
410 4185 619 4274 ήἘρετριακή
959 4189 1000 4254 18
1044 4187 1260 4271 Περιπατητική

345 4292 366 4357 9
410 4290 562 4376 Μεγαρική
958 4290 999 4356 19
1042 4289 1159 4373 Στωική

326 4397 368 4460 10
410 4393 608 4478 Πυθαγόρειος
959 4392 1002 4457 20
1041 4389 1243 4477 Ἐπικούρειος.

102 4497 211 4567 ταύτας
233 4497 287 4567 τὰς
309 4497 400 4562 εἴκοσι
422 4496 547 4582 αἱρέσεις
565 4495 795 4581 Ἡρακλείδης
822 4500 839 4560 b
871 4495 1114 4578 Πυθαγορικὸς
1140 4497 1243 4558 διεῖλεν
1266 4493 1299 4556 ἐν
1322 4498 1370 4575 τῷ
1394 4491 1471 4574 περὶ

102 4604 168 4682 τῆς
190 4599 229 4663 ἐν
250 4599 466 4684 φιλοσόφοις
488 4600 662 4683 αἱρέσεως
685 4600 881 4684 πραγματείας
903 4597 1011 4661 αὐτοῦ
1035 4596 1172 4681 βιβλίῳ.
1191 4593 1202 4625 ¹

176 4738 184 4772 ¹
206 4742 278 4807 quod
300 4741 448 4791 Demetrius
470 4737 525 4807 τὴν
548 4734 667 4807 διαδοχὴν
693 4739 803 4789 breviter
825 4739 900 4799 dicit,
924 4738 1054 4799 cognitam
1078 4737 1206 4799 epitomen
1229 4735 1255 4784 in
1283 4736 1374 4799 vulgus
1392 4735 1471 4784 fuisse

103 4828 189 4880 docet.
228 4830 260 4880 ei.
279 4829 381 4880 Usener
398 4828 467 4878 Mus.
485 4827 535 4878 Rb.
555 4826 676 4877 XXVIII
694 4823 755 4876 431.

176 4912 188 4946 ¹
206 4918 321 4968 correxit
332 4915 463 4968 Usencrus
481 4913 579 4983 περὶτὰ
592 4912 693 4982 φυσικά,
711 4910 767 4979 περὶ
778 4907 908 4978 θιολογίαν
919 4920 976 4973 etc,
993 4911 1039 4960 sed
1052 4910 1114 4961 mibi
1127 4909 1230 4959 dubium
1244 4910 1305 4976 quid
1318 4908 1470 4959 Heraclides
