3442 5588
542 374 643 424 Αετιι
662 373 764 423 mc.
779 369 924 436 1v21a--s
941 370 990 423 ιι.
1005 380 1017 419 ο

1401 370 1462 435 387

432 450 454 460 ’·
463 444 477 451 ’”
486 438 1158 473 ’ΜΝ-Ιχ

255 478 464 529 PLUTARCHI
483 480 627 529 EP1T.1v
641 477 666 528 ⁶2.
679 479 695 530 3

905 477 1063 528 smnffl
1082 478 1159 529 m.
1172 477 1233 529 149
1246 474 1306 540 [ιι]
1320 485 1329 521 ι

187 611 437 698 Ἀριστοτέλης
469 616 648 702 ἐντελέχειαν
682 619 793 701 apos-⁶
852 613 1098 699 Ἀριστοτέλης
1131 613 1311 700 ἐνδελέχειαν
1346 613 1422 695 πρώ-

148 739 198 800 την
222 719 356 798 σώματος
371 723 505 802 φυσικοῦ,
529 719 691 803 ὀργανικοῦ,
715 720 760 782 δυ·

148 820 230 901 νάμει
253 819 332 902 ζωὴν
354 816 487 904 ἔχοντος·
516 822 569 904 τὴν
597 822 631 885 δὲ
653 819 760 884 ἐντελέ-

148 942 230 1004 χειαν
253 921 410 986 ἀκουστέον
433 923 495 986 ἀντὶ
517 928 571 1006 τῆς
593 921 701 1005 ἐνεργοί
736 969 744 985 .

810 740 862 802 την
885 720 1021 801 σώματος
1036 721 1171 803 φυσικοῦ,
1194 718 1356 802 ὀργανικοῦ,
1377 714 1423 776 δυ·

810 820 893 902 νέμει
922 819 1001 904 ζωὴν
1029 817 1158 906 ἔχοντος·
1184 820 1237 903 τὴν
1260 819 1292 881 δὲ
1314 816 1422 881 ἐντελέ-

809 945 892 1009 χειαν
920 921 1077 986 ἀκουστέον
1100 921 1162 986 ἀντὶ
1185 925 1236 984 τοῦ
1258 919 1352 989 εἴδους
1374 918 1422 982 καλ

809 1029 862 1109 τῆς
885 1024 1036 1108 ἐνεργείας.
1440 1040 1452 1077 υ

126 1151 138 1187 ν
191 1130 409 1214 Δικαίαρχος
439 1127 577 1213 ἁρμονίαν
607 1130 666 1189 τῶν
696 1146 792 1203 τεο-γ
854 1127 1071 1210 Δικαίαρχος
1093 1126 1231 1209 ἁρμονίαν
1250 1128 1309 1188 τῶν
1328 1123 1423 1187 τεττά·

148 1233 244 1316 σαίρων
267 1232 430 1317 στοιχείων.

812 1251 869 1313 ρων
892 1227 1055 1312 στοιχείων.

187 1332 449 1418 Ἀσκληπιάδης
482 1335 497 1397 ῦ
531 1332 627 1415 ἰατρός
660 1344 794 1414 συγγυθ
851 1327 1110 1412 Ἀσκληπιάδης
1142 1331 1158 1393 ό
1192 1329 1288 1414 ίατρός
1324 1351 1423 1412 συγγυ·

149 1438 269 1521 μνασίαν
291 1443 350 1502 τῶν
373 1437 553 1520 αἰσθήσεων.

140 1692 166 1762 γ.
199 1676 241 1742 El
264 1680 366 1760 σῶμα
387 1678 407 1761 ἡ
431 1675 527 1761 ψυχὴ
550 1674 608 1737 καλ
630 1673 683 1743 τίς
704 1674 724 1756 η

114 1802 137 1839 10
304 1779 408 1843 οῦσία
431 1777 550 1862 αὐτῆς·

191 1915 279 1981 Οῦτοι
323 1918 427 1986 πάντες
470 1913 498 1977 οἱ
536 1911 790 1997 προτεταγμένοιι

148 2023 304 2104 ἀσώματον
343 2020 395 2104 τὴν
434 2019 532 2105 ψυχὴν
565 2011 759 2087 ὑποτίθενται,

147 2124 232 2209 φῦσιν
259 2120 389 2205 λέγοντες
416 2120 604 2202 αὐτοκίνητον
637 2114 685 2179 καλ
713 2114 759 2178 αό-

148 2226 211 2291 σίαν
241 2224 346 2309 νοητὴν
372 2223 420 2288 καὶ
447 2226 499 2286 τοῦ
520 2221 655 2305 φυσικοῦ,
678 2216 760 2300 ὀργα·

113 2332 239 2405 ισνικοῦ,
263 2328 342 2412 ζωὴν
365 2324 484 2413 ἔχοντος
506 2320 696 2406 ἐντελέχειαν.

191 2427 265 2494 Οίδ
286 2430 345 2492 ἀπὸ
357 2426 592 2510 Ἀναξαγόρου
614 2422 759 2506 ἀεροειδῆ,
778 2439 794 2491 2
852 2404 1080 2489 Ἀναξιμένης
1108 2403 1296 2491 ’Ἀναξαγόρας
1326 2406 1457 2494 Ἀρχέ-ιο

812 2511 881 2579 λαος
903 2507 1038 2593 Διογένης
1060 2509 1189 2593 αἰεριῦδη.

147 2530 245 2615 ἔλεγον
267 2532 300 2594 δὲ
322 2531 370 2595 καὶ
393 2535 490 2613 σῶμα.

104 2641 134 2646 -.
142 2640 173 2722 11
192 2638 367 2734 §Thr-evitet
384 2684 416 2719 ex
436 2669 528 2732 prioris
548 2681 603 2730 τερ.
623 2662 758 2727 §§1.5.6

105 2759 290 2825 comprehensa
315 2758 439 2823 proximis
470 2753 609 2818 opponitur
631 2753 663 2802 cf.
687 2753 759 2802 Ptol.

104 2845 381 2999 ι’.11384φῦσει(Α)ΒΟι
401 2931 502 2979 correxi
521 2942 577 2976 eum
596 2925 707 2977 Reiskeo
727 2940 758 2974 ex

104 3038 126 3070 e.
139 3017 155 3070 2
170 3029 180 3066 1
193 3028 219 3069 et
230 3027 242 3065 ε

141 3105 173 3158 14
192 3101 296 3173 ὀργάνου
313 3103 336 3153 Β

141 3192 173 3246 16
192 3189 215 3241 ολ
233 3187 282 3241 ἀπὸ
300 3184 460 3257 Ἀναξαγόρου
477 3190 561 3237 minus
583 3194 702 3237 accurate
721 3186 760 3236 di·

105 3290 172 3331 ctum
192 3286 266 3330 notat
284 3276 392 3326 Krische
413 3293 437 3340 ρ.
453 3272 503 3327 168

141 3367 173 3418 11
191 3381 219 3416 τε
231 3363 339 3427 (ΔλΒΟι
359 3365 469 3413 correxi.
483 3358 687 3429 έλεγον-σιῦμα
699 3376 760 3412 num

106 3457 219 3506 Amana
237 3454 289 3503 ιίτιε
308 3450 396 3499 dubito
416 3450 447 3499 ef.
466 3448 624 3498 Theodoret
643 3432 668 3497 υτ
686 3447 759 3498 Stob.

815 1431 937 1513 μνασίαν
960 1434 1018 1493 τῶν
1042 1429 1220 1515 αίσδήσεων.

848 2652 859 2702 1
880 2646 1034 2717 ἐνδελέχειαν
1051 2651 1088 2700 εἰσ
1108 2649 1235 2700 hocloco
1255 2650 1280 2697 Α

845 2738 862 2790 4
884 2739 930 2789 τοῦ
948 2733 1028 2794 είδους
1046 2734 1089 2788 καί
1108 2738 1248 2787 omiserunt
1266 2736 1420 2788 Plutarchus
1442 2746 1468 2788 et

810 2827 1001 2887 Theodoretus,
1019 2825 1065 2875 sed
1078 2826 1158 2890 ροείεε
1171 2825 1235 2875 haec
1248 2832 1308 2874 sunt
1326 2840 1358 2875 ex
1377 2825 1468 2876 eodem

813 2915 895 2979 οερίια
915 2913 951 2974 (d.
970 2913 1048 2962 anim.
1066 2910 1124 2962 111
1143 2928 1169 2977 ρ.
1182 2908 1251 2962 412·
1268 2909 1320 2972 10),
1338 2913 1406 2962 unde
1424 2914 1468 2963 de·

813 3000 897 3050 finitio
911 2995 1062 3066 έντιλιχείας
1074 3000 1105 3049 ef.
1119 2998 1182 3049 ibid.
1195 3014 1221 3063 ρ.
1232 2993 1339 3049 412121

850 3085 881 3137 11
900 3081 1020 3154 Διογένης
1043 3085 1175 3138 abundare
1196 3085 1298 3136 videtur
1321 3087 1353 3137 τί.
1375 3087 1389 3149 ξ
1409 3085 1426 3138 8
1445 3096 1471 3137 οε

811 3175 944 3227 Theodor.

811 3297 979 3349 κοιοιιυοτ
997 3297 1049 3345 εκ
1067 3294 1179 3346 Almo
1198 3259 1394 3345 nicam

841 3397 886 3454 26
899 3393 1063 3453 ’111001101οέ
1074 3399 1097 3448 V
1109 3396 1141 3448 17
1154 3392 1168 3448 ό
1180 3394 1206 3448 δέ
1218 3391 1419 3465 Σταγειρίτης
1433 3396 1470 3449 έν-

812 3484 939 3556 τιλέχειαν
957 3481 1061 3554 πρώτην
1080 3481 1197 3551 σωματος
1213 3485 1320 3553 φυσικοῦ
1332 3481 1472 3565 ὀργανικοῦ,

812 3573 913 3642 δυνάμει
940 3569 1009 3640 ζωὴν
1035 3567 1145 3640 έχοντος.
1186 3569 1338 3642 ἐντελέχειαν
1369 3569 1396 3623 δέ
1425 3571 1472 3640 τὴν

812 3661 934 3731 ένέργτιον
958 3655 1079 3727 κέκληκε.
1113 3657 1219 3716 Nonou.
1244 3677 1269 3726 p.
1282 3657 1317 3711 28
1334 3662 1366 3709 A.
1386 3658 1420 3711 68
1434 3661 1471 3710 M.

811 3743 1024 3817 Ἀριστοτέλης
1036 3743 1062 3796 δὲ
1075 3743 1227 3816 ένττλέχιιαν
1238 3743 1343 3815 πριίιτην
1354 3745 1473 3815 σώματος

812 3835 919 3904 φυσικοῦ
934 3828 1067 3902 ὀργανικοῦ
1085 3830 1186 3900 δυνάμει
1205 3829 1274 3900 ζωὴν
1293 3829 1403 3902 έχοντος.

848 3916 1047 3976 1111001101·ολ
1066 3920 1090 3968 V
1112 3919 1144 3972 18
1175 3913 1339 3988 Κλέαρχος
1361 3920 1423 3985 [εἰσ]
1445 3918 1472 3972 δέ

812 4013 865 4060 τῶν
886 4006 1013 4074 τισσάρων
1037 4003 1099 4058 εἶναι
1119 4004 1249 4077 στοιχείων
1274 4004 1321 4074 τὴν
1344 4004 1471 4076 ἁρμονίαν.

813 4094 918 4152 Nonou.
943 4096 959 4144 1.
979 4110 1000 4144 e.
1023 4089 1193 4163 Δείναρχος
1215 4092 1264 4156 [sic
1286 4094 1328 4144 hic
1352 4104 1378 4144 et
1400 4112 1424 4159 ρ.
1438 4091 1472 4146 29

813 4192 839 4234 et
853 4181 940 4246 35A.]
957 4178 984 4231 δέ
997 4177 1116 4248 ἁρμονίαν
1128 4185 1181 4232 τῶν
1198 4179 1325 4249 τεσσάρων
1343 4179 1472 4250 στοιχείων

812 4267 866 4320 ἀντὶ
883 4268 928 4318 τοῦ
948 4270 1036 4335 κρᾶσιν
1053 4267 1097 4320 καί
1110 4266 1255 4337 συμφωνίαν
1267 4271 1320 4318 τῶν
1333 4267 1470 4338 στοιχείων.

812 4352 841 4406 οῦ
868 4353 914 4422 γὰρ
940 4351 987 4423 τὴν
1004 4353 1034 4406 έκ
1062 4359 1115 4406 τιῦν
1141 4350 1259 4423 φθόγγων
1286 4355 1473 4425 συνισταμένην,

812 4441 876 4494 ἀλλὰ
894 4441 941 4510 τὴν
959 4439 985 4501 έγ
1002 4446 1039 4511 τῷ
1058 4439 1157 4508 σώματι
1179 4438 1282 4510 διρμιῦν
1305 4441 1349 4491 καὶ
1367 4440 1473 4512 ψυχρῶν

814 4528 857 4581 καλ
877 4527 960 4596 ῦγριῦν
979 4528 1022 4578 καὶ
1046 4525 1129 4598 ξηρῶν
1153 4526 1297 4598 ένορμόνιαν
1319 4532 1406 4598 κρᾶσιν
1430 4527 1474 4581 καλ

815 4612 964 4685 συμφωνίαν
984 4611 1097 4682 βοόλιτοι
1115 4613 1202 4684 λέγειν.

849 4701 897 4757 82
916 4699 1080 4761 Theodoro&
1093 4706 1110 4755 1.
1123 4720 1145 4754 ο.
1162 4699 1362 4771 Ἀναξιμένης
1383 4700 1410 4755 δέ
1430 4701 1474 4754 καί

814 4787 1050 4861 Ἀναξίμανδρος
1068 4791 1112 4843 καλ
1129 4785 1330 4858 Ἀναξαγόρας
1353 4789 1396 4841 καὶ
1414 4786 1474 4859 Ἀρ-

815 4875 927 4947 χέλαος
945 4873 1044 4946 ὀτριῦόη
1067 4879 1113 4945 τῆς
1136 4875 1220 4947 ψυχῆς
1242 4876 1289 4945 τὴν
1314 4874 1385 4946 φῦσιν
1408 4874 1474 4946 ιίρή·

817 4978 896 5016 κααιν.

1202 5046 1272 5113 25*
