3464 5586
200 347 263 409 1OE
562 345 615 395 VII
650 345 699 394 DE
720 344 821 393 alcun
839 342 955 394 secta
974 344 1022 393 ET
1042 343 1188 393 Aetate

198 514 262 597 psit
285 519 318 578 et
341 520 376 578 ut
397 514 453 579 ille
475 512 615 597 optimos
641 513 799 598 pessimos
827 518 977 577 auctores
1004 510 1186 595 promiscue
1212 509 1363 594 adscivit,
1394 509 1440 574 ita
1462 511 1559 576 Arius

197 635 410 699 quaecuuque
425 617 458 681 iu
474 636 589 682 manus
604 621 762 680 venerant
784 613 938 698 primaria
960 612 1113 706 cuiusque
1128 616 1237 676 sectae
1252 630 1317 675 non
1331 612 1438 678 minus
1460 632 1557 696 quam

197 720 330 801 quintae
358 720 472 785 classis
499 718 620 802 scripta
641 717 793 801 respexit.
835 723 1006 800 praeterea
1039 713 1191 780 eclectico
1213 733 1342 798 genere,
1369 715 1397 779 si
1424 715 1502 797 quid
1523 715 1558 781 iu

196 820 370 904 prooemiis
392 821 543 904 propriae
570 820 737 886 doctrinae
763 820 913 904 pellucet,
942 825 1076 899 uterque
1103 836 1180 881 usus
1209 824 1268 881 est.
1302 817 1340 880 In
1366 817 1444 883 Ario
1471 817 1557 884 inter

198 922 378 987 Stoicorum
400 923 549 989 notiones
573 921 819 1004 Aristotelisque
845 920 1026 1003 categorias
1048 938 1113 1003 pax
1137 916 1308 983 conciliata
1330 925 1379 984 est
1401 918 1441 986 cs.
1465 919 1556 987 Stoh.

196 1027 254 1090 ecl.
268 1025 300 1089 II
316 1026 446 1108 pteH.
471 1045 570 1109 supra
584 1047 616 1110 p.
634 1026 684 1089 70.
717 1026 817 1089 multo
834 1023 932 1090 etiam
947 1021 1051 1104 magis
1066 1020 1199 1086 decolor
1213 1020 1297 1085 Aeci
1313 1021 1427 1088 oratio.
1460 1022 1557 1088 modo

196 1127 446 1210 Peripateticum
478 1128 571 1193 audis
600 1127 691 1193 velut
719 1126 807 1192 Plac.
830 1127 846 1190 Ι
868 1127 923 1191 22
951 1127 984 1188 τὸ
1012 1124 1087 1194 εἶδος
1114 1125 1130 1188 ὃ
1158 1127 1337 1207 καλοῦμεν
1365 1125 1557 1212 ἐντελέχειαν,

195 1228 291 1292 modo
315 1227 457 1294 Stoicum
480 1232 569 1297 velut
599 1228 718 1295 ibidem
746 1231 840 1315 ἀρχάς
866 1253 960 1314 φαμεν
988 1226 1059 1291 εἶναι
1086 1225 1153 1290 οὔτε
1180 1226 1336 1297 συνθέτους
1361 1226 1428 1291 οὔτε
1455 1230 1558 1292 dcccc·

195 1331 338 1413 λέσμοιτα,
359 1332 417 1396 sed
440 1339 476 1396 ut
497 1332 553 1397 ille
576 1331 704 1414 Stoicis,
726 1330 773 1396 ita
788 1331 901 1396 Aetius
923 1328 1147 1414 Peripateticis
1168 1328 1384 1413 principatum
1404 1329 1556 1398 tribuisse

194 1433 332 1516 videtur,
355 1436 382 1499 si
404 1434 534 1517 quidem
556 1433 589 1498 in
610 1432 775 1517 prooemio
798 1433 861 1499 etl
879 1434 942 1497 lc
964 1430 1149 1496 Aristotelis
1169 1437 1219 1496 ter
1242 1451 1313 1496 cum
1329 1431 1556 1516 Theophrasto

194 1544 227 1602 et
249 1536 484 1620 Peripateticis,
508 1536 612 1601 semel
634 1535 814 1601 Stoicomm
835 1535 889 1600 vel
911 1533 1057 1599 Platonis
1079 1531 1261 1598 sententiae
1282 1543 1452 1617 apparent.
1482 1535 1557 1602 hinc

193 1640 379 1705 coniectura
406 1640 495 1703 valet
520 1638 553 1703 in
580 1638 868 1722 Peripateticorum
896 1655 969 1701 eum
1005 1635 1117 1701 schola
1149 1635 1297 1701 tirocinia
1328 1636 1556 1721 philosophiae

193 1743 349 1826 posuisse.
388 1761 464 1806 nam
491 1761 590 1825 supra
617 1740 765 1806 tirocinia
792 1739 848 1805 ille
879 1737 1008 1820 quidem
1034 1757 1209 1820 numquam
1234 1744 1367 1803 erectus
1388 1746 1447 1804 est
1492 1759 1554 1806 uec

193 1844 344 1926 graviora
366 1843 484 1908 desunt
505 1842 634 1908 indicia.
658 1849 786 1908 constat
811 1848 886 1926 post
907 1839 1125 1905 Andronicum
1148 1839 1203 1922 qui
1225 1839 1401 1906 extiterunt
1423 1842 1553 1927 Peripa

192 1945 279 2011 tetici
307 1966 363 2012 eos
391 1944 524 2011 scholae
551 1945 664 2011 umbra
691 1966 757 2011 nou
786 1963 934 2026 egressos
957 1961 1045 2025 esse,
1068 1948 1103 2007 ut
1132 1962 1175 2008 ex
1200 1941 1273 2007 unis
1299 1941 1369 2009 fere
1395 1964 1554 2010 commen·

191 2047 282 2112 taliis
317 2049 506 2118 tenuissima
534 2049 651 2114 notitia
677 2047 798 2113 hauriri
830 2045 942 2129 possit.
972 2043 1084 2108 Aetius
1117 2050 1236 2128 autem,
1269 2045 1322 2127 qui
1345 2046 1554 2112 Posidonium

190 2150 313 2233 alioqui
343 2151 514 2215 ultimum¹
545 2151 696 2233 cognorit
726 2146 1007 2235 philosophorum,
1039 2145 1290 2229 Peripateticum
1324 2155 1554 2214 commemorat

191 2252 435 2317 Xenarchum
464 2255 602 2319 amicum
625 2253 693 2317 Arii
720 2260 753 2318 et
775 2251 924 2334 Augusti,
948 2248 1038 2313 cuius
1068 2248 1109 2313 de
1135 2249 1245 2315 anima
1268 2250 1377 2334 opinio
1399 2251 1482 2318 haec
1504 2258 1553 2318 est

190 2355 234 2419 IV
258 2355 277 2418 3
304 2365 335 2416 lc
364 2356 512 2441 Ξέναρχος
539 2358 555 2419 ὁ
587 2356 814 2441 Περιπατητικὸς
845 2354 894 2416 καί
919 2376 992 2421 τινες
1020 2352 1111 2435 ἕτερον
1137 2357 1190 2436 τῆς
1216 2353 1307 2438 αὐτῆς
1333 2354 1475 2439 αἱρέσεως
1499 2356 1552 2438 τὴν

190 2458 319 2521 κατὰτὸ
347 2456 422 2527 εἶδος
444 2456 609 2541 τελειότητα
636 2461 683 2522 καὶ
707 2459 886 2543 ἐντελέχειαν
912 2455 983 2518 καθ’
1006 2455 1112 2537 ἑαυτὴν
1139 2453 1228 2520 οὖσαν
1251 2456 1312 2539 ἅμα
1334 2459 1382 2522 καὶ
1406 2459 1479 2540 μετὰ
1499 2461 1552 2522 τοῦ

191 2564 327 2643 σώματος
356 2561 617 2644 συντεταγμένην*
658 2561 735 2643 quid
761 2561 880 2643 igitur?
909 2579 1017 2625 nonne
1044 2558 1198 2625 credibile
1224 2559 1372 2625 notitiam
1392 2559 1482 2624 illam
1505 2581 1553 2627 re·

190 2670 316 2729 centem
332 2684 372 2729 ex
387 2663 460 2746 ipsa
475 2663 682 2747 Peripatetici
706 2664 818 2731 schola
842 2670 1004 2748 receptam
1027 2662 1122 2729 esse?
1144 2661 1297 2729 credibile
1320 2681 1400 2728 saue
1423 2663 1481 2728 sed
1496 2662 1552 2727 uri·

188 2766 275 2832 nime
298 2765 526 2847 necessarium,
550 2774 585 2830 ut
607 2775 751 2852 praestet
772 2786 856 2850 quae
878 2775 966 2834 certa
988 2773 1063 2832 sunt
1084 2766 1161 2831 inde
1183 2765 1386 2832 concludere.
1423 2766 1552 2851 scripsit

187 2869 301 2934 Ae'tius
323 2891 388 2934 non
411 2874 487 2934 ante
502 2869 693 2955 Augustum,
714 2870 865 2953 idemque
886 2890 952 2935 non
974 2876 1049 2953 post
1067 2868 1259 2952 Antoninos,
1282 2888 1417 2950 quorum
1439 2875 1551 2935 aetate

190 2973 391 3055 excerpsisse
413 2971 542 3036 ridetur
564 2970 768 3038 Plutarchus.
802 2972 966 3055 quaeritur
988 2979 1060 3037 uter
1081 2971 1237 3037 terminus
1259 2971 1392 3057 propius
1406 2971 1448 3037 ab
1463 2972 1551 3037 illius

187 3074 288 3137 natali
313 3073 406 3138 absit.
442 3094 507 3157 qua
528 3074 562 3137 in
585 3093 620 3139 re
642 3093 702 3140 nec
724 3082 790 3140 tam
812 3075 928 3158 inopes
950 3095 1059 3139 sumus
1081 3080 1342 3156 argumentorum
1365 3081 1400 3140 ut
1419 3095 1462 3140 ne
1477 3095 1551 3140 con·

187 3173 343 3238 iecturam
365 3174 494 3258 quidem
517 3175 694 3259 periclitari
716 3177 815 3243 liceat
836 3197 897 3243 uec
919 3185 985 3243 tam
1000 3176 1147 3242 instructi
1163 3196 1184 3240 a
1199 3175 1350 3241 subsidiis
1365 3183 1400 3242 ut
1415 3176 1551 3243 ulterius

186 3276 322 3357 provehi
347 3276 397 3340 ias
419 3277 469 3342 sit.
513 3277 662 3343 nimirum
684 3278 803 3345 frustra
825 3280 909 3344 Aetli
932 3279 1071 3345 rhetoris
1092 3279 1249 3344 memoria
1270 3278 1430 3364 citabitur,
1454 3299 1549 3362 quem

186 3399 217 3460 p.
225 3379 267 3443 49
278 3379 415 3461 Augusti
427 3379 528 3446 aetati
541 3401 714 3466 supparem
723 3381 799 3446 dixi.
816 3382 892 3464 quid
905 3382 990 3448 euim
1002 3381 1123 3447 rhetori
1135 3381 1367 3446 communionis
1376 3401 1447 3446 cum
1460 3381 1550 3446 schc-

187 3480 300 3546 lastico
316 3482 511 3548 Placitorum
535 3491 733 3569 enarratore,
756 3484 817 3549 nisi
840 3483 923 3550 forte
945 3484 979 3548 in
997 3484 1154 3549 materiae
1169 3484 1313 3549 siccitate
1329 3482 1550 3567 dispositionis

185 3583 287 3648 turbis
304 3585 458 3651 orationis
474 3587 619 3653 exilitate
635 3587 788 3653 novitatis
804 3606 877 3651 eum
892 3586 1055 3668 quandam
1071 3585 1208 3668 gratiam
1224 3594 1419 3670 aucupatum
1432 3586 1551 3671 putas?

185 3706 290 3768 neque
313 3708 353 3753 ex
376 3690 573 3772 astrologiae
595 3690 759 3757 mentione
781 3691 809 3755 V
834 3688 873 3753 18
893 3700 908 3752 6
932 3686 985 3770 [ct.
1001 3688 1033 3752 Π
1054 3708 1195 3772 prooem.
1211 3695 1269 3753 τῶν
1291 3687 1548 3776 ἀποτελεσμάτων]

187 3795 327 3854 aetatem
359 3792 540 3856 accuratius
574 3792 879 3860 circumscribamus.
929 3811 1004 3860 nam
1038 3791 1215 3874 astrologia
1249 3792 1308 3857 etsi
1343 3791 1402 3857 sub
1436 3793 1549 3877 primis

261 3979 267 4008 ¹
289 3981 405 4031 Oeellum
424 3980 498 4033 1125
512 3993 535 4030 tc
557 3986 647 4033 omitto
671 3999 747 4047 quem
772 4000 829 4035 eum
846 3983 1001 4036 Plutarchus
1020 3992 1046 4032 et
1063 3982 1242 4033 Theodoretus
1261 3987 1382 4047 ignorent
1398 4000 1415 4034 a
1432 3983 1548 4036 Stobaec

185 4070 312 4118 invectum
331 4085 387 4119 esse
406 4071 548 4134 probabile.
581 4074 671 4136 ignota
690 4081 761 4122 aetas
780 4081 819 4121 est
839 4065 1041 4137 Apollojdort
1059 4070 1198 4135 Corcyraei
1217 4069 1271 4132 [111
1286 4068 1343 4120 128
1360 4073 1468 4121 fortasse
1487 4081 1547 4122 ante

182 4155 346 4219 Pamphilum
365 4161 557 4222 grammaticum
571 4159 667 4209 Athen.
681 4160 721 4209 xl
740 4176 764 4224 p.
779 4157 831 4210 478
843 4158 880 4222 rt],
899 4159 1040 4207 Diotimi
1057 4158 1129 4221 Tyrii
1143 4159 1174 4206 ol.
1187 4158 1220 4207 sd
1232 4158 1260 4207 11
1273 4157 1304 4210 17
1315 4168 1333 4220 c,
1354 4159 1489 4223 Epidici
1502 4156 1547 4222 [i]

181 4241 209 4290 Π
227 4241 244 4291 4
261 4252 281 4292 e.
309 4253 369 4294 aute
394 4247 552 4296 Antiochum
577 4257 616 4298 est
634 4249 827 4311 Timagoras
845 4247 988 4310 Epicureus
1016 4241 1059 4306 [ef.
1085 4244 1139 4295 Cic.
1158 4246 1258 4295 Lucull.
1277 4243 1311 4297 25
1329 4244 1372 4308 ec].
1400 4246 1433 4294 de
1456 4245 1548 4296 Stoico

181 4327 308 4378 Boetho
327 4332 435 4383 ridicule
454 4337 549 4384 erravit
568 4334 691 4384 Cominus
711 4351 735 4399 p.
749 4334 857 4384 XXVII
876 4349 951 4397 quem
969 4342 1070 4383 secutus
1089 4341 1127 4382 est
1144 4331 1264 4381 Beckius.

251 4412 262 4444 ²
282 4417 399 4468 definitio
413 4436 465 4469 ιιοιι
480 4421 573 4481 verbis,
592 4430 659 4471 atre
672 4422 830 4471 Aristotelea
842 4429 888 4471 est.
911 4436 962 4484 quo
974 4423 1056 4484 magis
1074 4419 1226 4481 mirandum,
1245 4420 1314 4483 quod
1334 4422 1435 4470 animae
1454 4421 1547 4472 delini·

183 4504 278 4552 tionem
294 4505 505 4570 eTbeophrastc
518 4523 548 4557 ac
566 4509 651 4558 multis
670 4510 791 4573 deinceps
803 4510 983 4575 Peripateticis
1002 4511 1127 4559 variatam
1147 4525 1198 4558 non
1218 4512 1371 4570 attrectavit,
1390 4525 1447 4557 eum
1460 4518 1546 4559 tamen

181 4605 265 4639 arcem
285 4595 408 4643 naturalis
422 4595 568 4644 Aristotelis
582 4596 722 4656 doetrinae,
742 4596 852 4646 aetheris
870 4598 1010 4647 motionem
1026 4593 1051 4645 έν
1063 4597 1117 4651 ταῖς
1128 4593 1189 4663 πρὸς
1200 4593 1247 4664 τὴν
1259 4594 1376 4663 πέμπτην
1388 4591 1473 4645 οὐσίαν
1485 4595 1546 4647 ἀπο-

180 4675 243 4744 ρίαις
262 4677 389 4744 [Simplic.
403 4681 428 4730 d.
443 4683 506 4731 cael.
519 4699 544 4747 p.
558 4681 586 4732 ll
597 4690 610 4728 tr
622 4681 665 4743 41,
682 4679 731 4731 l‘Zb
743 4680 777 4732 14
787 4682 887 4746 Karst]
905 4686 1088 4747 impugnasset.
1109 4684 1153 4745 qui
1164 4684 1259 4734 fuerint
1271 4681 1315 4734 aci
1333 4699 1396 4739 τινες
1421 4679 1500 4750 ἕτεροι
1518 4686 1545 4733 iu

178 4774 250 4814 tanta
268 4766 358 4816 harum
372 4783 458 4817 rerum
472 4768 627 4818 obscuritate
640 4770 782 4831 ignoratur.
801 4784 858 4818 cum
872 4769 974 4820 Boetho
987 4771 1089 4833 aequali
1102 4771 1276 4836 Peripatetico
1288 4797 1320 4805 -
1333 4786 1394 4820 nam
1408 4778 1543 4834 utrumque

179 4853 278 4900 audiuit
296 4852 389 4902 Strabo
412 4881 440 4890 -
463 4858 591 4906 consentit
609 4858 641 4906 de
661 4858 743 4921 primo
763 4857 909 4922 expetendo
928 4854 1041 4923 [πρῶτον
1059 4855 1149 4907 οἰκεῖον
1168 4859 1245 4908 Alex.
1263 4859 1288 4906 d.
1308 4861 1386 4908 anim.
1411 4855 1543 4922 iteret}

177 4940 222 4987 soc
236 4940 267 4987 de
281 4940 373 4990 licetlri
387 4942 555 5006 psycholcgia
573 4945 637 4995 nibil
658 4953 816 5009 compertum
830 4945 952 4995 babemus
965 4947 1013 4995 nisi
1029 4947 1098 5008 quod
1112 4947 1327 4996 immortalitatem
1347 4948 1427 4997 animi
1445 4944 1542 4996 reiecit.
