3442 5588
643 326 919 376 PROLIIGOMENA
1416 325 1457 388 83

94 512 215 561 novam
225 494 351 561 invexit
362 514 434 560 cum
442 493 554 558 Arium
567 498 600 556 et
607 490 850 558 Athenodorum
862 492 989 558 Stoicos
1001 493 1034 558 in
1046 492 1299 559 familiaritatem
1310 493 1456 577 ιοοορίι.ι

94 604 217 682 quanto
240 595 365 663 honore
389 616 462 662 cum
485 593 704 660 Alexandriae
726 595 858 676 dignum
882 596 1032 679 haberet,
1062 616 1102 661 ex
1126 597 1301 662 Plutarcho
1322 597 1459 678 aliisque

95 699 245 764 vidimus.
290 698 376 764 idem
406 704 522 782 postea
550 695 684 760 consilio
713 696 754 762 de
777 697 974 763 Cacsarione
1001 697 1214 763 interimendo
1241 718 1314 763 eum
1336 696 1459 763 adhibi-

96 810 164 879 tum
179 820 254 866 esse
269 807 391 866 narrat.
407 801 417 832 ⁸
452 820 524 864 cum
540 797 738 881 principatus
753 800 900 866 instituta
915 800 958 864 ad
974 800 1234 865 Ptolemaeorum
1256 799 1372 881 partim
1387 821 1459 864 nor·

97 923 182 969 mam
205 901 301 984 dirigi
324 907 440 984 coepta
455 908 575 983 essent,
591 899 658 964 Arii
674 901 800 984 aliquas
815 909 925 985 partes
940 902 1050 985 inisse,
1073 901 1221 967 conicere
1238 901 1340 982 magis
1362 921 1459 983 quam

96 1006 237 1090 probare
260 1022 441 1088 possumus.
475 999 527 1087 [cf.
544 1001 722 1068 Lumbroso
742 1002 908 1074 recherch.
928 1025 982 1068 sur
1004 1005 1115 1068 l’ecou.
1131 1005 1221 1087 polit.
1238 1004 1279 1069 de
1301 1005 1460 1088 l’llgypte‚

96 1110 208 1175 Tutin.
232 1106 318 1172 1870
339 1125 371 1188 p.
387 1103 459 1168 308.
505 1103 544 1169 G.
567 1104 709 1169 Boissier
731 1105 764 1169 la
786 1105 876 1187 relig.
899 1128 977 1172 rom.
1001 1106 1016 1168 1
1039 1104 1243 1191 p.124sqq.]

184 1208 324 1276 Omnino
351 1205 488 1287 Augusti
515 1206 695 1271 rationibus
728 1208 881 1274 eclectica
902 1229 941 1274 ac
967 1208 1053 1274 mitis
1077 1207 1145 1272 Arii
1174 1208 1380 1293 philosophia
1405 1209 1461 1273 im-

95 1313 210 1400 primis
231 1308 370 1396 probata
393 1313 453 1372 est·
481 1306 603 1373 Caesar
625 1314 735 1374 autern
763 1317 798 1375 ut
820 1318 1000 1376 ceterarum
1022 1311 1139 1376 artium
1165 1311 1211 1375 sic
1233 1311 1460 1395 philosophiae

95 1416 350 1498 haudquaquam
371 1409 509 1490 ignarus
532 1409 643 1476 haberi
660 1411 802 1477 volebat.
845 1433 920 1477 nam
936 1413 1144 1479 Hortationes
1165 1413 1208 1478 ad
1223 1413 1460 1497 philosophiam

96 1519 251 1584 Tulliano
273 1513 412 1578 fortasse
435 1512 584 1595 exemplo
608 1512 799 1597 conseripsit
821 1512 966 1600 [Sueton.
982 1513 1045 1602 85],
1068 1515 1183 1598 quibus
1197 1516 1308 1579 Arium
1331 1536 1461 1580 manum

95 1618 324 1689 commodasse
345 1635 410 1681 non
436 1613 505 1679 veri
526 1613 684 1679 dissimile
712 1622 771 1681 est.
816 1637 877 1682 neo
906 1618 1115 1683 vehementer
1137 1618 1320 1684 reluctahor
1341 1618 1368 1682 si
1390 1618 1462 1700 quis

96 1725 272 1809 Epitomen
304 1718 339 1783 in
371 1715 508 1799 Augusti
542 1736 634 1780 usum
667 1718 848 1784 confectum
885 1718 1109 1802 suspicabitur.
1159 1718 1234 1783 hinc
1265 1721 1461 1803 explicatum

95 1827 262 1912 quendam
285 1819 430 1902 haberet,
454 1818 540 1900 quod
559 1820 693 1901 eclogae
715 1827 790 1883 snut
811 1820 935 1886 minore
957 1821 1068 1887 labore
1089 1821 1196 1885 factae
1220 1840 1280 1885 nec
1302 1822 1345 1886 ad
1360 1822 1462 1904 publi-

95 1955 173 1999 cum
195 1942 345 2015 saporem
367 1921 532 1985 limatae.⁸
576 1942 681 2003 neque
704 1924 847 1989 suhitarii
870 1923 1092 1989 commentarii
1106 1943 1227 1988 morem
1250 1923 1387 1991 dedecet
1409 1925 1462 1990 de-

97 2150 121 2181 c.
141 2136 194 2197 Ap.
216 2133 229 2181 1
248 2129 290 2181 22.
310 2156 344 2166 -
362 2130 564 2181 Theodorum
584 2131 749 2180 Ptolemaeus
767 2116 832 2192 Lagi
851 2129 868 2178 ί.
887 2129 1018 2179 adamavit
1035 2138 1060 2179 et
1082 2131 1206 2192 legationi
1228 2132 1261 2181 ad
1280 2133 1461 2196 Lysimachum

97 2221 236 2285 praefecit.
255 2245 288 2256 -
309 2219 341 2267 de
363 2217 513 2266 Diodoro
540 2217 629 2267 Crono
652 2228 678 2267 ct
700 2217 817 2282 Stilpone
841 2216 909 2280 apud
932 2217 1025 2266 Sotera
1047 2216 1175 2266 fabulatur
1193 2218 1320 2280 quaedam
1338 2220 1417 2281 Diog.
1436 2221 1463 2268 11

101 2305 149 2357 111
171 2322 204 2355 ex
224 2305 377 2355 Callimachi
401 2304 430 2353 ir.
445 2301 488 2354 70.
506 2332 540 2341 -
560 2306 592 2354 de
612 2305 780 2355 Timarcho
800 2304 830 2353 σί.
851 2301 1066 2367 CallIm.ep.10.
1085 2305 1165 2367 Diog.
1188 2302 1285 2356 V195.
1306 2331 1337 2340 -
1357 2307 1461 2356 Pana·

98 2402 149 2441 ret
159 2408 196 2442 ιιι
216 2394 343 2443 Arcesilai
356 2391 494 2455 discipulus
507 2391 540 2440 ab
552 2393 681 2457 Euergete
695 2393 810 2442 alebatur
823 2389 931 2452 [Athen.
945 2389 998 2438 XII
1011 2406 1036 2453 p.
1050 2388 1121 2442 5520
1131 2408 1164 2431 =
1178 2392 1237 2440 Aci.
1250 2392 1322 2442 vll.
1341 2394 1367 2442 11
1380 2392 1417 2455 6.]
1430 2419 1462 2427 -

99 2505 131 2514 -
155 2479 353 2530 Heraclides
371 2478 483 2528 Lembns
501 2479 653 2530 Ptolomaeo
673 2480 842 2530 Philometori
866 2492 956 2542 pacem
981 2493 1038 2526 curn
1062 2477 1194 2527 Antiocho
1218 2479 1354 2543 Epiphane
1378 2483 1463 2529 conei-

98 2568 177 2617 liarit
195 2565 323 2629 [Mueller
334 2565 364 2615 1³.
376 2566 409 2615 H.
421 2565 453 2616 G.
466 2566 509 2615 111
525 2565 595 2629 167}
609 2592 641 2602 -
660 2568 823 2630 Pergameno
836 2566 925 2616 Attalo
940 2573 991 2613 tarn
1005 2573 1123 2629 acceptus
1137 2572 1193 2614 erat
1214 2565 1323 2614 Crates
1342 2568 1463 2616 Mallotes

97 2652 284 2716 [Wadmrnuth
306 2655 338 2703 de
357 2653 426 2703 erac
441 2653 478 2702 M.
497 2671 523 2718 p.
536 2652 565 2717 5]
583 2662 611 2703 nt
629 2654 676 2703 sub
695 2664 802 2704 mortem
820 2655 899 2703 Ennii
912 2653 1022 2702 Romam
1041 2653 1139 2715 legatus
1156 2654 1306 2702 mitteretur.
1326 2655 1463 2717 Pergame-

96 2757 194 2792 norum
214 2744 241 2791 iu
261 2741 432 2791 Academicos
450 2740 536 2790 studia
554 2742 663 2791 illustrat
688 2741 718 2791 C.
736 2740 904 2791 Wachsmuth
928 2740 969 2789 die
993 2738 1068 2790 stadt
1086 2739 1174 2788 Athen
1192 2739 1205 2788 I
1225 2737 1275 2792 636
1299 2741 1329 2789 ci.
1348 2742 1464 2790 Koehler

97 2829 129 2880 C.
150 2830 174 2879 1.
192 2830 226 2879 A.
245 2829 273 2878 11
288 2828 299 2879 1
319 2844 345 2892 ρ.
361 2823 419 2878 183.
440 2852 471 2862 -
492 2827 667 2877 Romanorum
680 2829 806 2877 Aemilius
820 2827 916 2877 Paulus
929 2827 1008 2876 Perse
1026 2827 1128 2874 devicto
1146 2827 1368 2876 Metrodorum
1381 2843 1461 2891 queu-

98 2919 163 2968 dam
181 2917 216 2968 ad
235 2914 391 2967 erudiendos
410 2912 504 2962 liberos
523 2916 657 2965 arcessivit
674 2916 743 2966 Plln.
756 2910 790 2965 35
803 2923 846 2963 135.
867 2941 896 2948 —
917 2914 959 2963 Ti.
979 2911 1111 2964 Gracchus
1130 2912 1160 2962 C.
1179 2913 1312 2963 Blossio
1332 2915 1463 2978 Antipatri

97 3006 229 3069 discipulo
251 3003 413 3054 familiariter
435 3017 496 3050 usus
519 3010 558 3051 est
580 2999 660 3063 [Plut.
678 3002 720 3052 Τί.
738 3001 783 3052 Gr.
801 2999 826 3051 8.
848 2998 887 3049 17.
907 2995 962 3061 10].
986 3000 1190 3050 -Panaetii
1214 3017 1272 3050 cum
1293 3002 1322 3050 P.
1341 3001 1463 3065 Scipione

100 3094 230 3143 Africano
242 3102 306 3141 nota
323 3096 364 3140 est
380 3090 548 3139 consuetudo.
566 3117 589 3125 -
608 3090 743 3140 Posidonii
762 3088 900 3153 discipulos
919 3086 1166 3136 Athenodorum
1179 3089 1333 3137 Tarsensem
1346 3096 1371 3136 et
1383 3086 1463 3136 Cor·

97 3181 271 3245 dylionem
290 3179 357 3228 Cato
370 3178 498 3241 Pergamo
517 3177 626 3227 Romam
639 3192 725 3226 secum
744 3177 826 3226 duxit.
846 3201 877 3209 -
897 3174 990 3225 Cicero
1009 3174 1101 3223 eodem
1114 3174 1191 3223 modo
1204 3175 1381 3224 Diodotum
1394 3174 1463 3225 Stoi·

98 3285 162 3317 cum
180 3272 207 3319 in
227 3266 424 3319 contubernium
437 3265 540 3327 recepit.
556 3289 585 3298 —-
600 3265 710 3313 Lucullo
723 3262 903 3312 Antiochus
915 3263 1046 3312 familiaris
1059 3270 1122 3320 crat,
1141 3262 1232 3311 Pisoni
1246 3262 1464 3320 Philodemus,

98 3357 148 3405 alii
161 3355 284 3407 Graeculi
295 3355 363 3403 aliie.
374 3377 406 3387 -
418 3352 454 3401 de
467 3351 603 3402 NIcolao
622 3352 794 3415 Peripatetico
806 3350 918 3400 HerodIs
931 3350 1022 3412 amico
1033 3349 1064 3397 cI.
1078 3348 1190 3397 Mueller
1207 3349 1315 3399 F.H.G.
1333 3350 1372 3398 IV
1390 3366 1415 3412 p.
1430 3349 1465 3397 II.

101 3469 136 3478 -
157 3445 341 3507 imperatorum
365 3440 397 3489 ab
421 3440 517 3489 intimis
542 3440 655 3488 consiliis
678 3438 849 3502 philosophos
872 3444 1005 3487 enumerat
1023 3434 1053 3484 C.
1072 3434 1101 3483 F.
1121 3436 1252 3485 Hermann
1276 3437 1307 3484 de
1327 3436 1465 3499 Thrasyllo

103 3529 178 3580 eoa
199 3525 268 3581 1851
285 3545 312 3593 p.
325 3527 349 3580 6.
367 3525 553 3576 Priedlaender
571 3526 742 3589 Sittengeach.
760 3522 791 3574 1³
809 3521 861 3575 468
879 3525 922 3574 ΠΙ
940 3519 1000 3575 592.

176 3615 184 3645 ¹
205 3615 280 3666 cmc
292 3615 346 3664 Dio
357 3614 408 3663 LII
421 3610 455 3665 36
468 3620 480 3659 ⁴
492 3614 520 3661 in
533 3612 691 3662 Maecenatis
704 3612 737 3662 ad
751 3614 895 3675 Augustum
908 3612 1037 3659 oratione:
1057 3602 1131 3674 Ἀριί
1136 3623 1168 3657 ου
1181 3607 1225 3658 καὶ
1237 3604 1409 3677 Ἀθηνοδώρου
1421 3626 1467 3659 κα·

101 3701 159 3753 λῶν
175 3702 221 3754 καί
237 3697 341 3771 ἀγαθῶν
354 3697 450 3768 ἀνδρῶν
463 3696 607 3765 πεπείρασαι
625 3694 680 3748 κτλ
708 3701 790 3750 Marc.
803 3700 892 3749 Aurei.
906 3697 972 3747 VIII
986 3694 1017 3747 31
1047 3698 1166 3761 συγγενεῖς
1179 3693 1265 3746 elacior
1277 3694 1343 3764 φίλοι
1354 3693 1468 3765 Ἄρειος

103 3784 242 3857 Μαικήνας
261 3782 439 3856 arpellum
469 3787 533 3835 mIre
552 3786 610 3834 Ael.
630 3786 684 3834 VH
704 3787 758 3836 XII
777 3783 810 3837 25
829 3779 970 3839 Λιόκολλος
988 3779 1112 3850 Ἀντιόχου
1135 3798 1160 3832 τι
1178 3779 1261 3833 ὤνατο
1279 3786 1324 3834 τοῦ
1342 3780 1467 3834 Ἀσκαλω-

100 3875 173 3928 νίτου
192 3876 237 3928 καί
256 3869 428 3942 Μαικήνας
444 3868 557 3940 Ἀρείου
576 3872 619 3923 καί
639 3866 757 3940 Κικέρων
775 3868 939 3922 Ἀπολλωνίου
958 3871 1000 3922 καὶ
1019 3867 1033 3920 δ
1051 3865 1175 3937 Σεβαστός
1192 3866 1372 3939 Ἀθηνοδώρου.
1400 3872 1468 3921 unde

99 3967 244 4025 emveric,
264 3965 328 4015 eatis
350 3969 428 4024 patet.
458 3961 552 4010 callido
579 3961 664 4010 studio
687 3963 745 4011 Arii
769 3963 919 4010 memoriam
937 3961 1001 4009 ίοιίι
1021 3959 1178 4010 Themistius
1197 3975 1235 4008 cr.
1255 3960 1279 4008 V
1297 3977 1322 4024 p.
1336 3956 1378 4021 75,
1391 3956 1469 4009 231).

99 4047 171 4101 οὕτω
192 4049 238 4100 καί
256 4047 280 4098 ol
303 4046 408 4115 πατέρας
430 4048 476 4114 τῆς
499 4048 545 4114 σῆς
568 4044 690 4114 βασιλείας
709 4046 830 4111 [lovianil
850 4045 910 4101 τοὺς
928 4043 1060 4113 προγόνους
1078 4039 1171 4111 ταόιης
1188 4046 1234 4112 τῆς
1252 4046 1342 4114 τέχνης
1361 4047 1470 4113 προῆγον

98 4134 276 4206 τὸνἈριιον
294 4133 388 4185 terrm
401 4131 414 4184 δ
426 4128 559 4201 Σεβαστός,
577 4130 590 4183 ό
609 4128 721 4202 Τιβέριος
739 4132 781 4184 τὸν
801 4128 935 4201 Θραοίλον,
954 4128 1074 4200 Τραιανδς
1086 4129 1099 4182 ό
1112 4132 1188 4199 μέρος
1205 4128 1288 4184 Δίωνα
1305 4131 1347 4183 τὸν
1366 4135 1473 4200 χρυσοῦν

98 4223 147 4292 τὴν
170 4222 305 4292 γλῶτταν,
328 4220 372 4273 τόν
394 4215 548 4288 Ἐπίκτητον
571 4217 609 4270 τὼ
628 4216 671 4269 tto
690 4216 826 4271 Ἀντωνίνω
851 4222 881 4270 σί.
905 4236 942 4269 οι.
961 4221 1065 4270 XXXV
1091 4237 1116 4283 ρ.
1129 4216 1191 4281 151,
1206 4218 1222 4271 5
1240 4230 1266 4269 et
1285 4222 1323 4269 XI
1342 4237 1368 4284 p.
1384 4217 1471 4280 173,3

97 4308 168 4361 καλὰ
188 4309 235 4377 μὲν
253 4307 285 4377 δὴ
304 4309 348 4360 καί
366 4309 398 4359 τὰ
416 4303 542 4360 Φιλίππου
560 4305 595 4364 τίς
612 4303 781 4377 Ἀριστοτέλην
800 4310 844 4360 καί
861 4306 893 4358 τὰ
910 4303 1066 4373 Ἀλεξάνδρου
1084 4303 1118 4360 τίς
1136 4300 1295 4375 Ξενοκράτην
1313 4305 1356 4356 καί
1373 4305 1405 4356 τοί
1426 4308 1472 4356 τοῦ

96 4393 231 4464 Σεβαστοῦ
254 4395 288 4454 είς
309 4392 426 4464 Ἀρειον
444 4394 487 4446 καί
506 4391 551 4446 όσα
570 4390 691 4461 Τραιανὸς
710 4393 744 4451 τίς
766 4390 851 4445 Δίωνα
870 4390 1008 4453 ἐπεδείξατο
1027 4391 1070 4443 καί
1094 4388 1139 4443 όσα
1162 4388 1274 4461 Τιβέριος
1292 4393 1326 4450 τίς
1344 4390 1472 4461 Θρασόλον

97 4484 143 4536 καί
160 4482 245 4536 ὁπόσα
264 4479 370 4551 Μάρκος
392 4482 426 4540 είς
444 4478 544 4542 Σέξτον·
573 4480 664 4534 loculo
687 4480 713 4533 δὲ
736 4480 773 4534 ἔτι
791 4483 834 4534 καί
852 4481 883 4533 τὰ
901 4484 946 4533 τοῦ
966 4478 1098 4548 ἐπωνίμου
1118 4480 1245 4545 [Ioviani]
1264 4479 1325 4550 πρὸς
1343 4479 1386 4531 τόν
1404 4498 1471 4549 τηνι-

96 4575 183 4623 καῦτα
201 4569 388 4640 φιλοσοφοῦντα
407 4568 433 4620 a
446 4565 585 4639 Βυζαντίῳ.
614 4573 645 4621 ci.
667 4574 693 4621 Χ
711 4589 735 4636 p.
753 4568 811 4630 155,
827 4569 866 4621 19.

171 4657 302 4710 ²Antan.
315 4658 348 4711 81
370 4655 549 4725 βουλευομένου
565 4655 591 4708 δὲ
609 4652 736 4725 Καίσαρος
753 4652 843 4724 Ἀρειον
861 4655 936 4708 εἰπεῖν
955 4654 1065 4724 λέγουσιν
1084 4651 1144 4705 ὀὐκ
1163 4650 1256 4722 dachic
1274 4651 1473 4723 colnacrocpia'.

172 4745 317 4798 ⁸coniecti
340 4758 426 4797 tamen
450 4754 535 4811 potest
556 4747 701 4796 Alexandri
720 4745 893 4809 Polyhistoris
921 4746 1062 4804 industria,
1088 4744 1131 4804 qui
1154 4751 1180 4791 ct
1203 4744 1258 4805 ipse
1280 4744 1340 4791 durn
1364 4744 1473 4792 aliorum

96 4836 206 4898 eclogae
224 4835 278 4884 iere
295 4836 443 4884 innumeras
461 4834 559 4896 colligit
577 4850 624 4882 sno
646 4834 741 4882 iudicio
762 4834 803 4881 vel
823 4834 947 4882 orationis
967 4840 1059 4881 ornatu
1078 4832 1115 4879 uti
1133 4829 1239 4878 nolebat
1258 4831 1288 4880 ci.
1307 4831 1328 4881 I.
1342 4830 1473 4880 Pranden-

96 4922 155 4971 thal
174 4922 275 4971 hellen.
296 4920 370 4971 Stud.
391 4921 404 4970 I
423 4917 454 4970 tl
467 4935 507 4982 sq.

1223 5001 1274 5065 6*
