3464 5586
253 330 316 393 150
575 330 614 378 XI
649 329 699 378 na
719 326 915 378 HIPPOLYTI
933 320 1281 377 PHILOSOPHUMENIS

338 497 581 563 Memorabilem
608 495 696 561 naoti
722 513 832 560 sumus
860 490 1063 573 memoriam,
1093 487 1152 554 sed
1172 506 1257 571 quae
1278 507 1382 554 noras
1403 488 1611 572 quaestiones

254 600 381 667 excitet.
419 599 601 667 Heraclidis
623 596 736 664 Lembi
760 595 923 680 epitomen
944 613 1010 659 non
1031 590 1283 673 intellegendam
1310 609 1383 657 esse
1404 590 1553 673 quamvis
1574 589 1612 657 ti·

254 704 341 769 tulus
363 702 524 786 discrepet
545 708 633 768 recte
647 704 740 766 vetat
755 695 929 764 Usenerus.
962 713 1038 759 nam
1059 691 1159 757 mirus
1181 700 1267 758 esset
1288 712 1393 777 casua
1415 692 1442 758 si
1466 690 1611 759 eiusdem

254 804 393 870 nominis
414 804 544 887 ignotus
566 802 702 886 scriptor
724 800 758 865 in
780 798 918 867 eandem
939 794 1107 863 materiam
1128 793 1309 878 incidisset,
1335 813 1400 877 qua
1421 793 1613 863 Heraclides

254 905 395 971 Lembos
411 905 547 987 gloriam
562 904 624 971 sibi
639 901 774 988 peperit.
802 898 860 967 sed
875 898 1113 983 Pythagoricus
1126 895 1187 962 luit
1200 896 1262 971 iste
1275 895 1476 964 Heraclides.
1502 896 1613 964 itane?

255 1028 315 1074 nos
337 1007 486 1074 Heolxero
508 1007 646 1074 libenter
676 1002 915 1069 credideramus
936 999 1186 1085 Peripateticum
1213 1016 1287 1065 esse
1308 997 1489 1067 conicienti.
1533 999 1612 1084 quid

256 1110 353 1193 igitur
374 1109 408 1174 in
423 1109 553 1194 Ioseppi
575 1105 731 1175 memoria
745 1104 847 1171 latet?
868 1109 996 1169 constat
1009 1101 1229 1170 Alexandriae
1246 1100 1478 1170 intermortuae
1493 1102 1614 1188 Pytha-

256 1231 376 1295 goreae
398 1210 625 1295 philosophiae
647 1208 737 1274 velut
758 1205 917 1290 igniculos
940 1225 1012 1272 esse
1033 1211 1188 1271 servatos.
1231 1223 1336 1287 pauca
1358 1210 1392 1271 et
1413 1204 1552 1272 obscura
1571 1204 1613 1271 de

255 1313 307 1380 bis
329 1321 407 1379 nota
429 1319 504 1378 sunt
525 1309 575 1399 [of.
598 1311 706 1378 Zeller
726 1311 775 1375 III
798 1311 828 1392 2,
851 1308 892 1373 83
914 1307 1029 1373 Rohde
1050 1307 1106 1373 Gr.
1128 1307 1220 1372 Rom.
1241 1303 1304 1393 61].
1346 1312 1444 1390 atque
1465 1307 1613 1373 oemulto

256 1416 318 1500 ipsi
340 1436 400 1481 sua
422 1414 529 1481 studia
552 1415 677 1482 celasse
699 1412 858 1478 videntur.
893 1429 968 1475 uam
990 1408 1144 1475 librorum
1165 1407 1291 1474 fabrica
1312 1428 1371 1493 per
1390 1407 1538 1474 fraudem
1552 1409 1615 1494 Py·

258 1516 415 1599 thagorae
442 1517 640 1583 subditorum
669 1521 745 1579 tuuc
773 1512 885 1595 rigere
913 1511 1028 1595 coepit.
1073 1517 1161 1577 certe
1185 1510 1297 1577 uitium
1323 1530 1354 1577 a.
1377 1509 1453 1577 (ihr.
1483 1511 1614 1578 saeoqu

258 1637 342 1702 quae
364 1617 469 1683 subito
492 1625 660 1700 emergunt
682 1612 967 1700 pseudepigrapha
989 1613 1269 1699 Pythagoreorum
1290 1613 1411 1697 scripta
1432 1612 1614 1679 Stoicorum

259 1728 293 1786 et
308 1719 597 1802 Peripateticorum
618 1716 765 1784 doctrina
786 1716 925 1799 differta,
947 1716 1064 1799 partim
1086 1716 1150 1781 iam
1174 1722 1272 1781 antea
1293 1715 1460 1799 aliquanto
1474 1715 1616 1782 Alexan-

260 1809 351 1888 driae
375 1820 561 1887 circumlata
583 1839 656 1887 esse
676 1819 746 1886 veri
768 1825 818 1884 est
843 1816 1072 1884 simillimum¹
1116 1817 1151 1882 in
1172 1838 1212 1884 eo
1234 1815 1457 1883 tenebrionum
1479 1837 1615 1886 numero

259 1922 465 1989 Heraclidem
486 1922 599 1988 habuit
613 1922 779 1989 Usenerus
795 1920 958 1986 Laertium
972 1920 1050 1985 VIII
1066 1921 1083 1984 l
1107 1917 1355 1985 malevolentius
1368 1919 1615 2003 interpretatus:

257 2027 328 2111 φησὶ
349 2024 374 2088 δ’
398 2024 586 2108 Ἡρακλείδης
608 2028 624 2089 ὁ
647 2030 697 2089 τοῦ
713 2023 901 2109 Σαραπίωνος
916 2023 946 2086 ἐν
961 2028 999 2105 τῇ
1015 2022 1167 2092 Σωτίωνος
1188 2023 1313 2105 ἐπιτομῇ
1334 2023 1504 2108 γεγραφέναι
1526 2023 1615 2088 αὐτὸν

257 2128 306 2191 καὶ
333 2128 398 2211 περὶ
426 2130 477 2190 τοῦ
499 2128 569 2191 ὅλου
590 2128 620 2191 ἐν
643 2127 738 2191 ἔπεσι·
768 2127 900 2210 δεύτερον
922 2126 970 2187 τὸν
993 2125 1069 2208 ἱερὸν
1091 2125 1176 2206 λόγον
1197 2124 1232 2188 οὖ
1255 2126 1274 2207 ἡ
1297 2126 1377 2210 ἀρχή
1394 2125 1435 2188 ‘n
1457 2126 1518 2190 νέοι
1539 2127 1616 2191 ἀλλὰ

257 2229 381 2313 σέβεσθε
408 2227 475 2310 μεθ’
504 2229 630 2314 ἡσυχίης
652 2231 720 2293 τάδε
750 2226 864 2303 πάντά,
886 2227 979 2310 τρίτον
1000 2227 1065 2310 περὶ
1088 2230 1201 2311 ψυχῆς,
1226 2224 1361 2309 τέταρτον
1381 2228 1445 2311 περὶ
1467 2226 1616 2313 εὐσεβείας

258 2331 387 2411 πέμπτον
405 2328 555 2415 Ἡλοθαλῆ
577 2333 626 2394 τὸν
646 2329 835 2415 Ἐπιχάρμου
856 2334 907 2392 τοῦ
924 2326 1014 2392 Κάνου
1036 2328 1157 2411 πατέρα,
1180 2327 1263 2392 ἕκτον
1279 2325 1421 2412 Κράτωνα
1435 2329 1485 2392 aul
1499 2329 1615 2400 ἄλλους.

257 2434 306 2495 τὸν
329 2432 362 2494 δὲ
384 2434 520 2513 μυστικὸν
542 2433 626 2515 λόγον
645 2431 781 2497 Ἱππάσου
803 2432 890 2518 φασίν
912 2430 984 2494 εἶναι
1005 2429 1200 2515 γεγραμμένον
1221 2430 1270 2494 ἐπὶ
1291 2432 1414 2516 διαβολῇ
1430 2430 1616 2517 Πυθαγόρου,

257 2535 382 2603 πολλοὺς
404 2535 437 2598 δὲ
459 2536 507 2599 καὶ
531 2537 587 2598 ὑπὸ
603 2533 747 2605 Ἄστωνος
768 2539 820 2598 τοῦ
843 2532 1045 2618 Κροτωνιάτου
1067 2532 1225 2617 γραφέντας
1247 2534 1422 2618 ἀνατεθῆναι
1445 2534 1616 2619 Πυθαγόρᾳ.

258 2634 450 2701 ‘vaferrime'
472 2637 520 2702 ait
541 2636 686 2720 ‘perfidia
706 2637 863 2702 nonnulla
885 2634 1092 2720 Pythagorae
1114 2641 1393 2702 monumentorum
1420 2657 1494 2703 eum
1515 2636 1617 2704 addu-

258 2737 378 2804 bitasse
401 2760 464 2821 quo
486 2737 613 2804 facilius
635 2758 710 2804 suos
731 2738 817 2805 fetus
844 2737 1002 2822 genuinos
1028 2736 1233 2821 praedicaret
1256 2737 1518 2823 Ptolomaeisqne
1539 2760 1616 2807 ven·

257 2838 392 2905 deret.'¹
427 2839 543 2906 iudicis
564 2839 711 2908 fraudem
733 2842 868 2908 forsitan
891 2847 978 2907 recte
994 2837 1196 2924 perspexerit
1210 2837 1346 2922 Usener,
1368 2846 1533 2907 auctorem
1547 2863 1615 2909 non

258 2943 431 3027 perspexit.
476 2943 554 3026 quid
584 2943 669 3010 enim
695 2943 900 3010 Heraclidem
926 2941 1014 3026 apud
1040 2961 1150 3024 regem
1173 2960 1298 3006 summa
1319 2941 1426 3024 gratia
1446 2941 1615 3011 florentem

257 3051 290 3111 et
312 3045 450 3127 negotiis
471 3046 518 3111 ita
540 3053 740 3131 occupatum,
762 3052 798 3112 ut
819 3043 1094 3129 Agatharchidem
1116 3043 1275 3109 alitteris
1297 3042 1446 3129 haberet,
1474 3046 1616 3113 movisse

257 3147 377 3230 credis,
406 3153 441 3210 ut
461 3146 545 3212 tristi
568 3147 680 3214 mallet
702 3148 836 3215 fallendi
859 3147 966 3213 studio
988 3147 1170 3212 nummulos
1192 3146 1253 3212 sibi
1274 3145 1405 3213 facere?
1437 3147 1515 3229 qnid
1535 3168 1615 3215 vero

257 3248 344 3330 cogit
368 3255 403 3313 ut
429 3248 597 3314 falsarium
624 3269 720 3332 quam
746 3248 863 3315 falsum
886 3249 995 3333 potius
1016 3248 1207 3316 credamus?
1238 3247 1334 3315 immo
1356 3249 1461 3316 forma
1481 3250 1615 3317 indiculi

257 3350 448 3433 scriptorum
470 3349 570 3415 initiis
591 3351 738 3417 instructi
761 3352 876 3417 suadet
892 3357 927 3416 ut
941 3351 1184 3418 Alexandrinae
1198 3351 1415 3418 bibliothecae
1430 3355 1614 3436 catalogum

257 3455 443 3534 excerptum
465 3451 667 3518 arbitremur.
700 3452 763 3519 hoo
784 3452 827 3518 ad
842 3452 1053 3537 Hermippum
1068 3452 1315 3521 Callimachium
1336 3453 1471 3536 digitum
1486 3454 1614 3522 videtur

256 3553 434 3638 intendere,
447 3554 500 3637 qui
512 3555 732 3639 praeceptoris
743 3555 963 3639 Pythagorica
974 3556 1081 3621 studia
1093 3554 1144 3642 [cf.
1156 3556 1297 3622 Hcokeri
1310 3577 1423 3622 comm.
1437 3556 1478 3622 de
1489 3556 1613 3623 anthol.

256 3781 392 3843 scripserit.
420 3781 546 3842 reliquam
565 3781 760 3846 discrepantiam
779 3783 878 3830 omitto.
898 3781 987 3830 ultima
1004 3782 1040 3830 sic
1053 3784 1165 3831 correxit
1177 3782 1307 3832 Usenerus
1326 3780 1352 3832 ίν
1369 3787 1407 3849 τῷ
1424 3783 1471 3849 τῆς
1489 3779 1543 3849 περὶ
1561 3784 1614 3831 τῶν

256 3865 282 3916 lu
302 3864 444 3933 φιλοσόφοις
462 3863 581 3935 αΙρίσιων
599 3865 766 3934 πραγματείας
785 3863 862 3917 αὐτοῦ
882 3862 977 3933 βιβλίῳ.
1015 3867 1103 3916 videro
1123 3868 1154 3917 de
1173 3867 1413 3934 hisiulrap.152.

330 3951 409 4002 ¹alia
436 3969 498 4003 sane
527 3956 605 4005 etism
627 3962 717 4021 postea
740 3955 773 4006 sd
796 3955 886 4004 Iubsrn
908 3968 995 4016 rogem
1018 3955 1159 4005 fallendum
1181 3956 1243 4005 fleta
1267 3956 1386 4006 ridentur
1422 3957 1453 4006 of.
1476 3956 1564 4007 David
1586 3959 1613 4006 iu

255 4042 335 4090 schol.
354 4041 450 4091 Brund.
469 4056 493 4104 p.
507 4038 559 4091 28·
576 4040 615 4093 13.

326 4124 336 4156 ²
355 4128 427 4178 addit
444 4130 461 4178 1.
481 4143 503 4178 c.
521 4145 547 4194 p.
559 4125 612 4179 433
630 4125 671 4178 ich
689 4126 786 4189 declae,
814 4128 863 4177 wir
887 4126 973 4178 hohen
991 4127 1050 4178 hier
1068 4127 1145 4178 einen
1164 4126 1213 4178 dar
1231 4127 1456 4179 dunkelmucnner
1473 4128 1540 4180 heim
1555 4127 1612 4180 Nu·

255 4229 322 4274 men,
342 4212 385 4263 die
403 4230 450 4264 cor
463 4212 617 4264 Alexander
632 4211 785 4280 Polybistor
803 4214 884 4265 durch
903 4214 947 4266 die
965 4214 1135 4282 oerorehrunp
1153 4214 1202 4266 der
1219 4214 1458 4282 Pythuyores'sehen
1481 4215 1613 4267 litteratus·

255 4299 311 4350 sich
329 4301 444 4368 corniger
463 4301 584 4353 cerdient
602 4300 644 4350 ule
662 4300 793 4351 cerdr'ense
812 4317 845 4351 zu
862 4302 970 4353 enuclea
987 4301 1099 4352 bernabe
1116 4317 1215 4354 waren.
1246 4312 1357 4354 ceterum
1376 4305 1541 4354 Heraclidem
1558 4307 1612 4357 for·

254 4398 321 4439 tasse
340 4397 441 4439 secutus
460 4397 499 4439 est
516 4388 668 4439 Alexander
685 4390 712 4438 ln
731 4390 794 4440 vitu
813 4390 937 4451 Plutonis,
956 4391 1074 4440 simodo
1093 4400 1161 4440 recte
1179 4391 1276 4441 Laertii
1295 4392 1336 4442 III
1353 4389 1370 4442 5
1387 4393 1511 4442 emendo:
1530 4389 1613 4460 ίφιλο·

255 4475 323 4544 σόφιι
341 4473 368 4527 ul
385 4473 432 4543 τὴν
450 4473 531 4545 ἀρχὴν
549 4473 575 4527 ίν
592 4470 731 4543 Ἀκαδημία
748 4473 801 4527 ιῐτα
819 4475 845 4527 ἐν
862 4481 898 4542 τῷ
918 4473 994 4543 κήπῳ
1011 4479 1049 4543 τῷ
1072 4475 1139 4543 παρὰ
1156 4474 1198 4527 τὸν
1217 4471 1339 4529 Κολωνόν
1357 4476 1393 4536 ὥς
1411 4493 1485 4548 φησιν
1503 4475 1613 4540 ’liliisn-

252 4559 308 4628 δρας
331 4560 357 4611 lu
381 4559 512 4630 Διαδοχαῖς
534 4561 602 4614 κατὰ
620 4558 782 4632 Ἡρακλείδην
800 4558 1084 4631 [νυ1φοἩράτιλιιτον].
1121 4581 1276 4629 quamquam
1294 4568 1456 4618 Heraclidem
1475 4570 1614 4621 Ponticum

254 4650 381 4712 quispiam
400 4651 550 4713 intellegere
569 4653 658 4716 possit.
682 4652 771 4701 eadem
791 4651 915 4702 dubitatio
935 4652 966 4702 de
985 4653 1160 4702 Heraclide
1179 4669 1254 4716 quem
1273 4656 1305 4704 de
1323 4655 1439 4705 fabarum
1457 4656 1614 4708 abstirmmis

253 4735 479 4799 Pythagoreorum
501 4739 643 4788 tabulatum
667 4739 728 4788 dicit
745 4740 809 4804 Lyd.
829 4740 854 4788 d.
874 4754 953 4789 meus.
971 4742 1012 4790 lv
1028 4759 1053 4806 p.
1067 4738 1109 4802 68,
1126 4739 1166 4791 19.
1203 4756 1279 4804 qnam
1301 4758 1356 4793 rem
1378 4760 1435 4793 oum
1460 4745 1613 4797 Alexander

253 4825 335 4885 tangit
352 4825 439 4874 Laert.
458 4824 537 4888 Diog.
556 4827 623 4876 VIII
641 4823 683 4887 34,
703 4828 869 4876 Aristotelem
889 4828 957 4876 citat.
986 4829 1101 4889 sequitur
1118 4829 1187 4893 apud
1206 4830 1306 4893 Lydum
1324 4831 1451 4896 Diogenis
1469 4831 1502 4884 de
1520 4832 1612 4883 eadem

253 4925 279 4958 re
299 4911 398 4972 epieto,
417 4910 449 4959 de
468 4925 521 4974 qua
538 4912 569 4962 of·
588 4912 713 4963 adnotata
730 4915 763 4964 sd
782 4914 915 4980 Hippolyt.
934 4914 947 4963 1
966 4911 1031 4966 21⁴.
