3464 5586
180 307 244 370 220
411 310 491 360 xvrr
527 311 577 360 nn
597 309 842 361 vanusrorruu
862 311 1098 363 Puucrronuu
1116 309 1296 362 reuersus

181 477 371 561 Epicurum,
403 477 457 560 qui
483 496 616 562 prorsus
643 477 807 542 contraria
828 477 961 544 tradidit
984 478 1023 545 ei.
1045 479 1089 545 IV
1109 480 1151 545 23
1170 478 1209 543 a?
1245 477 1349 545 levius
1376 485 1427 545 est
1453 478 1540 564 quod

180 580 290 644 1134
313 579 453 664 Epicuro
480 578 660 646 doctrinam
686 578 859 663 adscripsit
886 599 969 663 quae
996 580 1172 647 Metrodori
1199 579 1300 646 fnisse
1326 580 1465 647 ridetur.
1499 581 1539 649 ct.

179 680 288 748 Hirzel
310 681 494 749 untersueh.
511 684 526 748 I
545 684 584 748 17
595 678 617 748 ².

265 784 502 868 Theophrastei
525 784 597 850 libri
620 783 745 850 semina
768 803 865 868 qnam
887 784 953 851 late
967 783 1144 867 antiquitus
1159 803 1275 870 sparsa
1297 793 1416 872 essent,
1439 807 1540 874 saepe

181 885 257 951 diui.
304 906 381 970 ergo
404 893 440 952 ut
462 887 530 953 veri
558 885 662 952 simile
690 893 739 951 est
762 885 959 952 Placitorum
989 885 1147 953 conditori
1174 887 1280 971 ipsum
1307 886 1425 955 libmm
1452 889 1542 957 hand

180 987 379 1071 incognitum
401 989 517 1073 finisse,
550 989 640 1054 ouius
662 990 822 1057 rationem
849 988 1032 1054 universam
1059 987 1252 1074 imitaretur,
1279 989 1326 1055 ita
1348 1012 1413 1057 non
1435 991 1541 1059 minus

180 1098 308 1156 constat
329 1093 519 1175 plerumque
542 1092 609 1157 alia
630 1091 764 1157 flumina
785 1089 1038 1173 Theophrastus
1062 1090 1173 1156 rivulis
1188 1091 1323 1174 irrigata
1338 1093 1452 1161 eodem
1467 1115 1542 1161 con·

179 1190 321 1258 fluxisse.
354 1194 444 1258 velut
465 1192 681 1278 Xenophanis
704 1193 813 1277 opinio
836 1212 933 1276 quam
952 1211 1052 1277 saepe
1073 1191 1164 1275 tetigi
1179 1193 1211 1258 Π
1226 1193 1269 1257 20
1286 1202 1302 1255 3
1324 1195 1492 1283 Ξενοφάνης
1507 1199 1541 1263 ἐκ

181 1300 276 1380 νεφῶν
302 1296 521 1380 πεπυρωμένων
547 1296 620 1361 εἶναι
647 1299 695 1361 τὸν
722 1298 804 1382 ἥλιον
832 1294 1017 1380 Θεόφραστος
1044 1295 1075 1359 ἐν
1101 1299 1161 1365 τοῖς
1186 1295 1325 1367 Φυσικοῖς
1346 1298 1485 1386 γέγραφεν
1508 1301 1542 1365 ἐκ

181 1399 319 1480 πυριδίων
343 1399 395 1480 μὲν
418 1403 478 1462 τῶν
501 1399 770 1486 συναθροιζομένων
792 1397 852 1482 (ἐκ)
866 1401 918 1481 τῆς
936 1399 1023 1483 ὑγρᾶς
1039 1398 1272 1480 ἀναθυμιάσεως,
1296 1401 1542 1486 συναθροιζόντων

180 1501 213 1562 δὲ
235 1502 284 1563 τὸν
306 1503 388 1584 ἥλιον
410 1501 536 1566 duobus
564 1501 773 1586 scriptoribus
801 1500 993 1583 deprompta
1015 1506 1074 1566 est.
1108 1519 1173 1564 una
1194 1500 1341 1584 vulgaris
1362 1510 1412 1569 est
1433 1504 1542 1572 simili-

181 1608 294 1684 terque
308 1622 347 1667 ae
361 1604 393 1667 11
410 1605 450 1668 13
469 1614 501 1665 14
520 1605 687 1690 Ξενοφάνης
702 1600 813 1690 [astra]
829 1604 863 1667 ἐκ
877 1606 973 1687 νεφῶν
987 1601 1204 1686 πεπυρωμένων
1219 1608 1380 1686 concepta
1395 1607 1414 1690 ¹,
1437 1607 1542 1675 altera

181 1704 224 1768 ad
257 1705 359 1788 ipsius
392 1706 608 1791 Theophrasti
641 1705 778 1771 formam
810 1725 892 1771 voce
924 1702 1088 1789 πυριδίων
1121 1703 1327 1788 conspicuam
1363 1703 1414 1793 [cf.
1442 1727 1542 1794 supra

181 1830 211 1892 p.
229 1805 322 1894 158¹]
345 1807 517 1891 diligenter
540 1814 664 1875 exacta.
709 1827 781 1873 eum
802 1805 1015 1891 Xenophanis
1044 1806 1146 1890 ipsius
1167 1825 1275 1890 paene
1296 1806 1398 1890 ignoti
1420 1810 1542 1878 fuerint

180 1910 359 1992 antiquitus
380 1929 507 1993 versus,
536 1911 702 1992 vulgarem
728 1910 915 1976 memoriam
945 1927 986 1974 en
1014 1908 1136 1975 eisdem
1164 1907 1377 1992 Opinionibus
1404 1912 1539 1980 libatam

181 2019 287 2096 teneo,
310 2011 369 2076 sed
392 2031 450 2095 per
472 2013 581 2096 plures
603 2032 719 2078 manus
741 2018 964 2097 propagatam.

269 2113 367 2179 Cuius
401 2115 529 2198 generis
560 2116 745 2199 exemplum
774 2137 805 2198 p.
822 2115 885 2179 180
911 2113 1016 2198 tetigi,
1047 2113 1102 2179 ubi
1128 2112 1361 2180 Anaximandri
1388 2115 1541 2183 iudicium

182 2216 463 2300 Theophrasteum
487 2219 572 2283 133
592 2237 650 2301 per
672 2215 884 2300 biographum
901 2214 995 2280 telio
1010 2214 1163 2280 traditum
1186 2214 1263 2280 diri.
1295 2216 1354 2282 sed
1376 2217 1474 2284 etiam
1490 2240 1544 2287 vc·

182 2327 269 2386 tusta
293 2320 418 2386 Placita
448 2320 490 2386 de
517 2318 683 2403 principiis
711 2319 816 2401 egisse
842 2323 1095 2384 consentaneum
1117 2324 1177 2383 est.
1222 2318 1308 2384 unde
1330 2321 1472 2387 maxima
1492 2328 1543 2389 est

182 2425 341 2491 dubitatio
365 2423 408 2488 de
432 2421 629 2505 singulorum
651 2420 864 2504 capitulorum
888 2419 1021 2504 origine,
1045 2438 1116 2484 cum
1137 2419 1384 2505 Theophrastea
1404 2423 1464 2490 etsi
1486 2425 1543 2490 ad·

181 2547 333 2611 gnoseos,
365 2531 436 2590 uter
463 2522 633 2589 tradiderit
659 2521 850 2604 ambigatur.
895 2522 984 2588 velut
1006 2522 1091 2587 tetii
1121 2522 1334 2608 biographum
1360 2523 1482 2592 fontem
1506 2526 1543 2593 in

181 2629 317 2694 Thalete
345 2625 473 2710 repperi
501 2646 531 2708 p.
550 2626 622 2690 179.
660 2624 765 2708 pergit
786 2624 802 2688 I
823 2625 842 2689 3
864 2634 875 2685 l
900 2628 1073 2711 στοχάζεται
1103 2627 1136 2689 δὲ
1162 2628 1195 2690 ἐκ
1223 2628 1326 2691 τοὺτου
1354 2632 1469 2712 πρῶτον
1497 2630 1542 2694 ὅτι

180 2736 294 2796 πάντων
316 2736 373 2793 τῶν
397 2726 484 2815 ζῴων
509 2731 528 2811 ἡ
551 2729 621 2812 γονὴ
644 2729 724 2812 ἀρχή
747 2728 824 2791 ἐστιν
847 2727 919 2811 ὑγρὰ
942 2726 1028 2792 οὑσα·
1052 2730 1145 2799 οὑτως
1167 2729 1244 2800 εἰκὸς
1266 2731 1314 2794 καὶ
1336 2730 1372 2794 cd
1394 2733 1487 2795 πάντα
1509 2730 1540 2801 lt

180 2838 267 2918 ὑγροῦ
290 2836 342 2917 τὴν
365 2833 461 2917 ἀρχὴν
485 2829 574 2916 ἔχειν.
608 2831 740 2914 θεὺτερον
770 2831 813 2893 ὑτι
835 2831 929 2893 πάντα
949 2829 986 2892 τὰ
1008 2831 1084 2914 φυτά
1107 2833 1184 2917 ὑγρῷ
1208 2833 1342 2918 τρέφεται
1364 2834 1413 2897 καὶ
1433 2857 1539 2919 ιιαρπο-

179 2941 278 3021 φορεῖ,
304 2917 479 3020 ἀμοιροῦντα
508 2935 540 2996 δὲ
568 2933 744 3018 ξηραίνεται,
770 2933 863 3016 τρίτον
890 2932 934 2996 ὅτι
956 2932 1004 2996 aut
1026 2933 1099 2996 αὑτὸ
1121 2935 1155 2997 τὸ
1177 2938 1234 3019 πῦρ
1256 2937 1289 2999 τὸ
1311 2941 1362 3000 τοῦ
1384 2935 1469 3019 ἡλίου
1490 2937 1541 3000 καὶ

180 3044 238 3100 τῶν
260 3037 373 3121 ἄστρων
394 3043 456 3107 ταῖς
478 3041 536 3100 τῶν
560 3038 676 3100 ὑδάτων
700 3036 911 3117 ἀναθυμιάσεσι
932 3036 1065 3118 τρέφεται
1088 3037 1137 3098 καὶ
1158 3037 1246 3108 αὐτὸς
1268 3040 1419 3120 ὑκόσμος·
1448 3037 1540 3121 origo

179 3145 440 3222 argumentorum
463 3137 498 3202 in
520 3138 650 3205 Aristot.
668 3136 811 3220 Metaph.
826 3136 855 3201 Α
871 3138 891 3201 3
913 3157 943 3220 p.
961 3137 1100 3202 983120
1121 3140 1219 3224 λαβὼν
1242 3140 1312 3211 ἴσως
1327 3142 1380 3226 τὴν
1396 3141 1540 3226 ὑπόληψιν

180 3244 213 3305 ἐκ
243 3247 294 3304 τοῦ
323 3244 437 3305 πάντων
469 3244 539 3325 ὑρᾶν
567 3244 619 3325 τὴν
650 3242 759 3326 τροφὴν
791 3240 878 3323 ὑγράν
906 3238 995 3303 οὖσαν
1022 3241 1070 3302 καὶ
1099 3240 1171 3304 αὑτὸ
1195 3244 1229 3306 τὸ
1251 3243 1359 3327 θερμὸν
1382 3244 1415 3306 tu
1437 3244 1541 3308 τούτου

179 3347 342 3427 γιγνόμενον
364 3343 536 3408 invenitur.
572 3342 629 3407 sed
653 3343 785 3426 propior
813 3347 864 3407 est
886 3360 957 3406 oum
980 3341 1232 3427 Theophrasteis
1255 3351 1440 3411 concentus.
1477 3346 1540 3431 pri-

179 3467 265 3511 mum
291 3444 478 3509 nutrimenti
502 3463 601 3508 causa
623 3444 666 3509 ad
688 3445 777 3510 solas
800 3446 930 3528 plantas
956 3443 1141 3529 adhibetur,
1169 3446 1256 3528 quod
1281 3447 1337 3513 ille
1362 3447 1542 3530 praeivisse

179 3548 316 3630 videtur,
339 3567 410 3612 curn
427 3544 612 3629 Simplicius
635 3542 744 3630 [Phys.
762 3546 848 3630 opin.
864 3546 902 3611 fr.
916 3543 946 3632 1]
969 3546 1122 3613 exhibeat
1143 3549 1260 3632 καὶγὰρ
1276 3550 1309 3611 τὸ
1325 3549 1434 3633 θερμὸν
1449 3551 1480 3614 ἐν
1496 3556 1540 3636 τῷ

181 3654 258 3735 ὑγρῷ
283 3655 319 3731 ζῇ
343 3650 391 3713 καὶ
414 3651 449 3712 τὰ
472 3650 686 3732 νεκροὺμενα
710 3649 921 3734 ξηραίνεται,
951 3656 1018 3714 tum
1045 3650 1182 3733 primum
1203 3650 1289 3715 Aelii
1316 3659 1540 3734 argumentum

181 3755 269 3818 nulla
291 3752 473 3817 Aristotelis
495 3751 605 3816 radice
631 3750 751 3834 nititur,
774 3758 809 3816 at
831 3773 872 3818 ex
894 3751 1119 3836 Theophrasto
1135 3752 1272 3837 sumpsit
1288 3752 1472 3837 Simplicius
1492 3757 1541 3819 καὶ

180 3859 215 3921 τὰ
231 3858 381 3941 σπέρματα
396 3857 510 3917 πάντων
527 3852 607 3938 ὑγρά.
636 3873 715 3934 ergo
733 3853 878 3918 Zellerus
893 3853 1013 3921 frustra
1025 3855 1243 3939 Theophrasti
1258 3855 1396 3938 vestigia
1410 3856 1444 3921 in
1460 3857 1541 3923 Sim·

179 3959 274 4043 plielo
291 3959 397 4024 inesse
412 3957 544 4040 negavit
559 3957 593 4021 Ι*
612 3956 691 4020 175²
706 3955 867 4021 Ritterum
882 3963 914 4022 et
930 3957 1123 4024 Krischeum
1139 3963 1282 4041 secutus,
1298 3959 1445 4040 quamvis
1460 3958 1541 4025 nihil

179 4062 255 4126 iude
277 4061 318 4126 de
340 4060 486 4126 Thaletis
508 4059 611 4144 ipsius
637 4057 792 4123 memoria
814 4059 1074 4125 concludendum
1098 4079 1169 4127 esse
1192 4059 1329 4125 libenter
1355 4061 1541 4127 concedam.

180 4183 254 4227 num
284 4171 317 4228 et
345 4162 536 4230 Aristoteles
566 4169 599 4228 ct
628 4161 874 4244 Theophrastus
908 4167 940 4227 et
969 4162 1084 4227 Aetius
1118 4162 1193 4228 dum
1227 4182 1344 4228 causas
1376 4163 1543 4248 rimantur,

180 4273 295 4348 suopte
319 4265 466 4348 ingenio,
496 4285 562 4330 non
584 4263 769 4347 philosophi
797 4264 906 4330 verbis
938 4265 1120 4331 utebantur.
1166 4287 1206 4331 err
1236 4264 1416 4349 biographo
1444 4266 1543 4331 etiam

181 4366 336 4431 Heracliti
360 4366 469 4450 opinio
492 4365 640 4431 derivata
663 4366 791 4432 videtur
813 4366 916 4431 1311
935 4366 1120 4450 Ἡράκλειτος
1142 4369 1189 4431 καὶ
1207 4365 1345 4439 Ἵππασος
1367 4369 1463 4454 ἀρχὴν
1484 4373 1544 4432 τῶν

254 4621 260 4650 ¹
282 4625 312 4672 cs.
332 4621 429 4674 11251
447 4632 473 4670 ct
491 4623 646 4686 Xenophon.
666 4623 695 4671 11.
714 4621 743 4671 13
762 4620 793 4688 ἥν
811 4619 832 4672 τ’
848 4618 907 4691 Ἰριν
925 4622 1056 4687 καλέουσι,
1073 4624 1146 4690 νίφος
1165 4624 1209 4674 οιαὶ
1227 4628 1301 4674 τοῦτο
1320 4624 1426 4692 πίφυιιι.

252 4708 337 4758 ‘cum
360 4713 386 4760 iu
412 4709 584 4774 Xenophauis
608 4709 639 4757 de
666 4709 799 4759 Dioscuris
818 4713 913 4775 placito
932 4711 959 4760 11
981 4709 1159 4779 181νιφ1λια
1178 4714 1286 4776 legatur,
1305 4713 1410 4776 quoda
1429 4714 1542 4761 ommino

180 4797 323 4855 exclusum,
346 4799 391 4846 sed
413 4798 602 4859 frequentatum
626 4813 641 4846 a
665 4798 845 4862 Theophrasto
864 4800 894 4848 tr.
908 4799 946 4848 VI
970 4799 1001 4848 de
1027 4800 1092 4863 sign.
1116 4808 1232 4865 compost.
1251 4799 1274 4863 ξ.
1290 4798 1330 4851 11.
1347 4797 1382 4850 20
1407 4800 1439 4849 cf.
1463 4801 1543 4849 Arist.

180 4891 238 4930 mer.
259 4883 284 4930 Il
303 4881 319 4924 >l
337 4901 361 4948 ρ.
374 4879 443 4934 367¹>
456 4884 481 4947 θ,
500 4901 532 4934 ne
551 4885 593 4933 hic
612 4885 715 4947 quidem
734 4886 808 4949 origo
828 4887 900 4936 latet.
