3464 5586
685 339 960 392 naonncounus
1437 342 1503 405 245

139 507 172 570 δὲ
199 506 340 592 μετέσχεν
365 505 548 591 Ἀρκεσιλασς
574 505 624 591 ἀφ’
652 505 686 570 οὔ
711 507 797 594 μέχρι
851 510 995 596 ἀκουστὴς
1017 509 1053 595 ἧν
1072 508 1255 596 Ἀρκεσίλαος
1282 513 1313 581 ὃς
1335 512 1387 594 τὴν
1412 511 1503 594 μέσην

133 607 290 692 Ἡγησίνου
324 601 430 694 [codd.
464 606 635 695 ἡγησιλάσυ]
669 607 796 694 ἤνθησεν
847 609 1024 696 Ἀκαδημίαν
1040 613 1221 696 ἐπινενόηνεν
1236 614 1299 698 ἥτις
1311 611 1504 699 μέχριςἩγη·

135 709 298 795 Ἀκαδημία
321 711 341 794 ἡ
365 709 450 795 μέση.
822 728 825 789 l
850 716 928 779 σι’νσυ
951 715 1172 800 ἐπιμεμένηκεν.

138 813 225 879 inter
253 819 424 896 utrumque
451 821 576 880 tantum
604 823 654 881 est
681 816 890 902 discriminis,
921 826 1076 901 quantum
1106 838 1128 883 a
1155 818 1346 903 scriptorum
1373 817 1502 882 diverso

141 914 280 982 consilio
303 915 384 981 satis
406 916 528 983 habeat
550 918 786 1002 explicationis.
820 918 965 986 Galenus
987 920 1125 1004 uberior,
1148 920 1203 1003 qui
1217 919 1374 1003 Diogenis
1389 918 1503 1004 Cynici

142 1017 412 1085 Academioomm
436 1019 598 1086 iuniorum
620 1020 778 1104 Diogenis
799 1020 971 1107 Babylonii
992 1021 1155 1106 Antipatri
1178 1021 1343 1088 Posidonii
1365 1022 1503 1107 plurium

143 1120 383 1187 Socraticorum
405 1121 539 1187 nomina
554 1123 706 1207 servavit,
731 1122 891 1208 Clemens,
914 1125 969 1208 qui
991 1124 1121 1192 brevior
1144 1131 1194 1191 est
1215 1123 1248 1188 in
1269 1125 1395 1209 ceteris,
1418 1123 1504 1191 Peri·

143 1221 358 1305 patetioorum
374 1232 448 1308 post
463 1225 650 1292 Stratonem
661 1225 881 1310 Diogenisque
897 1246 968 1292 cum
980 1225 1175 1292 Anaxarcho
1191 1225 1347 1292 memoria
1361 1234 1502 1311 superat.

143 1345 246 1408 quare
266 1325 320 1408 qui
343 1344 383 1391 ex
405 1326 462 1391 tali
485 1327 704 1412 discrepantia
726 1326 872 1393 diversas
893 1327 1083 1412 scriptorum
1107 1327 1223 1411 quibus
1243 1347 1320 1392 usus
1349 1334 1399 1393 est
1420 1333 1504 1394 uter·

141 1447 206 1512 que
228 1433 354 1494 aetates
377 1427 485 1493 rimari
507 1430 661 1514 voluerit,
691 1429 820 1496 errabit.
865 1450 940 1496 nam
967 1430 999 1496 in
1022 1430 1203 1516 principum
1229 1428 1297 1495 fere
1318 1429 1503 1495 nominibus

143 1529 293 1594 consulto
316 1550 350 1596 se
372 1529 570 1598 continuisse
592 1532 721 1598 videtur
736 1532 897 1618 Clemens,
920 1534 1037 1617 quique
1059 1531 1277 1599 succedebant
1299 1531 1412 1596 minuti
1434 1530 1503 1614 pbi-

140 1630 280 1715 losopbi,
303 1652 359 1698 eos
380 1652 447 1698 non
470 1633 608 1700 nescivit
630 1635 689 1700 sed
704 1635 906 1702 exscribendi
929 1635 1038 1702 taedio
1054 1635 1244 1701 brevissime
1259 1632 1503 1718 comprehendit

141 1732 202 1821 [καὶ
226 1735 253 1796 ot
275 1733 378 1818 ἐφεξῆς
401 1733 533 1822 ceteral.
566 1757 628 1802 neo
651 1735 809 1822 epitomes
829 1738 966 1803 formam
988 1737 1059 1822 ipse
1084 1736 1309 1820 dissimulavit,
1332 1736 1386 1819 qui
1411 1757 1503 1802 orsus

140 1843 191 1903 est
214 1837 290 1920 §64
316 1839 335 1920 t,
363 1839 415 1919 μὲν
444 1840 568 1925 διαδοχὴ
595 1845 653 1903 τῶν
681 1839 748 1925 παρ’
769 1836 891 1924 Ἕλλησι
918 1840 1085 1926 φιλοσόφων
1117 1843 1162 1909 ὡς
1192 1840 1226 1903 ἐν
1256 1839 1408 1921 ἐπιτομῇ
1438 1839 1501 1923 ἥδε.

140 1938 307 2021 utriusque
332 1939 429 2022 igitur
449 1941 662 2007 successionis
687 1945 788 2024 facies
814 1964 876 2006 νιοιι
902 1964 979 2020 arra,
1009 1943 1352 2017 commercatorem,
1382 1942 1503 2021 qualem

140 2044 226 2106 decet
240 2061 307 2105 esse
320 2062 457 2107 sorores.
490 2042 562 2125 quis
584 2050 680 2127 pater
701 2043 807 2129 fuerit,
830 2044 981 2129 quaeris?
1011 2043 1188 2110 Clementis
1211 2043 1342 2108 tabulae
1358 2042 1503 2108 admixta

141 2151 218 2210 sunt
240 2150 275 2209 ut
297 2144 364 2209 dixi
386 2145 511 2212 altioris
533 2145 701 2212 doctrinae
723 2147 872 2230 vestigia.
907 2146 1176 2213 nobilissimorum
1198 2144 1388 2228 scriptorum
1402 2145 1502 2210 nomi-

139 2246 235 2312 nibus
263 2253 427 2330 tamquam
450 2246 552 2312 imbre
575 2247 748 2314 obruimur.
793 2269 834 2315 en
861 2249 918 2314 tibi
941 2248 1161 2333 Hippobotum
1185 2246 1411 2312 Aristoxenum
1434 2247 1503 2312 Ari·

139 2348 304 2414 starchum
332 2350 577 2435 Theopompum
604 2349 787 2416 Neanthem
815 2351 999 2416 Leandrum
1026 2350 1226 2416 Herodotum
1253 2349 1433 2414 Timonem!
1467 2356 1502 2414 at

139 2470 234 2517 nemo
264 2451 423 2517 eiusmodi
449 2452 671 2518 successiones
701 2453 853 2518 condidit.
892 2472 967 2517 nam
995 2451 1200 2535 Hippobotus
1229 2450 1320 2516 ouius
1348 2457 1440 2516 aetas
1469 2457 1502 2518 et

141 2555 305 2636 ingenium
332 2574 353 2619 a
380 2555 499 2620 talibus
529 2554 634 2619 minus
663 2554 817 2621 abhorret
842 2592 885 2602 -
911 2555 938 2620 si
965 2555 1061 2619 modo
1089 2553 1254 2620 Nietsohei
1282 2553 1501 2619 subtilioribus

141 2657 333 2722 coniecturis
358 2656 532 2738 quidquam
555 2656 665 2721 subest
686 2657 755 2722 veri
779 2654 869 2743 [Mus.
893 2656 952 2722 Rb.
976 2656 1068 2721 XXV
1091 2654 1166 2743 224]
1188 2694 1229 2704 -
1251 2655 1279 2721 is
1301 2655 1446 2739 argutius
1470 2660 1502 2721 et

140 2777 161 2821 a
183 2757 260 2822 trita
280 2758 396 2824 semita
418 2759 573 2825 recedens
597 2766 757 2824 sectarum
780 2758 1005 2841 cognationem
1024 2764 1185 2823 scrutatus
1201 2763 1260 2822 est.
1293 2756 1500 2838 nequeenim

140 2879 211 2923 cum
235 2858 366 2945 Cynicis
383 2860 444 2926 ille
466 2862 524 2926 sed
546 2881 618 2927 cum
639 2861 809 2944 Megaricis
832 2862 996 2927 Zenonem
1020 2859 1188 2925 coniunxit
1210 2856 1329 2945 [Laert.
1352 2858 1413 2922 VII
1435 2855 1499 2944 25].

140 2983 257 3028 nomen
279 2963 377 3046 igitur
399 2963 541 3029 tenebris
560 2963 710 3045 equidem
727 2984 791 3029 non
808 2963 951 3047 eripiam.
986 2963 1027 3029 de
1043 2968 1152 3028 aetate
1166 2980 1232 3025 non
1247 2959 1346 3023 multo
1362 2957 1501 3024 certiora

140 3065 235 3130 dabo.
280 3067 426 3132 Galenus
450 3065 597 3130 Philonis
620 3073 653 3131 et
674 3065 825 3130 Antiochi
849 3073 985 3149 quartae
1008 3072 1041 3130 et
1063 3064 1196 3147 quintae
1218 3060 1405 3126 academiae
1428 3080 1500 3126 con·

139 3168 276 3233 ditorum
300 3170 454 3236 meminit.
490 3169 572 3234 baec
595 3168 797 3234 enumeratio
822 3168 963 3252 ipsorum
986 3165 1251 3252 pbilosophorum
1266 3161 1366 3228 aetati
1382 3161 1499 3228 ahena.

140 3290 213 3335 nam
242 3272 324 3337 duas
352 3270 537 3337 academias
566 3270 768 3353 distinguunt
795 3278 828 3336 et
850 3271 953 3336 Varro
984 3276 1016 3336 et
1039 3268 1152 3335 Cicero
1175 3263 1322 3333 Platonis
1342 3263 1432 3328 illam
1453 3283 1500 3329 se

139 3374 264 3439 niorem
286 3381 319 3440 et
341 3373 383 3438 ab
398 3372 544 3439 Arcesila
567 3373 858 3439 adulescentiorem
882 3395 948 3439 non
966 3371 1072 3457 ignari
1095 3370 1153 3455 illi,
1176 3367 1252 3452 quid
1268 3367 1395 3433 intersit
1416 3367 1501 3432 iuter

141 3477 310 3544 Philonem
333 3475 535 3542 Carneadem
559 3474 750 3539 Antiochum
781 3476 834 3559 [cI.
857 3475 984 3542 Fabric.
1007 3476 1051 3540 ad
1075 3473 1163 3540 Sext
1187 3469 1302 3555 Pyrrh.
1326 3469 1365 3534 H.
1388 3469 1405 3532 Ι
1427 3469 1500 3534 220.

140 3580 277 3646 Krische
307 3579 469 3659 Goetting.
493 3577 585 3641 Stud.
610 3577 693 3642 1845
721 3598 752 3660 p.
770 3576 853 3666 17⁶]-
894 3578 1090 3645 recentiores
1119 3579 1154 3638 ut
1176 3571 1296 3638 Sextus
1317 3572 1339 3638 l.
1355 3591 1382 3636 o.
1405 3576 1438 3637 et
1460 3590 1501 3636 ex

140 3684 254 3749 eodem
282 3682 373 3747 fonte
398 3678 530 3745 Eusebii
561 3679 784 3763 compendium
816 3677 864 3765 [P.
882 3680 918 3745 E.
938 3680 1015 3746 XIV
1030 3681 1052 3745 4
1069 3688 1102 3742 16
1131 3674 1170 3741 of.
1193 3692 1292 3759 supra
1315 3695 1345 3758 p.
1364 3674 1439 3757 169,
1469 3693 1500 3738 v.

139 3785 289 3851 Numenii
313 3784 388 3849 fr.8
410 3780 602 3868 'Ibedingaq
638 3787 703 3847 tres
735 3780 921 3847 academias
954 3782 1088 3847 addunt.
1133 3777 1236 3844 omnis
1262 3774 1500 3842 successionum

140 3887 334 3973 propagatio
367 3886 400 3949 In
430 3884 612 3949 'lollianam
642 3890 782 3949 aetatem
810 3883 965 3968 desinit,¹
993 3890 1029 3948 ut
1053 3882 1116 3966 ipsi
1144 3881 1287 3947 eclectici
1320 3878 1502 3943 tabularum

141 3991 255 4074 quibus
287 3986 408 4073 posteri
440 3986 612 4052 utebantur
646 3993 796 4052 auctores
825 3985 925 4051 fuisse
956 3985 1135 4051 videantur.
1182 4001 1281 4067 parca
1309 3980 1439 4064 quidem
1467 3980 1501 4043 in

142 4092 289 4156 omnibus
318 4091 550 4175 Epicureorum
578 4089 714 4173 mentio,
744 4089 932 4172 quibuscum
966 4107 1009 4152 ne
1036 4086 1163 4151 illorum
1193 4083 1321 4167 quidem
1351 4084 1447 4147 effeta
1470 4087 1502 4146 et

141 4197 329 4262 decolorata
357 4193 563 4277 philosophia
591 4212 741 4274 umquam
769 4192 803 4256 in
831 4191 967 4275 gratiam
996 4189 1099 4254 rediit.
1145 4188 1231 4252 unde
1259 4185 1346 4249 haud
1369 4183 1435 4249 scio
1458 4202 1502 4247 an

142 4297 371 4382 Epicureorum
399 4295 595 4379 vituperatio
622 4294 763 4377 fluxerit,
795 4314 891 4377 quam
919 4291 1062 4359 servavit
1089 4291 1233 4357 Calenus
1253 4288 1315 4353 o.3
1335 4284 1502 4369 Ἐπίκουρος

215 4571 221 4601 ¹
240 4574 309 4622 idem
328 4577 423 4625 Iactum
447 4576 473 4623 in
492 4574 621 4624 indicibus
640 4572 879 4622 Herculanensibus
898 4571 1043 4621 Stoicorum
1065 4578 1090 4619 et
1109 4570 1337 4626 Academicorum,
1356 4579 1420 4627 quos
1440 4564 1502 4615 Phi·

142 4661 270 4710 lodemum
290 4663 315 4709 iu
334 4679 408 4711 suum
428 4679 500 4711 usum
521 4665 691 4711 corroborasse
716 4661 827 4708 coniecit
845 4660 1014 4724 Gomperzius
1033 4658 1100 4720 [len.
1120 4658 1284 4706 Litteraturz.
1306 4650 1373 4703 1875
1391 4669 1416 4701 n.
1430 4649 1503 4715 539}

143 4749 254 4809 quidde
274 4749 405 4799 Nietsohei
425 4753 564 4799 temeritate
590 4749 675 4798 dicam
700 4755 798 4796 ceterae
823 4756 925 4810 praeter
948 4748 1089 4811 Epicurum
1107 4752 1190 4793 sectas
1214 4744 1265 4791 iam
1283 4741 1394 4804 Augusti
1419 4745 1502 4788 aetate

142 4837 280 4885 exstinctas
299 4837 446 4895 affirmarim,
465 4840 551 4887 nescir)
571 4833 916 4898 [arrrs.1t11.xx11[641].
937 4846 963 4884 tu
984 4834 1042 4884 vido
1062 4832 1209 4895 Zumptium
1229 4828 1307 4878 ueber
1326 4828 1375 4876 den
1396 4826 1503 4875 bestand

142 4923 188 4972 dor
205 4923 296 4987 philos.
316 4924 420 4973 schulcn
442 4927 467 4973 iu
488 4925 574 4973 Athen
594 4924 647 4972 und
666 4924 707 4971 dle
728 4923 874 4972 successiou
893 4922 919 4970 d.
938 4921 1019 4970 schol.
1038 4936 1063 4983 p.
1077 4916 1111 4969 53
1132 4920 1173 4969 cui
1192 4918 1273 4966 multa
1291 4923 1398 4980 possunt
1416 4913 1484 4964 eddi.
