3442 5588
649 339 924 392 PROLEGOMENA
1406 337 1468 401 129

100 508 278 592 scriptum,
306 528 378 573 cum
401 507 582 573 Stoicorum
606 505 755 571 notiones
777 525 1007 588 usquequaque
1035 524 1173 587 regnare
1200 507 1416 591 cooperanti.
1440 527 1468 573 e.

101 609 333 676 eclecticomm
359 615 483 693 aetate,
512 628 648 691 quorum
675 607 790 673 studiis
818 606 932 672 Cicero
960 606 1062 670 Varro
1084 606 1181 671 Arius
1207 608 1336 675 omnino
1366 610 1470 676 omnis

103 712 212 777 ultimi
235 718 312 778 ante
330 711 406 777 Chr.
423 711 545 779 saeculi
568 709 775 795 philosophia
789 709 910 774 nititur.
930 709 936 738 ¹
965 715 1063 791 atque
1078 729 1120 773 ex
1135 708 1257 776 eisdem
1272 712 1471 795 temporibus

104 812 308 880 Placitomm
339 836 468 899 quoque
495 814 636 898 origines
657 811 855 898 repetendae
881 818 970 895 sunt,
999 830 1082 894 quae
1104 817 1220 894 postea
1248 814 1410 897 excerpsit
1439 821 1472 881 et

104 916 322 1000 locupletavit
353 916 478 983 Actius.
522 917 581 983 sed
618 916 660 982 de
691 914 743 980 his
775 912 908 980 inferius
944 914 1059 980 dicam.
1104 934 1189 979 nuuc
1221 914 1263 980 de
1296 915 1472 983 Clementis

105 1019 322 1085 Alexandrini
351 1020 498 1104 cognatis
521 1018 681 1102 excerptis
708 1014 870 1083 corollarii
892 1016 995 1082 instar
1017 1018 1192 1102 disputatio
1216 1017 1291 1103 erit,
1320 1038 1362 1084 ne
1384 1019 1473 1101 quid-

105 1141 206 1205 quam
227 1121 315 1205 quod
336 1122 380 1188 ad
403 1121 651 1188 Ciceronianam
673 1122 780 1186 locum
801 1118 901 1184 faciat
923 1119 1131 1203 praeteriisse
1153 1119 1332 1186 videamur.

195 1224 387 1308 Protreptic.
411 1226 432 1290 5
454 1234 489 1287 cl
511 1245 542 1308 p.
558 1225 601 1288 55
615 1224 702 1288 Pott.

191 1323 411 1411 Ἐπιδράμωμεν
433 1328 466 1391 δὲ
488 1326 513 1390 εί
536 1326 633 1412 βούλει
656 1326 704 1389 καὶ
726 1330 785 1387 τῶν
807 1326 975 1417 φιλοσόφων
997 1327 1049 1396 τὰς
1070 1326 1154 1398 δόξας
1177 1329 1247 1398 ύσας
1268 1329 1393 1412 αύχοῶσι
1408 1330 1472 1414 περὶ

105 1434 167 1491 τῶν
190 1429 280 1508 θεῶν,
301 1429 333 1494 εί
350 1429 393 1512 [θ]
422 1454 484 1499 πως
506 1429 555 1493 καὶ
578 1427 752 1513 φιλοσοφίαν
775 1427 866 1512 αὐτὴν
892 1429 1054 1500 κενοδοξίας
1076 1430 1172 1495 ἕνεκεν
1195 1433 1473 1496 ἀνειδωλοποιυῦσαν

106 1533 162 1616 τὴν
186 1533 259 1616 ύλην
284 1533 453 1619 έφεύρωμεν
479 1532 505 1595 εἰ
528 1531 557 1614 [θ
573 1530 607 1614 ἢ]
633 1532 682 1594 καὶ
705 1531 839 1614 δαιμόνια
864 1530 937 1594 άττα
958 1531 1166 1605 έκθειάίουσαν
1189 1536 1263 1599 κατὰ
1285 1536 1474 1620 παραδρομὴν

104 1639 295 1719 παραστῆσαι
319 1636 492 1719 δυνηθῶμεν
515 1636 740 1718 όνειρύττυυσαν
762 1635 815 1718 τὴν
837 1633 989 1717 ἀλήθειαν.

195 1737 336 1824 Στοιχεῖα
358 1739 410 1821 μὲν
433 1735 484 1801 ούν
506 1737 601 1823 ἀρχὰς
624 1736 764 1800 ἀπέλιπον
783 1735 992 1820 ἐξυμνήσαντες
1014 1737 1135 1823 Θαλῆς
1158 1738 1333 1825 όΜιλήσιυς
1347 1743 1381 1804 τὸ
1397 1742 1474 1827 ὕδωρ

194 1841 245 1904 καὶ
263 1839 491 1924 Ἀναξιμένης
514 1840 530 1903 ό
552 1839 601 1902 καὶ
623 1838 712 1908 αὐτὸς
733 1837 878 1923 Μιλήσιος
899 1839 948 1902 τόν
971 1840 1055 1924 ἀέρα,

194 1941 222 2028 ᾧ
245 1943 415 2028 Διογένης
437 1944 556 2027 ύστερον
579 1943 595 2005 δ
619 1939 856 2025 Ἀπολλωνιάτης
877 1942 1143 2027 κατηκολούθησεν.
1201 1955 1203 1959 ’

198 2044 426 2131 Παρμενίδης
448 2045 481 2109 δὲ
506 2045 523 2108 δ
545 2040 682 2125 Ἐλεάτης
703 2042 791 2113 θεοὺς
811 2043 988 2127 εἰσηγήσατο
1010 2048 1069 2129 πῦρ
1090 2046 1138 2109 καὶ
1161 2053 1225 2132 γῆν,

197 2147 322 2233 θάτερον
345 2149 378 2212 δὲ
399 2147 498 2212 αὐτοῖν
522 2144 626 2227 μόνον,
648 2144 682 2207 τδ
703 2149 778 2231 πῦρ,
800 2145 869 2210 θεὸν
893 2146 1088 2232 όπειλήφατον
1105 2143 1267 2220 Ἴππασύς
1288 2173 1319 2214 τε
1341 2153 1358 2214 ό
1381 2151 1476 2219 Μετα·

105 2251 244 2318 ποντῖνυς
266 2251 316 2313 καὶ
338 2253 355 2316 ό
373 2248 505 2336 Ἐφέσιος
522 2244 756 2332 Ἡράκλειτος.

198 2370 230 2434 p.
248 2350 332 2418 56P.
363 2351 602 2436 Ἐμπεδοκλῆς
622 2349 677 2433 γὰρ
699 2351 716 2412 ό
735 2348 952 2436 Ἀκραγαντῖνος
974 2350 1016 2420 είς
1037 2351 1152 2435 πλῆθος
1174 2354 1310 2437 ἐμπεσὼν
1332 2358 1404 2441 πρὸς
1418 2362 1478 2427 τοῖς

109 2451 249 2538 τέτταρσι
271 2455 426 2541 στοιχείοις
447 2452 560 2520 τούτοις
581 2455 674 2521 νεῖκος
697 2452 745 2515 καί
767 2454 865 2538 φιλίαν
887 2454 1108 2539 καταριθμεῖται
1130 2501 1139 2518 .
1162 2502 1170 2519 .
1194 2503 1202 2520 .
1229 2455 1240 2488 ¹

201 2556 223 2640 θ
237 2556 280 2621 66
294 2576 326 2640 p.
341 2557 382 2621 57
389 2556 427 2623 P.
460 2554 528 2620 Τῶν
551 2555 584 2618 δὲ
600 2553 697 2618 ἄλλων
712 2556 880 2642 φιλοσόφων
896 2558 960 2622 όσοι
981 2558 1018 2622 τὰ
1040 2563 1171 2644 στοιχεῖα
1190 2560 1364 2646 ὑπερβάντες
1378 2564 1479 2627 ἐπολυ

108 2658 323 2743 πραγμόνησάν
338 2683 365 2723 τι
380 2659 558 2744 ὑψηλότερον
573 2658 622 2721 καὶ
637 2657 834 2744 περιττότερον
849 2661 876 2723 ol
900 2661 952 2744 ptr
974 2661 1072 2725 αὐτῶν
1093 2663 1128 2726 τό
1149 2661 1266 2748 ἄπειρον
1288 2664 1479 2750 καθύμνησαν

110 2763 156 2825 ὧν
176 2760 450 2846 ’Ἀναξίμανδρος
472 2762 488 2824 ό
512 2758 657 2844 Μιλήσιος
679 2759 716 2846 ἦν
738 2761 787 2826 καὶ
806 2760 1035 2848 ’Ἀναξαγόρας
1056 2762 1285 2849 ύΚλαίυμένιυς
1301 2769 1349 2831 καὶ
1365 2767 1478 2853 όἈθη-

111 2869 197 2934 ναῖος
215 2861 423 2950 Ἀρχέλαος·
456 2864 550 2928 τούτω
573 2863 626 2946 μέν
648 2886 682 2946 γε
702 2862 793 2949 ἄμφω
815 2868 864 2930 τὸν
887 2870 953 2930 νοῶν
975 2867 1174 2952 ἐπεστησάτην
1195 2875 1233 2952 τῇ
1256 2870 1387 2955 άπειρίφ·

204 2969 221 3032 ό
243 2968 278 3031 δὲ
299 2965 446 3051 Μιλήσιος
467 2967 666 3036 Λεύκιππος
687 2967 735 3031 καὶ
758 2968 774 3031 ό
797 2965 872 3038 Χῖος
895 2966 1131 3055 Μητρόδωρος
1153 2970 1248 3041 διττάς
1268 2974 1309 3042 ῶς
1323 2971 1416 3039 ἔοικεν
1431 2975 1480 3038 καὶ

111 3070 199 3135 aare
221 3070 317 3156 ἀρχὰς
338 3069 515 3153 ἀπελιπέτην
537 3071 571 3134 τό
592 3072 702 3153 πλῆρες
724 3071 772 3135 καί
795 3073 829 3136 τό
850 3072 943 3136 κενόν.

202 3193 235 3256 ρ.
250 3172 338 3238 ὃθΡ.
384 3173 551 3257 προσέθηκε
572 3173 605 3236 δὲ
626 3173 725 3258 λαβὼν
751 3175 862 3239 τούτοιν
887 3179 947 3238 τοῖν
977 3177 1055 3240 δυεῖν
1084 3176 1121 3239 τά
1147 3173 1256 3240 εἴδωλα
1277 3179 1294 3242 ό
1312 3175 1482 3265 Ἀβδηρίτης

112 3275 352 3360 Δημόκριτος.

202 3379 219 3442 ό
241 3379 296 3462 γάρ
317 3400 362 3440 τοι
384 3373 588 3462 Κροτωνιάτης
606 3376 801 3460 ’Ἀλκμαίων
829 3376 916 3448 θεοὺς
944 3375 1020 3463 ιγ’ίετο
1046 3379 1114 3449 τούς
1141 3381 1263 3466 ἀστέρας
1289 3381 1362 3446 εἶναι
1394 3383 1483 3469 ἐμψύ-

114 3503 194 3565 χους
215 3478 309 3550 ὄντας.

200 3582 238 3646 ού
256 3583 443 3666 σιωπήσομαι
466 3582 535 3647 οὐδὲ
556 3584 609 3666 τὴν
630 3583 741 3647 τούτων
756 3583 969 3669 ἀναισχυντίαν.
1002 3584 1223 3670 Ξενοκράτης
1245 3584 1448 3673 Καλχηδόνιος
1462 3586 1485 3665 ⁸,

191 3803 200 3835 ¹
219 3806 395 3857 Tertullianus
418 3808 446 3858 io
468 3807 547 3857 simili
570 3815 687 3858 versamr
705 3814 856 3871 argumento
875 3808 934 3858 adv.
954 3808 1115 3859 Marcionem
1132 3811 1147 3861 1
1167 3808 1213 3863 13:
1233 3844 1240 3858 .
1259 3847 1265 3860 .
1285 3847 1291 3860 .
1310 3811 1391 3861 deos
1410 3825 1485 3875 pro·

111 3894 358 3944 nuntiaverunt
380 3903 414 3944 nt
435 3895 554 3947 Thalea
572 3910 698 3959 aquam,
717 3904 749 3945 ut
766 3897 953 3946 Heraclitus
972 3897 1077 3959 ignem
1094 3904 1128 3946 ut
1144 3899 1363 3948 Anaximenes
1381 3912 1487 3948 aerem

111 3991 151 4030 ut
171 3981 420 4032 Anaximander
441 3983 593 4033 universa
616 3979 776 4033 coelestia
798 3992 832 4032 ur
855 3982 966 4034 Strato
990 3983 1116 4034 caelum
1140 3993 1171 4036 et
1193 3995 1327 4047 terram,
1350 3994 1384 4034 ut
1401 3985 1487 4035 Zeno

111 4082 228 4118 aerem
244 4076 279 4118 ct
295 4068 467 4131 aetherem,
486 4077 519 4119 ut
536 4070 632 4120 Plato
652 4069 758 4120 sidera
776 4069 860 4134 quod
878 4084 977 4133 genua
991 4072 1260 4136 decrumigneum
1274 4071 1424 4137 appellat
1442 4070 1488 4120 sed

113 4163 272 4221 excerptum
290 4155 394 4206 brevius
413 4165 452 4207 est
470 4171 547 4220 qnam
567 4165 595 4206 ut
614 4157 645 4206 de
665 4158 764 4221 origine
784 4158 910 4222 disputari
928 4159 1016 4222 possit.

191 4238 202 4271 ¹
226 4245 360 4309 impugnat
382 4246 433 4295 iam
458 4243 577 4295 Clemens
599 4244 768 4310 philosophos
792 4245 962 4296 barbarorum
987 4246 1056 4296 cultu
1083 4245 1166 4296 obiter
1194 4254 1345 4297 memorato.
1380 4244 1489 4310 Scythas

116 4331 240 4395 gladium
259 4334 379 4382 venerari
398 4327 514 4400 καθάπερ
533 4325 642 4390 Εύδυξος
660 4329 686 4381 έν
704 4329 806 4400 δευτέρᾳ
825 4327 877 4400 Γῆς
894 4329 1008 4400 περιόδου
1025 4329 1104 4400 λέγει,
1126 4332 1293 4384 Sauromatas
1312 4333 1434 4384 acinacen
1454 4328 1490 4388 ῶς

114 4431 196 4487 φησιν
203 4411 306 4474 Ἱκέσιος
318 4415 344 4469 έν
352 4422 390 4487 τῷ
401 4413 462 4489 Περὶ
472 4418 625 4488 μυστηρίων,
636 4420 775 4472 Persarum
787 4435 887 4484 magos,
900 4423 980 4472 Asiae
993 4421 1059 4470 alios
1069 4422 1178 4484 incolae,
1192 4421 1349 4471 Macedonas
1359 4422 1445 4484 lgnem
1455 4416 1491 4477 ῶς

116 4518 181 4574 φησι
193 4500 313 4574 Διογένης
331 4503 358 4557 έν
369 4503 465 4575 πρύτιμ
478 4501 619 4576 Περσικῶν,
637 4507 748 4557 eundem
759 4505 936 4570 Sauromatas,
957 4518 985 4559 ut
999 4501 1172 4576 Νυμφόδωρος
1191 4507 1217 4559 έν
1232 4502 1356 4576 Νομίμοις
1375 4503 1491 4575 βαρβαρι-

117 4597 184 4650 κοῖς.
210 4594 305 4645 Persae
318 4593 411 4644 Medos
429 4609 520 4658 magos
539 4597 587 4646 sub
606 4597 667 4646 divo
681 4609 754 4644 sacra
772 4595 857 4645 tacere
869 4591 883 4644 h
897 4590 990 4646 Δείνων
1003 4592 1068 4662 λέγει
1086 4598 1172 4660 ignem
1185 4605 1211 4646 et
1223 4611 1318 4659 aquam
1332 4605 1492 4646 venerantes.

115 4681 226 4732 eoadem
249 4689 354 4732 auctore
378 4682 525 4734 Artaxerxe
546 4685 622 4748 signa
642 4683 728 4733 colere
747 4682 862 4746 coepisse
885 4677 1023 4750 Βηρωσσος
1041 4681 1155 4751 ίντρίτη
1178 4677 1333 4734 Χαλδαϊκῶν
1351 4679 1491 4751 παρίστησι.

115 4768 259 4820 ambitiosa
277 4770 381 4819 testim
402 4774 564 4823 enumeratio
583 4773 697 4823 alienum
714 4771 814 4820 fontem
831 4769 958 4820 adscitum
979 4786 1035 4821 esse
1055 4779 1188 4822 monstrat.

191 4853 302 4922 ³vulgo
324 4849 519 4926 Καρχηδόνιας,
536 4853 709 4927 Χαλκηδόνιος
732 4857 872 4909 Hoeschel.
909 4850 1082 4926 Καλχηδόνιος
1106 4866 1256 4910 correxerat
1272 4859 1412 4910 Krischeus
1426 4856 1490 4911 318²

121 4955 184 4995 ante
204 4944 334 4994 Ceterum
353 4939 443 5012 Δόγιος
456 4939 554 5014 Ἑρμῆς
571 4947 586 4998 1
605 4944 664 5000 244.

174 5053 267 5103 chla.
286 5055 433 5106 Doxcgrapnl
451 5055 534 5106 macl.
1272 5029 1292 5095 9
