3442 5588
659 340 935 391 rnosneonsun
1429 338 1468 401 91

112 523 229 574 terram
251 511 438 574 remansisse
456 509 473 568 ¹.
518 513 555 571 in
579 531 646 592 quo
670 511 1042 572 animadvertendam
1065 512 1160 591 qruod
1182 510 1360 573 Homerus
1383 530 1473 572 con·

111 618 256 677 sentiat
290 613 508 693 Empedocli
542 624 574 674 et
605 613 837 676 Heracleoui
871 615 1065 676 Ciceronis
1098 615 1252 675 diuersa
1284 615 1472 693 opinione.

112 715 321 798 Empedoclis
349 735 420 779 eum
448 714 652 780 Heracleone
679 716 860 780 coniunctio
891 716 1001 798 inepte
1024 722 1073 780 est
1106 713 1156 801 [el.
1181 714 1311 798 Didymi
1339 715 1377 778 lr.
1401 716 1473 780 coll.

112 816 262 883 Schmidt
289 839 319 900 p.
336 813 425 899 48¹1,
456 815 519 880 nisi
549 823 584 880 nt
611 814 680 881 lieri
706 818 829 883 essolet
856 816 944 882 citati
971 817 1136 900 scriptoris
1162 816 1338 882 memoriae
1365 823 1473 882 notem

111 919 248 1002 originis
270 918 460 983 adhaesisse
483 918 596 983 eredis.

198 1022 237 1086 In
261 1021 513 1086 Heracleonis
535 1020 632 1102 igitur·
651 1021 880 1088 commentario
904 1022 965 1087 loci
982 1021 1111 1087 Homeri
1132 1029 1164 1086 et
1179 1020 1384 1105 Empedoclis
1405 1028 1475 1086 erte

113 1123 278 1188 coniuncti
307 1129 410 1205 erent,
432 1144 495 1205 quo
523 1122 649 1187 facilius
671 1125 901 1189 sententiarum
930 1124 1104 1189 similitudo
1132 1125 1263 1189 leetnm‘s
1285 1129 1476 1188 occurreret.

110 1226 173 1291 sed
199 1226 298 1290 letius
327 1225 431 1308 patuit
453 1225 624 1291 ambitiose
651 1226 709 1290 illu
731 1227 941 1311 comparatio.
984 1227 1102 1292 accidit
1124 1226 1208 1292 enim
1232 1227 1315 1292 forte
1337 1225 1475 1306 fortune,

111 1336 150 1393 ut
174 1327 298 1410 duplex
325 1348 366 1393 en
396 1327 598 1392 Heracleone
624 1365 658 1374 -
684 1328 769 1392 hnne
798 1328 883 1394 enim
912 1328 1034 1393 fontem
1063 1324 1476 1394 stat1102-servatasit

110 1430 279 1511 memoria,
302 1449 399 1512 quam
426 1429 478 1494 hie
500 1449 541 1493 ex
564 1429 669 1494 Probo
692 1450 788 1512 quem
810 1430 876 1495 dixi
900 1439 932 1496 et
955 1432 1054 1497 Sexto
1077 1432 1252 1515 composui.
1335 1451 1344 1458 ·

111 1534 256 1598 Sextus
278 1530 354 1595 adv.
371 1529 523 1595 methem.
539 1532 570 1594 X
590 1533 769 1597 ele-ens.
795 1531 798 1597 1
871 1534 1017 1598 Probus
1040 1534 1082 1597 ad
1106 1535 1201 1616 Verg.
1224 1555 1255 1616 p.
1272 1535 1323 1614 21,
1345 1532 1428 1596 14Κ.

153 1633 199 1703 Ἐξ
221 1637 286 1704 ἑνὸς
311 1635 413 1696 δὲκαὶ
436 1638 520 1695 noros]
543 1636 771 1715 *salamenses
795 1626 798 1717 l
866 1638 943 1698 seu
967 1640 1019 1718 qni
1044 1638 1175 1717 sinpnlis
1203 1638 1357 1698 elementis
1384 1637 1477 1715 prin-

111 1741 208 1800 πάντα
219 1738 354 1800 θέλουσιν
366 1737 507 1818 οἵτεπερὶ
520 1732 711 1799 chu'lnnaoou
723 1737 770 1798 nai
823 1742 908 1820 cipio
947 1742 1188 1820 adsipnaoerunl
1230 1738 1477 1802 Parmenides

108 1837 292 1921 Ἀναίιμένη
317 1839 364 1901 καὶ
388 1838 486 1920 Θαλῆ·
510 1839 551 1899 ὧν
718 1913 723 1924 ⁴
823 1843 946 1904 Eleates
969 1851 1083 1904 terram
1106 1845 1172 1918 (?),
1196 1841 1387 1920 Hippasus
1413 1840 1476 1902 lle-

150 1938 315 2011 ’Ίπιιασος
338 1941 391 2021 μὲν
416 1941 463 2002 καὶ
481 1942 555 2003 κατά
576 1963 653 2010 τινας
675 1940 770 2024 ἹΙρά-
824 1947 1002 2024 tapoulinus
1033 1954 1062 2006 el
1087 1944 1299 2007 Heraclitus
1327 1943 1478 2021 Ephesius

111 2047 251 2112 eleetos
276 2041 442 2127 ὁἘφέσινς
464 2043 497 2105 ἐκ
520 2045 609 2127 πυρὸς
632 2044 771 2106 ἀπέλιπον
825 2051 877 2128 qni
900 2049 1042 2116 σκοτεινὸς
1066 2048 1243 2128 appellatur
1265 2046 1363 2123 ipuem

111 2148 166 2228 rip
190 2146 300 2227 γένεσιν
868 2152 1119 2214 Anaximenes
1159 2150 1389 2226 Lampsacenos
1425 2148 1478 2226 qui

153 2246 394 2330 Ἀναξιμένης
420 2248 452 2309 δὲ
474 2247 503 2315 ἐξ
526 2248 611 2332 ἀέρος
824 2257 943 2334 primus
965 2256 1160 2315 enislimatur
1172 2253 1302 2334 plysica
1316 2250 1478 2310 induxisse

825 2376 928 2418 aerem

156 2452 280 2535 Θαλῆς
302 2453 335 2515 δὲ
357 2452 386 2520 ἐξ
410 2453 512 2520 ὕδατος
869 2459 1005 2521 l'bales
1046 2459 1183 2519 Milesios
1224 2456 1370 2533 mapister
1411 2454 1478 2512 eius

797 2530 948 2642 laquem.

869 2666 956 2727 Hanc
972 2666 1093 2747 quidem
1108 2664 1239 2725 Thaletis
1251 2663 1426 2740 opinionem
1439 2657 1478 2720 ab

827 2768 993 2830 Hesiodo
1014 2777 1125 2848 putetur!
1141 2785 1269 2827 manare
1292 2765 1344 2844 qrti
1363 2762 1478 2822 dicerit

869 2871 933 2954 ἤτοι
949 2873 1000 2954 μὲν
1017 2874 1164 2956 πρώτιστα
1180 2870 1253 2951 χάος
1268 2864 1369 2947 γένετ’,
1384 2863 1476 2945 αὐτὰρ

1369 2989 1478 3029 elfelm·

868 3084 948 3144 Nam
970 3082 1099 3150 Zenon
1122 3088 1238 3150 Citieus
1259 3080 1305 3138 sic
1322 3077 1477 3149 interpre-

825 3199 909 3252 tatur
932 3209 1045 3271 anetam
1059 3191 1133 3274 χάος
1149 3189 1338 3269 appellatam
1352 3184 1410 3245 einh
1426 3181 1477 3239 τοῦ

825 3294 956 3379 χέεσθαι.
993 3313 1178 3374 qrramqucsm
1202 3292 1329 3354 eandem
1352 3286 1477 3366 opinio·

797 3336 800 3451 l
826 3419 892 3459 nem
905 3396 943 3459 ab
956 3396 1108 3459 Homero
1121 3392 1477 3476 possumusintellepere,

112 3535 121 3551 .
141 3536 150 3551 .
168 3532 177 3547 ο
201 3492 218 3553 ὅ
240 3490 363 3573 ποιητὴς
378 3486 504 3573 Ὅμηρΐνῗ
528 3535 584 3554 ···
608 3492 709 3574 λέγων·
796 3456 801 3541 l
826 3502 908 3583 quod
931 3501 976 3561 aii

107 3590 249 3655 Ὠκεανόν
277 3615 308 3655 τε
335 3594 411 3655 θεῶν
438 3594 546 3674 illm
578 3595 626 3656 καὶ
661 3597 772 3681 μητέρα
864 3601 996 3665 Ὠκεανόν
1018 3624 1050 3664 τε
1074 3602 1150 3664 θεῶν
1172 3599 1279 3681 γένεσιν
1301 3599 1349 3661 καὶ
1368 3595 1478 3678 μητέρα

661 3696 772 3784 Τηθύν.
1196 3761 1202 3772 ,
1367 3698 1479 3782 Τηθύν.

194 3834 201 3864 ¹
221 3851 254 3886 ex
272 3838 396 3901 proximis
415 3845 522 3899 apparet
541 3838 684 3901 librarium,
704 3860 757 3892 non
776 3845 903 3898 Probum,
924 3846 986 3894 haec
1010 3845 1178 3908 interpolasse
1199 3851 1225 3891 nt
1244 3843 1372 3891 Tullianis
1392 3841 1475 3888 diver-

115 3940 173 3973 sam
193 3924 301 3972 Homeri
319 3926 472 3973 sententiam
491 3934 598 3989 aptaret.
623 3943 682 3976 nem
701 3932 722 3978 si
742 3931 916 3996 Empedoclea
935 3933 1044 3993 (scilieet
1061 3934 1168 3981 istorum
1188 3926 1408 3994 interpretatione)
1428 3942 1475 3989 pn·

115 4022 200 4075 gruem
219 4027 276 4060 cum
295 4010 421 4062 Cicerone
440 4013 457 4060 1.
471 4030 501 4072 c.‚
521 4017 683 4064 emisentient
701 4032 805 4067 necesse
824 4023 862 4066 est
881 4034 937 4066 eum
957 4018 1108 4068 Homericis.
1137 4018 1195 4067 inde
1220 4017 1300 4067 Probi
1320 4013 1398 4063 verbs
1416 4013 1479 4061 hoec

114 4100 169 4148 fere
202 4100 346 4149 restituam:
375 4113 421 4148 aer
444 4098 480 4148 ad
498 4100 570 4151 Ditis
595 4102 709 4166 imperia
717 4138 913 4162 ........
937 4109 1034 4152 terram
1058 4104 1223 4154 remansisse.
1251 4106 1282 4154 el.
1305 4103 1426 4152 ilcreclit.
1445 4097 1476 4150 41

114 4189 187 4259 Plus.
208 4189 253 4237 rit.
272 4186 306 4238 98
324 4202 401 4251 supra
419 4204 443 4251 p.
459 4187 492 4239 89
512 4189 556 4238 im.

190 4270 200 4303 ²
220 4275 454 4323 Heracleonem
473 4275 565 4326 Glsnci
584 4278 665 4326 lilium
679 4279 834 4342 Aegyptium
849 4280 965 4341 Angusto
985 4286 1012 4327 nt
1031 4278 1132 4328 videtur
1151 4277 1194 4341 [cl.
1211 4277 1333 4327 Beccerd.
1353 4277 1384 4324 de
1398 4274 1478 4323 schol.

115 4364 224 4413 Homer.
245 4363 276 4410 Il.
296 4363 309 4410 I
327 4362 412 4410 Berol.
435 4360 501 4412 1850
524 4381 549 4428 p.
567 4362 613 4426 76]
640 4380 777 4427 supparem
800 4366 935 4428 intellego,
963 4367 1007 4427 qni
1031 4361 1136 4432 ἔγραψεν
1160 4362 1296 4431 ϋμόμνημα
1319 4361 1352 4418 εἰς
1370 4355 1480 4427 Ὅμηρον

113 4448 183 4499 κατὰ
201 4445 332 4516 ῥαψῳδίαν
350 4447 393 4498 nal
412 4448 445 4505 εἰς
463 4448 520 4506 τοὺς
538 4447 660 4518 implumis.
680 4450 803 4518 περὶτῶν
822 4447 877 4518 παρ’
888 4446 989 4518 Ὁμήρῳ
1009 4457 1201 4518 προστακτικῶν
1215 4450 1334 4519 ῥημάτων
1353 4447 1479 4510 [Suidas].

113 4555 146 4588 ex
167 4536 259 4588 Schol.
286 4537 409 4601 Apollon.
429 4536 623 4587 1761111137
649 4541 773 4589 conclusit
791 4539 946 4589 Schmidtins
966 4540 981 4587 l.
1000 4556 1021 4587 c.
1043 4540 1289 4589 Antinristerchenm
1313 4554 1370 4586 enm
1394 4538 1478 4585 luisse.

113 4625 273 4687 allegoriae,
299 4639 362 4686 ques
381 4626 508 4687 excerpsit·
526 4624 635 4685 Probus,
655 4628 680 4674 in
702 4628 885 4676 commentario
905 4628 1042 4675 Homerico
1063 4628 1168 4676 infuisse
1189 4626 1314 4675 videntur.
1352 4625 1394 4672 nbi
1415 4624 1478 4672 ordo

112 4711 315 4776 rhapsodiernm
340 4711 441 4773 longius
464 4710 564 4774 digredi
588 4728 645 4760 eum
670 4728 723 4762 non
747 4715 828 4776 magis
851 4713 982 4776 prohibuit
1006 4729 1081 4775 qnam
1106 4715 1262 4763 Heraclitum
1287 4714 1330 4775 qni
1350 4711 1400 4761 ali
1420 4726 1478 4773 pro·

111 4799 201 4847 hiems
219 4793 287 4854 τάξις
305 4794 332 4847 hl
351 4812 393 4861 μοι
412 4795 538 4863 γενήσεται
555 4802 607 4847 τῶν
626 4796 706 4864 λόγων
725 4797 741 4866 ἡ
760 4804 811 4849 τῶν
825 4794 839 4843 Ἱ
847 4800 969 4866 1μηριιιῶν
992 4798 1060 4850 ἐπῶν
1083 4795 1158 4857 τάξις.
1195 4800 1326 4862 qnomodo
1350 4798 1480 4863 promissis

112 4887 223 4946 steterit,
245 4885 318 4934 vides
337 4900 370 4933 ex
393 4883 554 4933 Mehleriene
579 4886 663 4934 indice
688 4887 828 4935 Homerico
855 4903 878 4950 p·
899 4884 946 4937 153
957 4905 994 4951 sq.
1029 4905 1061 4939 ex
1087 4889 1248 4937 lierecleone
1272 4886 1340 4936 head
1364 4887 1418 4934 scio
1445 4900 1478 4935 en

112 4973 220 5023 fluxerit
237 4972 356 5022 scholion
375 4972 450 5022 Iliad.
470 4971 550 5032 1199,
569 4973 638 5036 quod
657 4975 724 5023 inlrs
743 4990 767 5036 p.
787 4969 837 5021 92²
858 4972 994 5024 exhibebo.
