3442 5588
442 282 519 333 ARII
536 278 673 331 nlm'm
691 280 878 332 EPITOMES
895 280 949 331 1²1³.
967 279 1069 331 PHYS.
1086 276 1173 331 14.15
1424 274 1487 339 455

124 452 194 515 ὁλον
217 452 341 536 ὁρᾶσθαι
363 451 412 513 τὸν
434 449 554 513 κύκλον·
585 453 729 534 περιφανῆ
757 449 811 535 γάρ
839 447 912 513 εἶναι
943 447 992 512 καί
1015 449 1169 532 σφαιρικὴν
1191 449 1266 512 κατὰ
1286 448 1340 532 τὴν
1362 441 1487 528 ἔμφασιν

124 555 179 637 τὴν
195 555 269 617 άλω.
302 553 409 635 ταύτης
431 553 464 615 δέ
484 554 537 637 τὴν
560 551 612 635 μέν
634 551 826 634 ἐπιμένουσαν
848 552 931 615 ὑετὸν
953 551 1113 634 σημαίνειν,
1135 551 1188 635 τὴν
1210 551 1244 613 δὲ
1258 548 1487 615 διασπασθεῖσαν

124 661 256 739 πνεῦμα,
280 657 334 740 τὴν
356 655 389 719 δέ
411 654 623 739 μαραινομένην
644 652 753 717 εὸδίαν.
789 651 844 736 ἱριν
867 653 900 716 δέ
921 655 985 738 περὶ
1009 658 1096 739 μόνον
1117 655 1200 738 ἥλιον
1221 655 1270 718 καὶ
1292 653 1416 737 σελήνην
1439 670 1486 714 συ·

125 759 289 835 νίστασθαι,
311 756 440 840 γίνεσθαι
463 757 565 820 δὲκαὶ
588 757 710 842 νύκτωρ,
733 756 860 838 ὀλιγάκις
883 756 915 819 δέ
937 759 986 822 καὶ
1008 765 1083 828 πάνυ
1106 759 1155 826 διὰ
1176 760 1296 821 πολλοῦ.
1326 754 1431 819 κύκλον
1453 752 1488 815 δὲ

128 861 275 944 μηδέποτε
296 858 450 943 φαίνεσθαι
472 863 524 942 τῆς
547 858 635 943 ίριδος
658 859 733 942 μηδὲ
755 861 853 940 μεῖζον
876 860 1048 943 ἡμικυκλίου
1068 870 1180 950 τμῆμα.
1214 859 1346 942 ποικίλην
1362 855 1383 920 δ’
1405 852 1484 940 ἔχειν
1502 880 1515 917 ο

125 964 178 1046 τὴν
206 960 332 1047 ἔμφασιν
360 961 407 1024 διὰ
433 961 467 1024 τδ
492 963 566 1026 κατὰ
591 963 644 1046 τὴν
669 966 723 1046 τῆς
744 959 840 1046 ὄψεως
863 963 1019 1029 ἀνάκλασιν
1041 970 1187 1052 φοινικοῦν
1210 963 1258 1026 καὶ
1280 962 1416 1046 πράσινον
1439 957 1487 1021 καὶ

126 1066 267 1148 ἁλουργὸν
288 1064 476 1148 προσπίπτειν
498 1062 549 1127 ἀπ’
570 1065 661 1148 αὐτῆς
683 1068 801 1148 χρῶμα.
824 1071 970 1148 φοινικοῦν
994 1069 1057 1150 μὲν,
1081 1071 1124 1134 ὁτι
1143 1069 1176 1131 τδ
1191 1066 1323 1149 λαμπρὸν
1339 1064 1369 1126 ἐν
1385 1062 1486 1144 μέλανι

126 1168 174 1231 καὶ
197 1166 245 1230 διὰ
268 1165 391 1248 μέλανος
414 1169 560 1251 ὁρώμενον
583 1166 717 1249 τοιαύτην
732 1165 870 1229 ἀποτελεῖ
883 1168 985 1252 χρόαν.
1007 1176 1068 1240 τοῖς
1081 1177 1150 1255 γοῦν
1166 1168 1325 1252 θεωμένοις
1339 1165 1388 1228 τδν
1404 1167 1486 1250 ἡλιον

126 1267 163 1333 δι’
191 1269 318 1354 ὁμίχλης
341 1270 360 1352 ἡ
384 1269 432 1332 διὰ
453 1274 564 1332 καπνοῦ
587 1271 681 1332 δοκεῖν
704 1267 827 1353 ἐρυθρδν
849 1268 935 1333 εἰναι·
959 1273 1007 1335 καί
1030 1275 1083 1358 τὴν
1106 1276 1164 1338 ἀπὸ
1179 1277 1237 1336 τῶν
1253 1272 1378 1356 χλωρῶν
1394 1267 1486 1336 ξύλων

127 1372 223 1455 φλόγα
249 1371 470 1455 πεφοινιγμένην
496 1371 545 1434 διὰ
571 1373 605 1435 τὸ
632 1370 721 1435 πολύν
748 1369 824 1454 αὐτῇ
847 1375 1067 1460 καταμεμῖχθαι
1090 1376 1209 1440 καπνὸν.
1245 1373 1319 1437 κατὰ
1340 1375 1426 1434 τοῦτο
1448 1370 1484 1455 δὴ
1504 1395 1527 1433 ιυ

127 1474 176 1537 καί
199 1474 252 1557 την
275 1472 410 1542 ἐξωτάτω
432 1475 480 1538 καί
504 1474 622 1555 μείζονα
643 1472 826 1558 περιφέρειαν
847 1479 900 1558 τῆς
923 1474 1014 1561 ἴριδος
1035 1479 1183 1565 ἐμφαίνειν
1205 1478 1238 1540 τὸ
1257 1479 1417 1560 φοινικοῦν·
1441 1472 1489 1536 διὰ

125 1577 179 1661 γὰρ
204 1575 326 1658 μέλανος
348 1581 401 1640 τοῦ
423 1577 527 1662 νέφους
548 1576 755 1660 ἀνακλωμένην
777 1577 830 1660 τὴν
853 1577 919 1664 ὄψιν
940 1582 1012 1665 πρὸς
1034 1581 1236 1666 λαμπρότατον
1258 1576 1327 1641 ὁντα
1341 1577 1390 1640 τδν
1405 1576 1488 1660 ἡλιον

126 1678 389 1764 ἀντιλαμβάνεσθαι
416 1682 530 1743 τοιοῦδε
556 1681 724 1764 χρώματος.
760 1679 814 1763 τὴν
835 1681 869 1743 δέ
891 1681 1025 1768 δευτέραν
1047 1685 1096 1748 καί
1117 1684 1215 1767 τρίτην
1237 1679 1419 1765 περιφέρειαν
1440 1677 1488 1740 διὰ

125 1782 178 1865 τὴν
199 1786 253 1865 τῆς
275 1779 371 1865 ὄψεως
393 1782 546 1845 ἀσθένειαν
569 1781 602 1845 τὸ
625 1805 657 1845 τε
678 1783 815 1867 πράσινον
838 1785 887 1847 καί
908 1786 942 1849 τδ
965 1786 1102 1872 άλουργές
1123 1784 1281 1871 ἐμφαίνειν.
1310 1783 1343 1845 τὸ
1367 1778 1392 1846 δ’
1420 1780 1487 1845 ὁλον

125 1885 198 1950 εἶναι
220 1885 273 1970 τὴν
293 1885 349 1969 ἱριν
378 1881 504 1968 ἔμφασιν
531 1884 615 1969 ἡλίου
641 1888 793 1969 τμήματος
818 1886 986 1972 ἡσελήνης
1007 1890 1038 1952 ἐν
1059 1889 1139 1973 νέφει
1166 1887 1257 1971 κοὶλιρ
1283 1885 1332 1948 καί
1360 1884 1484 1967 δεδρυσι·
1503 1907 1527 1948 ιυ

129 1988 228 2073 σμένιρ
244 1988 319 2052 κατὰ
334 1987 442 2051 κύκλου
457 1987 640 2072 περιφέρειαν
663 1986 824 2072 ὁρωμένην.
857 1990 985 2072 γίνεσθαι
1010 1989 1037 2054 δ’
1065 1988 1142 2054 ἔστιν
1164 1989 1213 2053 ὅτε
1235 1989 1349 2071 διπλῆν,
1372 1990 1412 2056 ῶς
1433 1987 1487 2070 τὴν

125 2091 227 2175 ἑτέραν
250 2089 449 2176 ἀμαυροτέραν
472 2088 627 2173 φαίνεσθαι
649 2090 697 2153 καὶ
719 2089 767 2154 διὰ
788 2093 894 2162 παντὸς
915 2092 943 2161 ἐξ
966 2093 1095 2163 ἐναντίας
1118 2091 1274 2174 ἱσταμένην
1295 2095 1333 2172 τῇ
1360 2088 1487 2173 προτέρα

126 2296 179 2379 μὲν
201 2296 260 2359 ἀπὸ
281 2301 335 2380 τῆς
356 2296 446 2379 αὐτῆς
468 2294 571 2370 αἰτίας,
593 2293 663 2358 οὐδὲ
684 2295 742 2380 μὴν
764 2298 873 2379 ὁμοίως
895 2295 1014 2384 ἔχοντος
1028 2300 1081 2360 τοῦ
1096 2296 1209 2381 νέφους.
1245 2295 1382 2379 ὅτανγὰρ
1398 2295 1486 2379 ἀχλυ-

125 2399 200 2467 ῶδες
222 2397 243 2481 ἡ
267 2398 315 2461 καὶ
339 2397 457 2479 ὁμαλές,
478 2396 550 2481 πρδς
572 2397 605 2461 δὲ
627 2397 738 2467 τούτοις
752 2401 898 2469 ὑδατῶδες
920 2401 968 2464 καὶ
983 2400 1100 2476 πυκνόν,
1123 2401 1164 2468 ῶς
1184 2399 1243 2463 ἀπδ
1259 2399 1371 2484 χαλκοῦ
1388 2397 1485 2478 [κατὸ-
1502 2419 1527 2458 ιυ
1580 2445 1583 2451 .

125 2499 228 2583 πτρου]
251 2500 329 2563 λείου
351 2502 503 2583 κλώμενην
525 2501 596 2583 πρὸς
617 2501 666 2563 τὸν
687 2501 770 2586 ἥλιον
792 2502 844 2586 τὴν
868 2501 932 2587 ὄφιν
954 2506 1058 2566 λευκοῦ
1080 2505 1171 2566 ποιεῖν
1194 2502 1363 2586 φαντασίαν.
1397 2522 1486 2582 παρα-

125 2603 247 2686 πλὴσιον
274 2602 328 2685 γάρ
355 2602 431 2687 ἡλίιρ
460 2604 535 2665 κατά
561 2625 593 2664 τε
618 2604 671 2687 τὴν
699 2605 790 2690 χρὸαν
819 2592 866 2668 καὶ
894 2607 927 2670 τδ
955 2612 1059 2691 σχῆμα
1086 2603 1242 2690 φαίνεσθαι
1264 2605 1312 2666 τὸν
1335 2605 1487 2688 παρήλιον.

126 2705 180 2788 τὴν
203 2703 254 2786 μέν
278 2704 332 2787 γὰρ
355 2705 523 2788 ὁμαλότητα
544 2710 597 2769 τοῦ
618 2706 721 2791 νέφους
743 2707 836 2771 αἰτίαν
858 2707 930 2771 εἶναι
951 2713 1003 2773 τοῦ
1026 2711 1193 2794 χρώματος,
1216 2703 1310 2791 τὴνδ’
1331 2707 1487 2769 ἀνάκλασιν

126 2812 179 2891 τῆς
201 2805 297 2892 ὅψεως
318 2811 371 2890 τὴς
397 2811 449 2870 τοῦ
471 2807 571 2891 ἡλίου,
599 2810 646 2872 διά
668 2814 720 2893 τῆς
743 2811 913 2895 ἀχλυῶδους
936 2810 1091 2895 ἐμφάσεως
1112 2809 1347 2894 προσπίπτουσαν
1369 2807 1488 2891 ἀθρόως

127 2912 199 2994 πρὸς
220 2909 444 2992 πεπυκνωμένον
467 2912 567 2996 ὥσπερ
589 2909 726 2995 ἔνοπτρον
748 2912 865 2976 οὐδέπω
887 2914 939 2996 μὲν
962 2913 993 2977 δν
1017 2913 1105 2997 ὕδωρ,
1127 2912 1210 2996 ἐγγὸς
1232 2909 1257 2974 δ’
1286 2911 1417 2995 ύπάρχον
1432 2914 1486 2994 τῆς
1503 2935 1527 2974 τυ

127 3014 198 3095 πρὸς
227 3013 305 3096 ύδωρ
333 3013 508 3097 μεταβολῆς·
538 3015 582 3077 διὸ
609 3015 657 3077 καί
681 3021 800 3098 σημεῖον
830 3017 933 3085 ῦδατος
956 3015 1027 3079 εἰναι
1049 3016 1099 3078 τὸν
1121 3017 1276 3099 παρήλιον·
1304 3013 1353 3076 καί
1377 3012 1486 3095 μᾶλλόν

128 3138 161 3198 γε
183 3116 232 3178 τὸν
254 3115 347 3178 νὸτιον
368 3119 420 3177 τοῦ
443 3117 556 3200 βορείου
579 3118 659 3202 παρὰ
680 3118 713 3181 τδ
736 3120 846 3200 μᾶλλον
868 3120 1056 3204 μεταβαλλειν
1079 3117 1120 3188 εἰς
1143 3120 1221 3201 ύδωρ
1242 3117 1291 3181 τὸν
1307 3115 1400 3179 νὸτιον
1415 3114 1487 3198 ἀέρα

127 3222 178 3282 τοῦ
201 3218 272 3301 πρδς
294 3216 409 3300 ἄρκτον.
446 3220 574 3301 γίνεσθαι
597 3222 629 3284 δέ
651 3220 718 3304 περί
739 3243 770 3283 τε
792 3221 869 3305 [τάς]
892 3222 1033 3291 ἀνατολὰς
1054 3225 1106 3283 τοῦ
1128 3221 1212 3305 ἡλίου
1235 3219 1283 3282 καὶ
1306 3219 1370 3301 περὶ
1393 3217 1488 3286 δύσεις

127 3320 181 3383 οὐκ
204 3319 328 3397 ἀνωθεν,
351 3319 415 3384 ἀλλ’
443 3321 477 3385 ἐκ
499 3327 557 3386 τῶν
579 3324 717 3407 πλαγίων,
741 3324 874 3409 καθάπερ
896 3325 944 3388 καί
967 3325 1018 3393 τάς
1041 3324 1174 3409 ῥάβδους.
1206 3321 1278 3385 εἶναι
1300 3322 1333 3384 δέ
1348 3320 1422 3403 [διὰ]
1436 3321 1488 3390 τάς

126 3423 306 3505 καλουμένας
333 3424 455 3509 β’βδους
484 3425 623 3509 ἰριοειδεῖς
649 3426 767 3499 εὐθείας
794 3425 935 3511 ἐμφάσεις
961 3426 1026 3510 περὶ
1047 3427 1096 3489 τδν
1119 3425 1192 3511 ἀέρα
1214 3423 1421 3507 συνισταμένας
1444 3420 1481 3486 δι’
1504 3449 1529 3488 το

127 3526 294 3608 ἀνωμαλίαν
316 3532 374 3589 τῶν
397 3527 619 3612 ἐνοπτριζὸντων
641 3533 747 3613 νεφῶν.

788 3820 828 3883 15

190 3923 277 3974 Stob.
297 3925 343 3974 ecl.
356 3924 369 3974 1
383 3922 414 3974 51
430 3921 512 3987 [43]1
530 3940 556 3989 p.
571 3922 678 3975 110811.
697 3921 730 3985 [Ι.
742 3924 820 3974 Dum.
838 3926 863 3973 Δ
873 3921 908 3976 28
926 3941 951 3989 ρ.
965 3921 1025 3984 237,
1047 3920 1210 3986 16-21M.]

209 4021 480 4108 Ἀριστοτέλους.
525 4022 568 4089 Τδ
592 4024 624 4087 δέ
646 4021 827 4107 αἰσθητικόν,
850 4026 865 4088 θ
889 4024 925 4108 δὴ
948 4028 1053 4094 κοινῶς
1075 4023 1210 4086 ἁπάντων
1232 4030 1300 4112 τῶν
1314 4022 1399 4108 ζῴων
1420 4020 1490 4084 ίδιον

126 4127 278 4213 (αἰσθήσει
300 4128 354 4211 γάρ
377 4127 521 4212 διαφέρειν
543 4129 577 4191 τδ
600 4132 677 4211 ζῷον
698 4130 750 4191 τοῦ
773 4125 889 4212 φυτοῦ),
910 4129 1090 4190 πενταπλοῦν
1112 4126 1247 4191 ἐοικέναι.
1275 4132 1360 4190 τοῦτο
1381 4125 1436 4208 γάρ
1458 4124 1491 4187 τδ

127 4285 143 4338 8
162 4283 240 4352 μέλαν
253 4289 290 4335 A:
310 4281 416 4351 μέλανος
435 4289 541 4336 Aristot.
556 4288 571 4335 l.
586 4303 608 4336 c.
621 4304 645 4351 p.
660 4283 752 4338 374·3
767 4282 781 4350 Η
833 4286 884 4335 levi
896 4279 908 4352 Η
921 4281 953 4335 21
965 4281 1141 4351 κλωμένουΙίι
1155 4283 1286 4353 κλῶμενον
1299 4285 1333 4336 C:
1347 4285 1448 4334 correxi
1461 4284 1492 4334 cf.

125 4369 228 4428 τούτους
240 4373 298 4439 γοῦν
310 4367 498 4439 θιωμένουςθι
516 4383 583 4425 recte
601 4375 622 4426 C
637 4370 651 4442 ΙΙ
671 4372 687 4426 9
704 4370 720 4441 ἡ
738 4370 782 4424 καί
833 4375 913 4424 Arist.
941 4390 965 4439 p.
983 4370 1092 4425 3772121
1122 4369 1205 4442 ῶσπερ
1228 4371 1277 4425 ἀπὸ
1299 4369 1398 4442 χαλκοῦ
1425 4367 1491 4422 λείου

126 4459 172 4529 τὴν
186 4462 220 4511 C:
239 4456 256 4527 ἡ
274 4457 368 4527 zm:
387 4456 404 4527 ἡ
423 4463 507 4513 delevi
525 4459 540 4529 Η
564 4461 595 4514 10
615 4458 731 4513 παλῦνΑ
750 4463 781 4512 εί.
833 4455 967 4528 κλωμένης
991 4461 1047 4528 (τῆς
1070 4457 1163 4528 ὄψεως)
1190 4459 1204 4530 ΙΙ
1229 4459 1263 4514 28
1284 4459 1329 4517 τάς
1351 4461 1401 4510 del.
1426 4461 1491 4510 Μεί-

126 4551 206 4601 Arist.
225 4547 331 4601 374161
357 4551 435 4614 vulgo
453 4548 536 4618 παχύν
554 4566 586 4599 ex
599 4550 755 4616 apographis
769 4545 784 4618 11
836 4549 903 4598 neke
924 4544 937 4612 ΙΙ
957 4545 991 4600 29
1010 4544 1036 4599 δέ
1055 4545 1095 4600 διὰ
1112 4550 1146 4600 F:
1166 4547 1338 4599 truncatusC

129 4637 159 4689 ll
179 4634 291 4705 ἐμφαίνει
309 4638 348 4686 A:
367 4652 432 4687 corr.
451 4639 555 4688 Heeren
573 4633 588 4703 Η
612 4636 642 4689 15
661 4634 785 4705 εἶναιτὴν
1415 4651 1432 4706 χ

127 4724 161 4775 C:
181 4739 231 4775 om.
248 4725 271 4775 F
291 4718 304 4790 β
327 4721 358 4774 17
376 4720 511 4792 ἱσταμένην
530 4726 564 4776 c=
582 4723 711 4791 ἱστάμενον
728 4726 788 4776 θυι
873 4721 907 4776 32
924 4718 1105 4792 Ἀριστοτέλους
1123 4725 1144 4774 F
1163 4727 1189 4777 in
1207 4739 1303 4789 marga
1322 4721 1435 4792 ἀριστοτί
1453 4726 1492 4777 Βι

126 4816 242 4864 similiter
251 4832 275 4863 v.
283 4811 316 4864 18
326 4808 787 4879 ἀπεστραμμένονΙΙῙθοὸττΑτυοπ,
840 4812 926 4862 otu-0
946 4813 977 4862 cs.
996 4812 1068 4862 Prol.
1087 4828 1112 4876 p.
1125 4811 1159 4863 74
1167 4809 1183 4862 ¹.
1202 4821 1338 4879 praeterea
1355 4830 1380 4878 p.
1393 4809 1492 4877 73uqq.

126 4902 248 4955 Μείιιοὶιε
257 4896 270 4969 ΙΙ
279 4897 313 4951 δΟ
321 4896 369 4949 ἀπὸ
379 4901 416 4950 A:
429 4901 507 4964 vulgo
518 4897 566 4950 ὁπὸ
575 4898 736 4968 ζγκατάπτρυυ
743 4901 788 4950 de·
840 4913 863 4950 11
877 4913 906 4950 v1
921 4914 963 4951 νιι
983 4893 998 4966 ΙΙ
1017 4894 1046 4949 τὸ
1063 4895 1095 4966 δὴ
1114 4899 1178 4951 AD:
1198 4901 1299 4951 correxi
1313 4894 1326 4966 ΙΙ
1337 4903 1390 4950 τῶν
1402 4915 1452 4950 om.
1465 4900 1491 4950 D
