3442 5588
354 308 551 361 HIPPOLYTI
572 306 936 361 PHILOSOPHUMENON
955 307 1178 360 Pnoofflwu
1386 304 1450 370 553

424 779 490 836 ΤΟΥ
509 778 608 835 ΚΑΤΑ
629 777 745 837 ΠΑΣΩΠ
765 777 941 835 ΑΙΡΕΣΕΩΝ
958 776 1119 836 ΕΛΕΓΧθΥ

646 917 807 975 ’ΒΙΒΑΙΟΝ
827 918 867 973 Α’.

618 1057 918 1116 ΦίλθΣθΦθΥΠΕΝΑ

647 1201 890 1286 Προοίμιον

222 1306 301 1372 Τάδε
322 1305 430 1370 ἔνεστιν
453 1307 484 1368 ἐν
506 1311 543 1388 τῇ
567 1309 671 1390 πρώτη
693 1302 762 1368 Τοῦ
784 1305 871 1369 κατὰ
894 1306 1016 1366 πασῶν
1039 1303 1214 1387 αἱρέσεων
1236 1302 1398 1390 ἐλέγχου.

220 1408 291 1474 Τίνα
313 1409 349 1472 τὰ
371 1408 492 1478 δόξαντα
517 1413 577 1477 τοῖς
599 1411 766 1494 φυσικοῖς
787 1408 956 1492 φιλοσόφοις
977 1405 1026 1469 καὶ
1052 1406 1126 1474 τίνες
1152 1404 1232 1469 οὗτοι
1265 1406 1313 1469 καὶ
1335 1406 1399 1469 τίνα

133 1513 170 1576 τὰ
187 1517 248 1582 τοῖς
270 1510 414 1596 ἠθικοῖς
436 1511 485 1574 καὶ
502 1511 577 1581 τίνες
594 1509 675 1574 ούτοι
697 1510 745 1573 καὶ
766 1509 830 1573 τίνα
855 1510 891 1573 τά
911 1512 971 1577 τοῖς
993 1509 1235 1577 διαλεκτικοῖς
1258 1509 1306 1571 καὶ
1325 1509 1398 1578 τίνες

133 1617 161 1678 οί
183 1613 367 1679 διαλεκτικοί.
1303 1644 1308 1651 -

104 1736 117 1774 ο
220 1714 370 1780 Φυσικολ
402 1716 455 1796 μέν
481 1714 532 1779 ούν
565 1714 665 1800 Θαλῖης
692 1714 867 1799 Πυθαγόρας
890 1711 1088 1797 Ἐμπεδοκλῆς
1110 1712 1294 1798 Ἡράκλειτος
1320 1710 1399 1778 Ἀνα-

132 1818 282 1902 ξίμανδρος
310 1815 493 1901 Ἀναξιμένης
527 1816 718 1902 Ἀναξαγόρας
747 1815 905 1903 Ἀρχέλαος
938 1814 1120 1900 Παρμενίδης
1149 1815 1314 1885 Λεύκιππος
1342 1815 1398 1899 Δη-

135 1922 269 2006 μόκριτος
292 1919 459 2004 Ξενοφάνης
476 1916 639 2005 Ἔκφαντος
654 1917 775 1984 Ἵππιον.

214 2020 351 2086 Ἠθικοὶ
373 2021 532 2106 Σωκράτης
543 2019 703 2108 Ἀρχελάου
719 2022 854 2107 μαθητὴς
869 2027 920 2087 τοῦ
935 2026 1069 2107 φυσικοῦ,
1085 2020 1208 2086 Πλάτων
1223 2020 1398 2104 Σωκράτους

137 2125 287 2209 μαθητής·
317 2124 401 2194 ούτος
423 2125 475 2194 τάς
495 2130 570 2209 τρεῖς
592 2125 764 2211 φιλοσοφίας
786 2121 889 2207 ἔμιξεν.
1227 2110 1235 2119 “

93 2247 119 2285 ιο
222 2228 449 2291 Διαλεκτικοὶ
468 2225 666 2312 Ἀριστοτέλης
688 2226 843 2296 Πλάτωνος
869 2228 1019 2312 μαθητής·
1048 2225 1132 2296 ούτος
1143 2227 1195 2310 τήν
1221 2227 1402 2310 διαλεκτικὴν

128 2332 333 2414 συνεστήσατο.
370 2329 495 2394 Στωικοί
517 2331 550 2393 δὲ
568 2329 741 2415 Χρύσιππος
762 2329 876 2414 Ζήνων.

216 2431 384 2517 Ἐπίκουρος
402 2433 436 2495 δέ
453 2433 558 2518 σχεδδν
574 2433 702 2497 ἐναντίαν
716 2432 802 2502 δόξαν
816 2437 903 2497 πᾶσιν
924 2432 1124 2518 ἐπεχείρησεν,
1146 2431 1269 2518 Πύρρων
1293 2430 1402 2497 όἈκα·

134 2538 238 2621 δήμιος
252 2533 350 2621 (ούτος
360 2535 561 2621 ἀκαταληψίαν
576 2539 634 2599 τῶν
649 2536 764 2600 πάντων
778 2533 880 2621 λέγει),
895 2533 1072 2621 Βραχμᾶνες
1086 2537 1114 2600 οἱ
1125 2535 1156 2598 ἐν
1164 2533 1271 2613 Ἰνδοῖς,
1283 2534 1401 2619 Δρυίδαι

136 2640 164 2700 οἱ
186 2638 217 2700 ἐν
240 2635 362 2706 Κελτοῖς
384 2639 433 2701 καὶ
451 2637 592 2708 Ἡσίοδος.

91 3069 117 3108 1ο
221 3048 335 3115 Οὐδένα
358 3049 452 3131 μῦθον
474 3054 532 3111 τῶν
548 3049 617 3133 παρ’
631 3045 751 3133 Ἕλλησι
772 3051 983 3132 νενομισμένων
1009 3051 1209 3134 παραιτητέον.
1239 3053 1327 3115 πιστὰ
1345 3051 1399 3136 γάρ

139 3153 188 3216 καὶ
220 3154 257 3217 τὰ
287 3152 436 3216 ἀσύστατα
464 3151 561 3216 αὐτῶν
589 3153 719 3236 δόγματα
747 3154 871 3238 ἡγητέον
904 3153 952 3217 διά
988 3153 1041 3237 τήν
1075 3154 1310 3239 ὑπερβάλλουσαν
1343 3158 1402 3217 τῶν

136 3257 288 3339 αίρετικῶν
316 3255 433 3337 μανίαν,
466 3256 495 3318 οἳ
521 3256 569 3319 διά
595 3256 628 3317 τδ
657 3259 770 3320 σιωπᾶν
797 3256 990 3341 ἀποκρύπτειν
1022 3279 1054 3319 τε
1080 3257 1116 3319 τὰ
1149 3254 1260 3339 ἀρρητα
1290 3256 1402 3318 ἑαυτῶν

136 3360 278 3443 μυστήρια
308 3358 503 3442 ἐνομίσθησαν
537 3360 655 3429 πολλοῖς
686 3357 755 3421 θεδν
789 3358 897 3443 σέβειν·
932 3358 973 3420 ὧν
1007 3360 1055 3422 καί
1089 3360 1178 3421 παλαι
1212 3357 1334 3442 μετρίως
1366 3356 1403 3421 τά

134 3461 264 3544 δόγματα
291 3459 467 3544 ἐξεθέμεθα,
495 3461 530 3526 οὐ
559 3459 633 3525 κατὰ
660 3460 764 3524 λεπτδν
786 3460 989 3538 ἐπιδείξαντες,
1022 3459 1098 3524 ἀλλά
1130 3460 1299 3545 ἁδρομερῶς
1326 3460 1403 3543 ἐλέγ-

91 3583 116 3621 ιο
135 3562 249 3642 ξαντες,
281 3565 371 3647 μηδὲν
400 3564 478 3634 ἀξιον
508 3565 687 3649 ἡγησάμενοι
713 3563 750 3627 τά
777 3562 888 3647 ἄρρητα
914 3562 1011 3627 αὐτῶν
1038 3562 1079 3632 είς
1106 3567 1171 3647 φῶς
1196 3561 1292 3645 ἀγειν,
1322 3563 1403 3633 ὅπως

133 3663 170 3729 δι’
199 3666 374 3749 αἰνιγμάτων
402 3668 488 3750 ήμῶν
514 3666 682 3749 ἐνθεμένων
710 3666 746 3730 τά
772 3665 894 3735 δόξαντα
920 3665 1019 3736 αὐτοῖς
1045 3664 1262 3751 αἰσχυνθέντες,
1290 3668 1404 3749 μήποτε

136 3769 184 3832 καὶ
205 3770 243 3833 τὰ
263 3768 375 3853 ἄρρητα
397 3767 556 3839 ἐξειπόντες
577 3768 684 3838 ἀθέους
705 3768 902 3852 ἐπιδείξωμεν,
923 3769 1093 3834 παύσωνταί
1109 3768 1163 3851 [τι]
1179 3773 1232 3852 τῆς
1248 3767 1401 3851 ἀλογίστου

137 3874 256 3955 γνώμης
284 3873 332 3935 καί
362 3871 504 3955 ἀθεμίτου
538 3872 758 3956 ἐπιχειρήσεως.
789 3870 853 3935 ἀλλ’
891 3871 954 3935 ἐπεὶ
991 3872 1052 3955 δρῶ
1086 3871 1128 3955 μὴ
1163 3870 1403 3953 δυσωπουμένους

133 3973 239 4044 αὐτούς
261 3975 314 4058 τἠν
336 3974 480 4059 ἡμετέραν
503 3974 657 4036 ἐπιείκειαν
680 3976 757 4058 μηδὲ
774 3974 986 4057 λογιζομένους,
1009 3976 1049 4042 ῶς
1065 3972 1133 4043 θεὸς
1150 3972 1336 4057 μακροθυμεῖ
1349 3970 1399 4036 ὑπ’

95 4094 119 4132 ²⁶
135 4074 234 4139 αὐτῶν
262 4076 540 4161 βλασφημούμενος,
569 4077 649 4145 ὅπως
672 4076 692 4159 ἢ
715 4075 897 4147 αἰδεσθέντες
928 4076 1144 4160 μετανοήσωσιν
1167 4077 1187 4160 ή
1211 4075 1405 4157 ἐπιμείναντες

134 4178 253 4248 δικαίως
280 4178 422 4263 κριθῶσι,
456 4178 585 4264 βιασθεὶς
616 4178 732 4262 πρόειμι
758 4178 858 4249 δείξων
884 4179 981 4244 αὐτῶν
1007 4177 1044 4242 τά
1069 4176 1221 4262 ἀπόρρητα
1250 4179 1403 4262 μυστήρια,

134 4278 153 4342 ἀ
174 4284 234 4349 τοῖς
257 4281 430 4364 μυουμένοις
452 4282 526 4364 μετὰ
549 4283 676 4364 μεγάλης
697 4281 874 4351 ἀξιοπιστίας
889 4281 1095 4367 παραδιδόασιν
1118 4280 1153 4344 οδ
1175 4279 1314 4364 πρότερον
1335 4281 1403 4364 όμο

134 4383 324 4466 λογήσαντες,
356 4383 382 4445 εί
410 4385 452 4468 μὴ
480 4385 530 4447 τδν
557 4388 686 4447 τοιοῦτον
714 4385 918 4448 δουλιύσωνται
948 4383 1047 4469 χρόνῳ
1076 4383 1327 4466 ἀνακρεμάσαντες
1352 4385 1401 4448 καὶ

132 4484 304 4569 βλάσφημον
340 4486 413 4570 πρδς
448 4487 497 4549 τδν
532 4483 623 4556 ύντως
655 4486 724 4550 θεὸν
758 4486 1024 4555 κατασκευάσαντες
1052 4486 1100 4549 καί
1130 4485 1277 4569 περιεργίᾳ
1305 4486 1402 4572 γλιχό-

91 4605 116 4644 ³⁰
135 4609 220 4668 μενον
253 4592 306 4672 τῆς
341 4587 512 4671 ἐπαγγελίας
545 4586 639 4653 ἴδωσι.
683 4588 731 4652 καί
752 4588 819 4651 τότε
852 4589 1059 4669 δοκιμάσαντες
1092 4587 1209 4670 δέσμιον
1242 4586 1315 4653 είναι
1349 4593 1402 4673 τῆς

134 4691 276 4776 ἁμαρτίας
310 4695 413 4772 μυοῡσι
446 4692 479 4754 τδ
512 4691 621 4756 τέλειον
653 4697 712 4755 τῶν
745 4694 844 4755 κακῶν
876 4690 1097 4776 παραδιδόντες,
1131 4691 1228 4775 ὅρκοις
1263 4692 1403 4775 δήσαντες

134 4794 209 4876 μήτε
235 4793 355 4863 ἐξειπεῖν
384 4796 458 4877 μήτε
484 4799 527 4879 τῷ
553 4793 671 4879 τυχόντι
696 4796 882 4877 μεταδοῦναι,
910 4793 936 4858 εί
963 4795 1004 4878 μὴ
1028 4794 1137 4876 ὁμοίως
1158 4793 1341 4877 δουλωθείη,
1368 4793 1403 4858 ού

136 4895 223 4977 μόνον
245 4897 460 4981 παραδοθέντος
482 4896 535 4960 ούκ
558 4894 599 4960 ἔτι
623 4899 707 4981 ὅρκος
729 4899 884 4982 ἀναγκαῖος
907 4896 953 4983 ἦν.
998 4898 1014 4960 ό
1036 4895 1091 4980 γάρ
1113 4895 1269 4979 ὑπομείνας
1290 4896 1396 4960 παθεῖν
