3442 5588
284 347 349 410 ὅπη
576 344 773 396 εειενοεεπι
791 345 1154 398 Ριεειοσοναυιειοινοπ
1173 346 1258 399 ιιι-ι
1275 345 1363 398 ει-ι

336 513 393 578 ὑπὸ
411 513 505 599 ἀέρος.
537 510 661 582 ἐκπνοὰς
677 508 703 574 δ’
721 510 843 595 ὑπάρξαι
860 513 967 598 πόρους
981 512 1060 584 τινάς
1078 513 1230 594 αύλόδεις,
1252 515 1320 580 καθ’
1339 517 1390 588 οὓς
1410 516 1545 603 φαίνεται
1564 516 1602 579 τά

335 616 441 702 ἄστρα·
476 617 521 679 διδ
544 615 592 678 καὶ
615 613 872 711 ἐπιφρασσομένων
894 621 953 679 τῶν
975 616 1107 681 ἐκπνοῷν
1129 618 1181 687 τάς
1203 618 1345 705 ἐκλείψεις
1365 619 1508 704 γίνεσθαι.

294 728 311 782 5
337 720 389 803 τὴν
402 720 435 782 δὲ
456 720 580 803 σελήνην
600 717 671 780 ποτὲ
692 717 744 799 μὲν
764 716 967 802 πληρουμένην
989 719 1155 804 φαίνεσθαι,
1176 721 1247 785 ποτὲ
1270 722 1303 785 δέ
1325 721 1504 807 μειουμένηνΙ
1521 722 1603 806 παρὰ

334 824 387 907 τὴν
409 826 469 885 τῶν
491 821 589 906 πόρων
616 818 766 904 ἐπίφραξιν
788 819 808 903 ἠ
833 818 948 888 ἄνοιξιν.
983 821 1057 886 είναι
1079 823 1113 885 δὲ
1133 824 1183 887 τὸν
1206 823 1312 888 κύκλον
1333 829 1386 889 τού
1407 826 1493 908 ἡλίου
1515 826 1602 888 ἑπτα·

336 923 620 990 καιεικοσιπλασίονα
640 926 695 1006 τῆς
716 923 856 1006 σελήνης,
877 923 926 987 καὶ
954 923 1095 988 ἀνωτάτω
1123 926 1176 1007 μὲν
1202 924 1275 989 είναι
1304 926 1355 989 τδν
1381 928 1480 1012 ἥλιον,
1508 947 1632 990 urm-s

303 1031 417 1093 όπάτω
439 1029 473 1092 δέ
493 1028 561 1097 τοὺς
582 1030 641 1089 τῶν
664 1025 802 1088 ἀπλανῶν
816 1025 947 1109 ἀστέρων
961 1025 1095 1097 κύκλους.
1215 1028 1252 1091 τά
1274 1029 1307 1091 δὲ
1328 1032 1392 1113 ζῷα
1409 1028 1540 1111 γίνεσθαι
1559 1043 1601 1076 *⁸

336 1130 544 1214 ἐξατμιζόμενα
566 1128 623 1191 ὑπὸ
645 1131 696 1191 τού
719 1128 814 1210 ἡλίου.
849 1128 899 1190 τὸν
920 1127 954 1190 δὲ
975 1127 1130 1214 ἄνθρωπον
1153 1129 1244 1216 ἐτέρεμ
1266 1130 1337 1216 ζῷεμ
1356 1130 1512 1214 γεγονέναι,
1536 1133 1602 1195 τού

303 1244 319 1297 i
338 1254 430 1298 πεστιν
444 1231 539 1317 ἰχθύι,
554 1230 755 1315 παραπλήσιον
767 1226 831 1292 κατ’
848 1229 953 1314 ἀρχάς.
1018 1230 1143 1314 ἀνέμους
1157 1232 1190 1295 δέ
1203 1231 1334 1315 γίνεσθαι
1348 1237 1407 1296 τῶν
1417 1234 1602 1297 λεπτοτάτων

339 1338 441 1418 ἀτμῶν
463 1338 515 1398 τού
541 1332 627 1417 ἀέρος
649 1331 883 1417 ἀποκρινομένων
905 1332 955 1395 καὶ
983 1332 1051 1396 ὅταν
1082 1335 1266 1419 ἀθροισθῷσε
1292 1334 1482 1417 κινουμένων,
1515 1337 1601 1400 ὑετὸν

335 1441 368 1504 δὲ
389 1438 490 1522 ἐκτός
504 1436 624 1519 ἀτμίδος
638 1440 691 1519 τῆς
711 1433 775 1517 Τέκ
790 1436 849 1497 τῷν
871 1431 922 1518 ὑφ’
938 1435 1022 1518 ἥλιον
1044 1437 1267 1522 ἀναδιδομένης·
1291 1439 1441 1523 ἀστραπὰς
1462 1439 1506 1516 δέ,
1527 1439 1598 1505 όταν
1616 1459 1639 1498 ιο

334 1543 440 1626 ἄνεμος
461 1540 612 1624 ἐμπίπτων
636 1539 733 1621 διιστᾷ
754 1537 805 1607 τάς
827 1536 959 1622 νεφέλας.
987 1538 1071 1608 οὗτος
1093 1538 1205 1623 ἐγένετο
1231 1542 1307 1605 κατά
1333 1539 1398 1612 ἔτος
1426 1541 1521 1624 τρίτον
1548 1545 1602 1625 τῆς

332 1648 566 1728 τεσσαρακοστῆς
590 1641 725 1724 δευτέρας
747 1641 934 1722 ὀλυμπιάδος.

410 1746 429 1812 'i
458 1744 688 1828 Ἀναξιμένης
703 1745 737 1807 δὲ
752 1744 799 1807 καὶ
815 1743 904 1812 αὐτὸς
919 1743 960 1805 ὢν
976 1740 1136 1827 Μιλήσιος,
1159 1745 1220 1814 υίὸς
1240 1743 1264 1807 δ’
1289 1743 1503 1830 Εὐρυστράτου,
1526 1744 1601 1830 ἀέρα

336 1850 454 1934 ἄπειρον
477 1847 535 1935 ἔφη
558 1850 611 1934 τἠν
634 1848 730 1932 ἀρχὴν
751 1844 835 1923 εἶναι,
863 1843 893 1914 ἐξ
919 1844 954 1908 ού
982 1844 1019 1907 τά
1040 1845 1175 1928 γινόμενα
1201 1847 1250 1910 καὶ
1271 1847 1309 1910 πά
1333 1848 1470 1931 γεγονότα
1491 1848 1541 1912 καὶ
1563 1847 1600 1910 τά

334 1953 461 2035 ἐσόμενα
481 1952 530 2016 καί
553 1951 639 2020 θεοὺς
661 1949 711 2014 καλ
727 1947 795 2011 θεῖα
808 1946 954 2031 γίνεσθαι,
980 1947 1017 2009 τά
1047 1948 1080 2011 δὲ
1106 1948 1194 2011 λοιπά
1223 1949 1257 2013 ἐκ
1284 1952 1342 2014 τῶν
1363 1952 1467 2015 τούτου
1490 1950 1597 2034 ἀπογό·
1616 1970 1640 2008 ιο

301 2064 406 2119 θνων.
536 2055 570 2117 εδ
593 2054 626 2116 δὲ
648 2051 725 2120 εἶδος
745 2053 797 2113 τοῦ
820 2050 906 2135 ἀέρος
927 2053 1072 2113 τοιοῦτον·
1102 2051 1170 2115 όταν
1193 2053 1246 2134 μὲν
1269 2055 1458 2136 όμαλύτατος
1479 2051 1513 2137 ᾖ,
1532 2051 1597 2140 ὄψει

332 2159 451 2242 ἀίδηλον,
478 2156 639 2241 δηλοῦσθαι
667 2154 700 2218 δέ
721 2157 764 2238 τῷ
788 2156 893 2238 ψυχρῷ
910 2152 960 2215 καλ
984 2156 1027 2236 τῷ
1057 2152 1160 2238 θερμῷ
1188 2155 1237 2219 καί
1266 2161 1310 2241 τῷ
1338 2160 1447 2242 νοτερῷ
1476 2158 1526 2222 καὶ
1554 2162 1598 2243 τῷ

335 2259 507 2345 κινουμένῳ.
543 2256 684 2322 κινεῖσθαι
706 2256 739 2319 δὲ
761 2255 821 2319 ἀεί·
850 2255 885 2319 οὐ
904 2254 959 2339 γὰρ
982 2256 1170 2340 μεταβαλλεεν
1199 2257 1255 2321 ὅσα
1283 2260 1471 2344 μεταβαλλει,
1499 2260 1527 2324 εί
1557 2261 1600 2344 μὴ

303 2367 455 2428 3κινοῖτο.
576 2360 772 2442 πυκνούμενον
797 2357 852 2442 γάρ
873 2358 923 2421 καὶ
948 2357 1138 2441 ἀραιούμενον
1167 2359 1304 2444 διάφορον
1330 2361 1499 2444 φαίνεσθαι·
1529 2363 1600 2426 όταν

332 2467 387 2551 γὰρ
409 2465 450 2535 είς
467 2465 501 2528 τὸ
523 2463 691 2547 ἀραιότερον
713 2460 855 2546 διαχυθῇ,
877 2465 935 2545 πῦρ
957 2459 1097 2543 γίνεσθαι,
1121 2459 1245 2542 ἀνέμους
1267 2461 1300 2524 δέ
1321 2462 1407 2525 πολιν
1428 2462 1501 2527 εἶναι
1524 2465 1599 2548 ἀέρα
1617 2484 1643 2523 ευ

334 2568 545 2650 πυκνούμενον,
574 2563 604 2633 ἐξ
639 2565 724 2649 ἀέρος
757 2562 816 2647 (δὲ>
850 2564 936 2648 νέφος
970 2563 1176 2627 ἀποτελεῖσθαι
1210 2563 1286 2628 κατὰ
1313 2564 1366 2648 τὴν
1400 2567 1531 2650 πίλησιν,
1556 2567 1602 2631 ἔτι

285 2841 409 2913 1πύρους
426 2843 493 2900 τινάς
510 2840 631 2912 αύρόνδιις
649 2842 738 2894 Cels:
761 2839 851 2897 τόπους
873 2839 940 2897 τινάς
991 2842 1013 2892 Β
1034 2837 1047 2909 ΙΙ
1068 2840 1086 2893 8
1108 2836 1181 2908 ίχθείι
1203 2842 1249 2892 sed
1272 2843 1363 2893 ultim
1387 2858 1395 2893 ι
1422 2845 1567 2896 οεοοεθεειι
1589 2845 1612 2896 Β
1635 2842 1650 2910 ΙΙ

282 2929 398 3001 ἀερώδεις
408 2933 479 2982 libri:
493 2934 595 2983 correxi
613 2931 685 2983 Prol.
704 2948 729 2996 p.
739 2926 790 2982 204
802 2924 816 2996 ΙΙ
828 2928 940 2998 φαίνεται
991 2927 1049 2981 9ἐκ
1061 2930 1106 2979 τοῦ
1119 2927 1191 2996 ἀέρος
1208 2928 1285 2980 Osdr.
1303 2925 1318 2995 ΙΙ
1336 2925 1468 2999 ἀθμηθῶσι
1486 2932 1510 2983 Τ
1529 2929 1543 2999 ΙΙ
1564 2929 1651 2989 berbi:

282 3021 353 3070 libri:
377 3017 506 3087 φαίνονται
524 3019 600 3071 Cedr.
620 3013 749 3087 φαίνεσθαι
768 3020 940 3069 verisimiliter
991 3017 1068 3068 Cedr.
1086 3017 1194 3067 fortasse
1207 3019 1300 3068 rectius
1313 3011 1328 3084 ΙΙ
1343 3015 1376 3069 10
1388 3015 1418 3068 ἐκ
1431 3020 1477 3086 της
1489 3017 1593 3087 ἀτμίδος
1606 3022 1651 3088 τῆς

282 3109 383 3160 Usener
414 3103 428 3175 ΙΙ
459 3104 476 3158 θ
507 3104 575 3175 παρὰ
605 3106 682 3157 Cedr.
711 3107 749 3157 T:
779 3105 846 3157 κατὰ
872 3106 894 3156 C
924 3101 938 3171 ΙΙ
991 3101 1021 3154 ἐκ
1038 3106 1091 3153 τῶν
1104 3098 1144 3170 ὑφ’
1160 3099 1536 3173 ἠλιονάναδιδουμένηςίλοάεπ
1557 3105 1588 3158 ἐκ
1606 3110 1651 3176 γῆς

280 3194 298 3245 4
321 3191 625 3245 ἑπτακαιεικοσαπλασίονα
653 3194 742 3245 Cedr:
767 3191 939 3244 ἐπτακαιεικο-
990 3187 1378 3260 [πητΤ]ἀναδιδομίνηςέκπῶν
1394 3189 1516 3261 ὑφ’ἥλιον
1527 3195 1650 3260 libripro

281 3278 432 3332 σαπλασίονα
450 3281 508 3334 BC:
527 3277 853 3333 έπτακοσιεικοσαπλασίονα
870 3282 938 3332 Ros·
990 3274 1020 3327 ἐκ
1031 3281 1084 3328 τῶν
1094 3273 1134 3346 ὑφ’
1149 3275 1220 3345 ἥλιον
1230 3288 1350 3345 corrupto
1360 3284 1429 3331 coni.
1439 3279 1469 3331 ίκ
1477 3285 1531 3333 τῶν
1540 3279 1652 3350 νεφελῶν

280 3385 327 3434 ρετ
338 3365 437 3436 ΙΙύτού
450 3371 496 3437 τῆς
508 3366 614 3437 σελήνης
625 3369 719 3420 Βοεάι.
731 3364 836 3436 σελήνης
854 3376 939 3419 tuetur
990 3366 1183 3430 Gottingenses.
1210 3369 1295 3418 sensui
1318 3369 1476 3418 σεάείεεεεει
1501 3367 1531 3420 ἐκ
1559 3366 1652 3433 [inlr]

281 3456 473 3507 Teicbmueller
490 3456 564 3508 stud.
583 3472 604 3507 κ.
618 3454 710 3509 Gsscb.
723 3456 749 3506 ιλ
761 3453 838 3520 Bsgr.
856 3472 881 3521 p.
896 3455 938 3507 17.
989 3455 1036 3522 γῆς
1054 3450 1096 3522 ὑφ’
1115 3450 1187 3522 ἡλίου
1199 3456 1230 3505 ei.
1246 3456 1326 3506 Arius
1337 3456 1399 3506 Did.
1412 3457 1442 3507 fr.
1456 3453 1487 3506 ll
1505 3473 1531 3521 p.
1541 3455 1603 3519 451,
1616 3454 1651 3508 20

281 3545 366 3595 Zsllsr
377 3541 407 3595 1⁴
421 3541 472 3595 207
492 3546 523 3594 oi.
541 3543 613 3596 Prol.
631 3561 656 3609 ρ.
670 3539 730 3598 68².
762 3557 848 3594 errore
867 3558 937 3593 com·
990 3542 1121 3607 Tbsopbr.
1131 3538 1202 3593 :133
1213 3541 1306 3607 1:494,
1317 3543 1333 3597 6
1344 3544 1423 3608 Diog.
1433 3545 1474 3594 IX
1487 3541 1520 3595 19
1535 3544 1597 3594 Δύο
1609 3543 1652 3593 111

282 3633 401 3697 pilaboris
418 3647 466 3696 pro
485 3633 531 3699 γῆς
549 3630 669 3696 seriptum
690 3639 777 3681 seusei
789 3630 938 3695 Gruppsum
988 3625 1219 3696 ίεΙΙΗίκπίπτων
1229 3625 1333 3699 διίστησι
1344 3625 1652 3699 Οοάπ.1113Ἀναξιμόνης

279 3725 382 3770 secutus
404 3719 515 3784 Rospsr.
547 3734 600 3770 non
624 3719 701 3783 pleno
724 3718 852 3782 descripta
873 3714 939 3766 mihi
988 3712 1368 3785 ΒΙΙάίρα-Ιῧγίνεσθαιεκυ.
1377 3714 1480 3786 θάλπη
1495 3716 1652 3783 14κα1ροει

279 3807 399 3858 videntur
413 3807 477 3857 talis
489 3801 801 3856 ίπτακαιεικοσιπλασίονα
813 3804 872 3870 (τῆς
883 3804 938 3870 γῆς,
989 3801 1104 3871 γινόμενα
1116 3804 1206 3855 Cedr:
1220 3821 1272 3856 om.
1284 3806 1344 3858 libri
1357 3802 1372 3872 Η
1394 3803 1426 3857 15
1438 3800 1529 3856 τούτου
1543 3805 1578 3857 0:
1590 3800 1648 3856 πού·

280 3890 579 3945 ἐννεακαιδεκαπλασίονα
609 3890 635 3943 ll
666 3890 720 3954 τὸν)
748 3893 795 3959 τῆς
826 3887 940 3957 σελήνης.
988 3893 1083 3943 τωνΤ
1106 3907 1159 3942 non
1183 3899 1250 3943 reete
1274 3893 1408 3945 defensum
1426 3909 1443 3944 ο
1460 3893 1560 3945 Wolilo
1578 3893 1646 3944 lios·

281 3982 369 4031 lunam
389 3983 467 4032 etism
485 3983 512 4030 in
531 3982 656 4046 proximis
675 3981 804 4032 dosideres
829 3980 860 4028 οί.
879 3981 939 4029 Δύο
992 3994 1056 4045 pero
1068 3978 1270 4031 Schneidewino
1284 3977 1298 4046 Η
1314 3980 1346 4034 16
1359 3978 1390 4049 ἦν
1403 3977 1468 4048 όψει,
1480 3975 1585 4048 εύδηλον
1598 3981 1622 4030 Τ
1635 3975 1650 4046 ΙΙ

280 4068 352 4119 Piae.
364 4068 394 4118 11
410 4064 467 4119 15:
491 4062 679 4136 Ἀναξίμανδρος
693 4104 699 4117 .
713 4104 720 4118 .
734 4103 740 4117 .
754 4065 877 4118 ἀνωτάτω
895 4062 941 4131 μὲν
994 4066 1026 4119 17
1046 4064 1135 4134 ψυχῷ,
1160 4083 1224 4131 mrg.
1247 4065 1332 4137 ψυχιῷ
1350 4069 1372 4119 Β
1394 4067 1407 4133 ΙΙ
1426 4067 1456 4119 τό
1474 4063 1575 4135 νοτερὸν
1592 4067 1615 4117 Β
1635 4062 1650 4133 ll

279 4153 380 4205 πάντων
408 4152 451 4205 τόν
475 4150 546 4222 ἥλιον
569 4149 702 4222 τετάχθαι,
731 4155 789 4221 μετ’
813 4148 888 4203 εύτὸν
914 4149 941 4202 ll
995 4152 1028 4205 18
1040 4149 1160 4204 κινεῖσθαι
1170 4151 1226 4205 κτλ
1240 4157 1271 4206 ci.
1285 4156 1417 4222 Theopbr.
1431 4153 1529 4219 ίτθμ.
1538 4153 1623 4216 lim
1636 4149 1649 4218 ΙΙ

279 4238 327 4310 την
346 4238 467 4309 σελήνην,
492 4238 540 4292 ύπό
563 4238 589 4293 δὲ
612 4239 704 4297 αύτούς
720 4239 753 4292 τά
771 4237 870 4307 ἀπλανῆ
888 4243 941 4289 τῶν
995 4240 1027 4293 19
1053 4237 1216 4307 πικνούμενον
1242 4242 1274 4293 Β.
1310 4244 1343 4293 :lo
1370 4251 1425 4293 toto
1454 4243 1505 4292 hoc
1531 4242 1592 4292 loco
1619 4242 1650 4291 ef.

280 4327 379 4397 ἄστρων
393 4328 438 4380 καὶ
450 4326 509 4385 τοὺς
520 4325 657 4397 πλανήτας.
675 4330 810 4392 antiquum
828 4341 941 4378 errorem
993 4329 1124 4394 Theopbr.
1147 4331 1165 4379 1.
1189 4346 1211 4380 υ.
1240 4347 1266 4395 p.
1291 4329 1377 4393 lim
1395 4345 1451 4394 sqq.
1484 4325 1498 4395 ΙΙ
1533 4322 1651 4397 φέρεσθαι

280 4418 406 4467 odoratur
428 4417 532 4480 Rospsr
554 4413 658 4480 1:609.
685 4414 729 4466 καὶ
752 4413 872 4483 ἀνωτέρω
896 4414 939 4476 (ου.
992 4416 1016 4466 Τ
1036 4410 1049 4482 ΙΙ
1074 4411 1133 4465 όταν
1155 4413 1271 4468 bilibri:
1295 4434 1361 4469 sorr·
1383 4418 1488 4481 Roepsr
1507 4410 1521 4481 ΙΙ
1541 4412 1577 4466 20
1595 4412 1648 4466 ἀνί-

279 4506 326 4574 τῆς
345 4500 460 4571 σελήνης)
479 4499 524 4568 μὲν
543 4498 604 4553 εἶναι
621 4500 665 4554 τόν
677 4499 756 4572 ἥλιον,
775 4501 898 4554 ἀνωτάτω
914 4498 940 4551 ll
992 4517 1054 4568 μους
1067 4496 1154 4554 Ζεθεε
1172 4504 1203 4553 cf.
1216 4503 1353 4570 Theopbr.
1366 4505 1383 4555 Ι.
1398 4519 1420 4553 ε.
1431 4501 1517 4566 [Ptol.
1530 4519 1556 4568 p.
1572 4499 1648 4567 1351:

280 4588 337 4643 κτλ.
357 4593 424 4642 coni.
444 4591 529 4641 Rosth
541 4590 598 4642 111
617 4608 643 4656 p.
658 4590 690 4644 15
710 4586 724 4658 ΙΙ
744 4590 760 4643 5
779 4586 849 4657 ἥλιον
862 4589 939 4641 esdr.
992 4587 1076 4655 μίσως
1086 4591 1164 4655 vulgo
1175 4588 1189 4657 Η
1201 4586 1228 4641 δὲ
1237 4588 1310 4641 πάλιν
1319 4591 1434 4657 Roeper:
1445 4587 1469 4641 δ’
1482 4588 1544 4642 δπάν
1561 4587 1648 4657 librili

280 4681 352 4731 libri:
370 4676 442 4746 ἡλίου
461 4681 529 4729 conl.
541 4679 645 4744 Roepsr
664 4674 679 4744 ΙΙ
698 4680 714 4734 6
734 4676 811 4746 <tribu
829 4677 906 4729 Csdr.
924 4671 939 4742 ΙΙ
992 4673 1053 4727 εἶναι
1070 4680 1171 4743 scripsi:
1190 4675 1224 4734 τίς
1242 4678 1301 4729 libri
1321 4674 1334 4744 Η
1354 4676 1388 4729 21
1404 4674 1431 4728 il
1442 4677 1533 4729 addidi
1553 4673 1570 4745 ΙΙ
1589 4676 1649 4728 ἀπο·

280 4761 390 4834 γίνεσθαι
419 4764 445 4817 ἐν
474 4761 543 4834 ύηρῷ
566 4761 752 4835 ίξατμιζομίνιμ
779 4766 847 4816 conl.
879 4767 940 4816 Ass
989 4758 1094 4832 τελεσθῇ
1113 4765 1184 4815 libri:
1211 4779 1277 4815 corr.
1300 4765 1404 4830 Rosper
1426 4760 1441 4832 ΙΙ
1465 4762 1592 4834 πήλλησιν
1610 4766 1648 4816 T:

280 4857 305 4906 V
318 4855 371 4908 194
390 4856 457 4906 soni.
470 4853 570 4904 Cruios.
588 4855 695 4905 fortasse
705 4847 814 4922 γίνεσθαι
826 4848 852 4912 ἐξ
864 4848 941 4919 ὑγροῦ
990 4847 1093 4918 πόλησιν
1111 4851 1146 4902 C:
1165 4866 1232 4901 corr.
1249 4851 1381 4904 salvinius
1407 4846 1420 4919 ΙΙ
1446 4850 1481 4903 29
1498 4852 1541 4905 ἐπὶ
1563 4850 1649 4906 πλοῖον

280 4938 473 5011 ίΕατμιζομλνου
491 4942 523 4992 cf.
542 4943 613 4992 Prol.
632 4958 657 5006 p.
673 4940 722 4994 189
742 4937 757 5008 ΙΙ
777 4940 792 4992 7
811 4936 854 4990 τόν
870 4935 941 5006 ἥλιον
990 4938 1023 4989 ef.
1042 4936 1140 5002 §im
1158 4939 1303 4991 addiderim
1321 4936 1347 4991 δέ
