3464 5586
269 337 332 400 204
536 340 601 389 XVI
637 341 687 389 DE
708 340 810 390 AETII
829 341 1066 391 PLACITORUM
1087 339 1360 392 COMPOSITIONE

312 528 368 570 uec
389 509 422 570 iu
444 508 662 572 membranulis
683 517 716 571 ut
739 507 923 587 [Stratoel]
1017 506 1144 574 IV53
1176 503 1450 594 Ἐρασίστρατος
1481 510 1546 595 περὶ
1578 511 1633 594 τὴν

270 610 534 673 Erasistratus
975 614 1099 696 μήνιγγα
1128 613 1181 674 τοῦ
1212 609 1373 695 ἐγκεραλου
1399 613 1435 696 ἣν
1463 612 1633 698 ἐπικρανίδα

974 711 1051 794 λέγει

313 833 369 876 aec
390 816 423 876 iu
444 815 685 896 superciliorum
705 815 875 879 meditullio
890 825 924 881 ut
1017 814 1098 879 IVb
1117 822 1134 874 t
1155 813 1321 899 Στράτων
1346 815 1377 880 ἐν
1400 817 1558 903 μεσοφρύῳ

270 916 399 979 Strato
419 919 566 1001 physicus

312 1038 368 1080 uec
389 1021 923 1103 iatotaloricopectorisutEpi-
1017 1017 1133 1083 lvss
1170 1062 1178 1077 ·
1206 1061 1214 1077 .
1241 1016 1478 1105 Ἐπίκουρος
1509 1022 1540 1087 ἐν
1571 1021 1632 1108 bip

271 1140 387 1186 curus
975 1125 1017 1204 τῷ
1041 1120 1156 1205 θώρακι

312 1227 368 1287 sed
399 1226 482 1308 quod
509 1234 537 1287 et
559 1225 701 1307 Aepyptii
722 1228 924 1289 renuntiave-

270 1335 343 1390 runt
365 1335 394 1390 et
409 1331 461 1411 qui
476 1328 653 1390 diuinarum
671 1336 924 1392 commentatores

269 1433 522 1494 renuntiaverunt
544 1428 586 1512 [i]
614 1438 647 1492 ut
675 1439 704 1493 et
733 1431 786 1493 ille
816 1449 924 1495 cusas

271 1532 407 1613 Orphei
438 1535 488 1595 cel
514 1533 750 1613 Empedoclis
778 1530 924 1615 ‘namque
1017 1529 1098 1594 IVb
1117 1537 1134 1590 e
1154 1529 1392 1616 Ἐμπεδοκλῆς
1414 1534 1444 1597 ἐν
1460 1538 1498 1616 τῇ
1519 1538 1570 1597 τοῦ
1590 1536 1633 1598 ol·

269 1636 384 1698 homini
415 1637 545 1716 saupuis
578 1635 846 1699 circumcordialis
879 1643 924 1698 est
976 1656 1065 1716 ματος
1088 1635 1224 1697 συστάσει

269 1737 395 1801 sensus'.

305 1842 399 1902 etiam
410 1841 640 1922 Protaporas
653 1838 689 1924 (i)
701 1841 793 1903 etiam
803 1839 924 1920 Apol·
1018 1837 1098 1902 IVb
1116 1846 1147 1899 10
1170 1836 1377 1923 Πυθαγόρας
1390 1841 1423 1902 τὸ
1438 1840 1491 1921 μὲν
1508 1843 1630 1913 ζωτικὸν

271 1943 426 2004 lodorus
457 1952 485 2005 et
514 1942 741 2024 Chrysippus
768 1943 845 2004 haec
865 1961 924 2005 so·
975 1940 1039 2023 περὶ
1061 1941 1114 2024 τὴν
1137 1940 1256 2024 καρδίαν

268 2046 358 2124 piuul
380 2054 413 2107 ul
434 2047 483 2108 ecl
504 2045 543 2107 ab
565 2046 634 2107 istis
648 2052 770 2106 retusus
792 2044 923 2107 Ascle·
1016 2042 1132 2107 lvec
1165 2043 1192 2106 ol
1214 2042 1365 2107 Στωικοὶ
1388 2045 1491 2114 πάντες
1518 2044 1548 2109 ἐν
1576 2045 1632 2130 ὅλῃ

268 2148 400 2226 piadcs
440 2167 555 2228 capras
586 2167 662 2210 suas
696 2155 826 2227 quaerat
856 2148 924 2210 siue
975 2149 1013 2226 τῇ
1036 2145 1142 2229 καρδία

270 2249 364 2311 corde
396 2249 537 2313 balantes
572 2247 625 2335 [de
657 2245 852 2331 Asclepiade
883 2247 922 2314 ef.

271 2369 297 2414 o.
316 2351 355 2414 15
371 2348 427 2437 in.]

357 2452 483 2518 Graeca
503 2473 588 2537 quae
604 2451 727 2518 contuli
743 2458 810 2517 tam
826 2451 973 2535 speciose
988 2452 1185 2518 conveniunt
1199 2459 1235 2517 ut
1249 2452 1351 2537 primo
1368 2452 1503 2537 quisque
1518 2454 1633 2522 obtutu

270 2575 366 2638 quam
382 2561 453 2622 arte
468 2556 666 2622 cohaereant
681 2552 870 2638 perspiciat.
904 2574 965 2620 nec
980 2560 1089 2620 tamen
1111 2561 1199 2622 recte
1221 2554 1382 2638 quispiam
1396 2556 1633 2623 Tertullianum

270 2657 365 2723 Aetio
393 2679 484 2723 usum
514 2656 738 2741 suspicabitur.
783 2655 874 2721 caius
906 2655 1019 2742 copiae
1056 2675 1129 2721 earn
1157 2677 1222 2723 non
1255 2657 1358 2722 solum
1390 2677 1431 2722 ex
1457 2659 1633 2726 Plutarcho
1665 2675 1670 2685 ’

270 2760 327 2824 sed
351 2760 448 2825 etiam
471 2782 511 2827 ex
527 2760 732 2827 'lheodoreto
756 2757 907 2841 cognitae
929 2756 1003 2841 sint,
1025 2757 1139 2823 mirum
1163 2765 1261 2843 esset,
1283 2759 1311 2824 si
1333 2759 1503 2826 Moschion
1525 2762 1633 2828 Xeno

270 2869 375 2928 crates
409 2863 561 2949 Aegyptii
591 2861 809 2946 Apollodorus
839 2865 872 2925 et
901 2858 1102 2945 Chrysippus
1129 2868 1186 2926 aut
1213 2859 1324 2926 omissi
1352 2862 1441 2945 apud
1467 2863 1542 2930 illos
1574 2871 1632 2929 aut

221 2952 226 2962 ’
269 2965 472 3047 generaliore
503 2965 655 3031 lemmate
685 2962 910 3048 comprehensi
940 2967 1058 3028 essent.
1109 2960 1195 3028 adde
1222 2961 1310 3045 quod
1337 2962 1493 3031 Heracliti
1522 2966 1633 3050 opinio

270 3067 369 3131 distat
391 3074 423 3132 et
446 3068 652 3152 Empedoclis
673 3066 799 3148 integer
820 3085 934 3130 versus
957 3063 1073 3130 citatur
1095 3064 1182 3131 idem
1204 3083 1300 3147 quem
1319 3063 1511 3133 Cicereia
1535 3067 1632 3151 signi-

271 3168 346 3233 ficat
371 3171 444 3251 οἶμοι
466 3172 520 3254 γὰρ
542 3173 709 3255 ἀνθρώποις
732 3168 914 3252 περικάρδιόν
937 3167 998 3230 ἐστι
1021 3168 1118 3249 νόημα
1139 3164 1213 3252 [329
1231 3165 1300 3254 st.],
1323 3167 1377 3250 qui
1400 3167 1434 3233 in
1447 3167 1542 3237 heho
1565 3169 1635 3236 bre

270 3270 352 3335 viter
373 3271 525 3353 tangitur.
549 3273 786 3354 Protagoras
814 3288 893 3334 sane
915 3289 956 3334 ex
985 3267 1048 3334 ista
1069 3267 1153 3334 serie
1175 3269 1388 3353 expellendus
1410 3276 1470 3336 est.
1514 3272 1635 3338 Praxa-

271 3393 366 3455 goras
389 3373 534 3439 Pamelio
558 3373 739 3456 videbatur,
763 3391 822 3436 nos
845 3371 942 3455 paulo
965 3369 1164 3455 probabilius
1184 3370 1450 3456 Pythagoram
1474 3392 1515 3439 ex
1537 3374 1633 3443 Aetio

271 3475 470 3540 reducemus.
516 3476 572 3541 sed
600 3475 661 3540 luit
687 3472 778 3539 latini
805 3472 969 3557 scriptoris
998 3472 1073 3537 fons
1103 3472 1200 3538 etiam
1228 3472 1365 3540 uberior.
1411 3474 1555 3542 eiusdem
1579 3497 1630 3542 ca·

271 3577 347 3660 pitis
370 3577 460 3643 initio
477 3585 648 3662 postquam
665 3575 896 3641 Dicaearchi
913 3574 1107 3659 philosophi,
1130 3574 1309 3641 Andreae
1328 3582 1362 3642 et
1375 3576 1633 3662 Asclepiadis

271 3680 468 3744 medicorum
496 3677 673 3763 principale
707 3677 889 3743 tollentium
917 3675 1087 3760 opiniones
1113 3675 1254 3743 reiectae
1280 3684 1371 3762 sunt,
1402 3677 1470 3746 lere
1499 3682 1630 3748 eosdem

272 3781 494 3866 philosophos,
516 3801 597 3862 quos
612 3779 754 3865 exhibui,
781 3777 872 3845 brevi
887 3776 1028 3843 indiculo
1045 3779 1233 3863 complexus
1248 3781 1437 3863 praemittit:
1459 3786 1515 3847 scd
1526 3787 1635 3867 plures

271 3887 446 3965 philosophi
467 3884 617 3946 aduersus
640 3885 883 3947 Dicaearchum:
909 3882 999 3945 Plato
1026 3884 1133 3946 Strato
1161 3884 1318 3964 Epicurus
1341 3887 1534 3950 Democritus
1556 3889 1634 3951 Em-

270 3990 414 4068 pedocles
436 3988 581 4048 Socrates
612 3983 643 4071 [l.
667 3982 867 4071 Xenocrates]
899 3986 1080 4048 Aristoteles
1109 3995 1137 4047 et
1165 3987 1277 4052 medici
1306 3989 1457 4052 adceracs
1482 3990 1634 4054 Andrean

272 4104 299 4154 et
322 4091 552 4172 Asclepiadem:
581 4089 767 4171 Herophilus
797 4089 1011 4153 Erasistratus
1041 4088 1166 4151 Diocles
1192 4089 1398 4169 Hippocrates
1425 4099 1454 4154 et
1482 4095 1549 4174 ipse
1570 4094 1635 4157 So-

271 4214 377 4255 ranus.
422 4211 508 4257 nova
530 4192 684 4257 lemmata
707 4197 884 4273 exsurgunt
908 4189 990 4254 haec
1017 4190 1213 4255 Democritus
1234 4191 1337 4273 [Plao.
1352 4192 1433 4257 [Vb
1455 4197 1482 4277 1]
1505 4196 1635 4261 Aristo-

272 4298 344 4360 teles
367 4293 514 4358 Diocles¹
538 4299 636 4375 atque
666 4295 824 4370 Soranus,
847 4291 901 4375 qui
931 4312 1007 4358 mox
1038 4290 1071 4357 in
1102 4300 1266 4359 certamen
1292 4293 1476 4381 vocabitur,
1498 4296 1634 4363 simulac

272 4399 491 4462 c.43.5t.14
513 4396 678 4461 contulero
702 4415 773 4460 cnm
796 4393 941 4460 Placitis.

477 4519 673 4526 ...—....——--

345 4569 350 4597 ¹
370 4571 438 4634 apud
451 4570 645 4619 Theodorctrrm
658 4570 750 4632 legitur
763 4569 854 4618 Placit.
869 4570 907 4618 IV
922 4566 937 4620 5
950 4579 1009 4616 s-e
1026 4563 1241 4635 Ἐμπεδοκλῆς
1259 4565 1285 4618 δὲ
1305 4569 1348 4620 καὶ
1366 4565 1571 4641 Ἀριστοκλῆς
1590 4575 1635 4627 καὶ

271 4662 322 4705 τιῖιν
342 4652 492 4705 Στωικῶν
516 4655 531 4722 ἡ
555 4653 677 4722 ξυμμορία
700 4653 747 4722 τὴν
771 4653 873 4722 καρδίαν
892 4655 944 4706 κτὲ.
974 4658 1115 4707 Aristocles
1137 4657 1222 4706 nullus
1241 4665 1280 4706 cst
1303 4660 1329 4708 in
1348 4661 1463 4711 Placitis.
1500 4663 1635 4713 restituunt

273 4746 349 4808 vulgo
369 4745 535 4808 probabiliter
553 4738 737 4811 Ἀριστοτέλης.
766 4760 852 4794 nonne
872 4745 1033 4795 'sertulliano
1053 4747 1089 4794 uti
1109 4745 1167 4794 licet
1188 4745 1221 4793 ad
1239 4746 1428 4795 rescribendum
1447 4743 1634 4815 Ἀριστο<τέλιγς

271 4826 406 4897 Arcadis?
429 4834 476 4882 luit
495 4848 551 4880 cum
570 4832 647 4880 etiam
665 4834 691 4881 in
712 4831 851 4882 Plutarcho
865 4833 903 4881 1v
917 4829 957 4882 5⁷
974 4826 1091 4898 Διογένης
1110 4848 1142 4881 ex
1161 4825 1268 4897 Διοκλῆς
1288 4841 1435 4896 corruptum
1455 4847 1569 4898 putarem
1587 4833 1633 4896 [ot.

272 4919 339 4967 Rosa
359 4921 392 4966 Α.
407 4920 449 4968 Ps.
469 4936 493 4982 p.
505 4917 565 4981 ets,
579 4919 671 4982 lia.i.].
692 4927 759 4968 certe
779 4919 851 4968 nulla
869 4928 908 4969 est
930 4922 1107 4970 controversia
1129 4920 1192 4983 quin
1209 4917 1322 4968 Stoicam
1342 4935 1446 4970 manum
1467 4934 1543 4987 passa
1560 4923 1594 4971 sit
1611 4923 1633 4971 si
