3442 5588
590 314 593 319 '
635 310 673 358 Vl
709 310 757 358 DE
777 309 985 363 PLU'l'ARClll
1005 314 1091 363 VITA
1113 314 1254 365 nouam

970 484 1103 564 σημαίνει
1125 484 1179 566 γὰρ
1200 483 1252 564 τὴν
1270 484 1405 545 ἀνάλυσιν
1420 484 1462 553 εἰς
1477 486 1514 547 τὰ
1528 507 1624 568 γεννη-

969 586 1035 648 τικδι
1057 589 1188 668 στοιχεῖα
1209 589 1260 646 τοῦ
1276 584 1391 653 παντός.
1416 610 1435 669 η
1452 586 1484 648 δὲ
1498 586 1624 667 μάλιστα

969 688 1085 771 ἀληθὴς
1106 685 1175 755 δόξα
1189 686 1315 769 τέσσαρα
1331 692 1462 772 στοιχεῖα
1476 686 1624 770 συνίστησι

970 794 1027 872 πῦρ
1059 789 1132 871 ἀέρα
1167 790 1244 871 ὕδωρ
1277 794 1340 872 γῆν.
1384 793 1475 852 ταῦτα
1509 789 1542 851 δὲ
1575 790 1622 852 καί

963 887 1090 973 Ὄμηρος
1111 890 1196 959 εἰδὼς
1217 890 1347 973 φαίνεται
1374 892 1563 975 μνημονεύων
1593 893 1622 955 έν

969 996 1085 1062 πολλοῖς
1107 993 1204 1056 αὐτῶν
1226 993 1359 1056 ἑκάστου.

263 1098 411 1163 videmus
450 1094 659 1160 Plutarchum
697 1095 873 1176 anthologo
907 1095 1007 1160 multo
1042 1093 1232 1160 uberiorem.
1288 1094 1346 1160 sed
1383 1100 1418 1158 ut
1451 1095 1623 1177 intellegas

263 1200 454 1282 quantillum
483 1197 676 1264 deliberarit
698 1205 832 1279 uterque
855 1217 896 1262 ex
922 1197 1098 1262 vetustiore
1123 1194 1287 1279 thesauro,
1310 1195 1440 1261 tertium
1466 1196 1621 1264 adhibeto

263 1303 461 1368 Heraclitum
484 1321 511 1366 e.
528 1301 582 1364 2⁶2:
609 1300 738 1362 καὶτῶν
765 1303 895 1383 φυσικῶν
923 1300 997 1363 κατὰ
1024 1300 1059 1362 τδι
1087 1305 1217 1384 στοιχεῖα
1246 1300 1397 1380 δογμάτων
1424 1299 1466 1369 τίς
1492 1302 1623 1385 ἀρχηγός

257 1402 384 1489 ’Όμηρος
493 1401 639 1483 Θάλητα
668 1400 719 1483 μέν
748 1425 781 1482 γε
808 1404 857 1464 τδν
885 1400 1028 1485 Μιλήσιον
1055 1403 1227 1482 ὁμολογοῦσι
1254 1407 1369 1485 πρῶτον
1400 1403 1622 1486 ὑποστήσασθαι

262 1513 320 1569 τῶν
344 1509 420 1571 όλοιν
442 1506 619 1588 κοσμογόνον
642 1509 784 1588 στοιχεῖον
806 1505 839 1567 τδ
863 1505 951 1588 ὕδωρ.
977 1505 1072 1588 ἡγὰρ
1095 1505 1167 1587 ὑγρὰ
1189 1504 1273 1588 φύσις
1294 1503 1430 1588 εὐμαρῶς
1451 1505 1493 1574 εἰς
1514 1505 1625 1571 ἕκαστα

263 1609 518 1690 μετατλαττομένη
542 1608 613 1689 πρὸς
635 1608 668 1668 τὸ
691 1606 819 1669 ποικίλον
842 1605 932 1670 είωθε
947 1607 1130 1690 μορφοῦσθαι
1149 1607 1259 1669 ...διδ
1281 1608 1318 1690 δὴ
1341 1612 1393 1690 τῆς
1407 1609 1543 1691 τετράδος
1564 1613 1623 1669 τῶν

264 1712 416 1796 στοιχείων
439 1712 538 1793 ὥσπερ
560 1709 730 1772 αἰτιώτατον
754 1712 770 1773 δ
793 1709 910 1792 Θάλης
932 1711 1101 1794 ἀπεφήνατο
1124 1706 1278 1794 [στοιχεῖον
1300 1706 1383 1795 εἶναι]
1406 1712 1439 1773 τδ
1462 1711 1566 1793 ὕδωρ.
1581 1710 1623 1779 τίς

262 1811 313 1876 σύν
328 1814 462 1897 ἐγέννησε
476 1813 583 1894 ταύτην
606 1812 658 1894 τὴν
681 1811 778 1896 δόξαν;
800 1813 857 1898 οὐχ
873 1810 1018 1897 Ὅμηρος
1040 1813 1129 1876 εἰπών
1148 1810 1296 1880 Ὣκεανδς
1319 1811 1409 1895 ὅσπερ
1428 1812 1538 1895 γένεσις
1554 1815 1624 1876 πάν·

262 1936 340 1980 τεσσι
354 1913 495 1980 τέτυκταί
525 1957 583 1977 ..·
606 1915 668 1979 ἀλλ’
688 1917 704 1978 ό
728 1913 965 1998 Κλαζομένιος
986 1916 1213 2000 Ἀναξαγόρας
1235 1917 1310 1979 κατὰ
1324 1915 1465 1998 διαδοχὴν
1479 1917 1623 1999 γνώριμος

262 2020 303 2082 ὢν
326 2018 458 2101 Θάλητος
485 2017 633 2090 συνέξευξε
654 2025 696 2103 τῷ
727 2019 808 2081 ὕδατι
835 2019 966 2101 δεύτερον
993 2025 1137 2105 στοιχεῖον
1163 2021 1216 2103 τὴν
1242 2024 1306 2102 γῆν,
1332 2018 1380 2081 ίνα
1407 2015 1485 2101 ξηρῷ
1514 2018 1624 2103 μιχθέν

263 2123 347 2205 ὑγρδν
370 2121 399 2190 ἐξ
422 2122 577 2184 ἀντιπάλου
599 2121 714 2206 φύσεως
736 2122 777 2190 εἰς
800 2122 866 2203 μίαν
889 2122 1024 2204 ὁμόνοιαν
1047 2122 1212 2209 ἀνακραθῇ.
1233 2123 1281 2184 καί
1303 2119 1410 2203 ταύτην
1432 2120 1466 2183 δὲ
1480 2121 1534 2204 τὴν
1550 2121 1623 2185 ἀπό-

261 2244 347 2308 φασιν
369 2227 484 2307 πρῶτος
499 2219 652 2307 Ὅμηρος
673 2223 851 2307 ἐγεώργησεν
871 2222 1093 2308 Ἀναξαγόρᾳ
1116 2224 1267 2307 σπέρματα
1289 2229 1341 2307 τῆς
1360 2221 1486 2292 ἐπινοίας
1501 2226 1622 2308 χαρισαί·

261 2348 345 2408 μενος
367 2324 397 2386 ἐν
420 2325 463 2394 οίς
484 2347 570 2409 φησιν

390 2427 452 2490 ἀλλ’
476 2428 557 2509 ὑμεῖς
580 2429 632 2509 μὲν
654 2429 757 2497 πάντες
780 2428 858 2512 ὕδωρ
880 2430 927 2491 καί
950 2434 1018 2510 γαῖα
1039 2427 1181 2510 γένοισθε.

261 2535 318 2594 πᾶν
344 2530 398 2614 γὰρ
419 2532 452 2593 τὸ
475 2529 618 2614 φυόμενον
640 2528 674 2593 έκ
696 2554 779 2593 τινων
802 2531 842 2599 εἰς
864 2532 955 2594 ταύτὰ
982 2531 1134 2593 ἀναλύεται
1157 2530 1396 2614 διαφθειρόμενον
1420 2530 1545 2613 ὡσπερεὶ
1568 2534 1624 2612 τῆς

260 2635 376 2717 φύσεως
399 2632 418 2695 δί
440 2634 600 2695 δεδοὶνεικεν
623 2632 653 2694 ἐν
675 2633 756 2716 ἀρχῇ
780 2632 855 2717 χρέα
877 2633 1069 2714 κομιζομένης
1092 2632 1138 2693 ἐπὶ
1160 2631 1234 2694 τέλει
1250 2675 1257 2689 .
1271 2634 1316 2694 διὸ
1338 2634 1375 2715 δὴ
1403 2637 1462 2701 τοῖς
1489 2629 1623 2703 Kleito-

261 2738 392 2817 μενίοις
414 2735 581 2817 δόγμασιν
603 2735 772 2817 ἑπόμενος
795 2733 986 2820 Εὐριπίδης
1008 2735 1081 2819 φησί

388 2841 482 2922 χωρεῖ
502 2836 526 2898 δ’
550 2837 644 2901 ὀπίσω
666 2838 702 2900 τὰ
725 2839 776 2919 μὲν
799 2838 832 2900 ἐκ
854 2838 937 2919 γαίας

389 2939 468 3025 φύντ’
492 2938 532 3006 εἰς
554 2944 648 3019 γαῖαν,
670 2940 706 3002 τδι
729 2940 753 3002 δ’
776 2940 825 3002 ἀπ’
848 2940 979 3023 αἰθερίου

386 3042 546 3128 βλαστόντα
567 3047 653 3126 γονῆς
674 3042 715 3111 εἰς
737 3041 852 3127 αἰθέρα.

340 3147 452 3230 ἐσχάτη
475 3144 568 3206 τοίνυν
591 3145 646 3207 ὑπὸ
669 3149 727 3207 τῶν
748 3145 888 3228 μεγίστων
903 3145 1072 3229 φιλοσόφων
1094 3145 1113 3227 ἡ
1136 3146 1254 3208 τελεία
1276 3144 1397 3229 τετρὰς
1419 3145 1450 3208 ἐν
1471 3149 1533 3213 τοῖς
1548 3165 1625 3207 στοι·

259 3250 349 3336 χείοις
372 3247 595 3331 συνεπληρώθη.

345 3348 379 3415 Si
402 3348 557 3414 Heracliti
582 3351 809 3434 supplementa
833 3348 1056 3435 arcessivcris,
1082 3349 1276 3415 simillimam
1300 3349 1544 3415 Heracleoneae
1568 3347 1625 3413 ha·

259 3452 351 3519 bebio
373 3449 640 3535 philosophorum
663 3452 790 3537 seriem,
812 3452 959 3518 Thaletis
978 3452 1194 3538 Xenophanis
1208 3453 1424 3534 Anaxagorae
1447 3449 1624 3535 Euripidis,

261 3554 377 3638 quibus
401 3573 441 3619 ex
463 3552 631 3636 superiore
653 3560 827 3637 conspectu
851 3552 892 3640 [p.
909 3552 961 3641 89]
977 3556 1192 3639 Empedocles
1212 3554 1383 3621 addendus
1401 3560 1460 3619 est.
1494 3557 1625 3618 constat

259 3657 357 3723 etiam
380 3654 430 3719 his
454 3654 639 3739 opinionum
662 3655 704 3720 ab
727 3657 958 3721 elementorum
981 3677 1115 3724 numero
1138 3657 1317 3742 procedens
1340 3653 1542 3722 enumeratio
1558 3653 1626 3719 Ho-

260 3758 403 3841 merique
425 3766 584 3841 perpetua
607 3757 817 3840 comparatio.
851 3760 909 3824 seu
931 3780 1011 3826 sano
1035 3760 1148 3827 ordine
1169 3760 1341 3826 aThalete
1363 3757 1399 3823 lit
1418 3756 1624 3840 principium.

259 3881 337 3943 ergo
364 3860 504 3925 deducta
531 3865 581 3926 est
606 3858 695 3924 illinc
722 3860 869 3926 turbatus
896 3862 1096 3944 grammatici
1124 3863 1383 3928 commentarius.
1421 3858 1521 3943 quid?
1548 3859 1625 3941 ipso

260 3960 415 4028 Heracliti
432 3983 541 4027 errore
557 3961 719 4044 antiquior
734 3963 879 4046 patefieri
900 3964 1029 4030 sirletus
1052 3964 1152 4048 origo.
1175 3964 1403 4047 Anaxagoram
1426 3961 1512 4028 euim
1534 3960 1626 4043 quod

261 4067 338 4133 dicit
362 4073 404 4153 τῷ
431 4066 510 4129 ὕδατι
534 4066 665 4149 δεύτερον
688 4072 831 4153 στοιχεῖον
846 4067 898 4150 τὴν
915 4072 968 4150 γῆν
990 4066 1145 4149 iunxisse,
1168 4066 1339 4132 manifesto
1356 4084 1464 4132 errore
1479 4082 1500 4128 a
1514 4064 1628 4129 Xeno·

260 4170 368 4254 phane
384 4167 566 4233 traductum
582 4173 641 4250 est,
664 4187 758 4250 quem
774 4187 840 4232 nou
855 4169 958 4233 solum
973 4169 1045 4254 ipsa
1060 4167 1208 4234 doctrina
1223 4168 1282 4234 sed
1298 4167 1396 4234 etiam
1411 4174 1625 4250 cognatorum

259 4269 449 4353 scriptorum
472 4269 629 4336 memoria
650 4275 818 4335 monstrat.
863 4270 950 4336 unde
972 4271 1035 4336 ista
1057 4268 1228 4336 confusio?
1260 4289 1378 4354 nempe
1400 4289 1441 4336 ex
1463 4274 1625 4352 perpetua

260 4373 479 4454 Anaxagorae
501 4391 571 4435 cum
588 4370 771 4454 Euripideis
786 4371 933 4437 versibus
955 4370 1004 4459 [fr.
1020 4370 1141 4459 836N.]
1156 4371 1391 4455 coniunctione,
1414 4390 1510 4454 quam
1525 4375 1628 4435 tesn-

259 4482 310 4539 tur
332 4473 446 4539 Aetius
467 4473 495 4536 V
513 4474 552 4537 19
572 4480 588 4533 3
611 4476 652 4542 ὡς
675 4475 722 4536 καὶ
746 4472 940 4560 Ἀναξαγόρας
963 4477 1011 4538 καὶ
1033 4474 1193 4560 Εὐριπίδης
1215 4473 1343 4559 θνήσκει
1360 4475 1384 4538 δ’
1403 4474 1486 4537 οὐδέν
1502 4472 1625 4536 -ini-

258 4576 364 4645 δειξεν’.
399 4574 499 4657 quid?
521 4575 607 4657 quod
628 4574 793 4658 antiquior
805 4576 970 4641 Vitruvius
985 4576 1063 4640 VIII
1085 4575 1185 4660 praef.
1210 4579 1278 4656 §lt
1305 4577 1474 4659 Euripides
1494 4576 1627 4639 auditor·

258 4681 471 4759 Anaxagorae
494 4699 580 4761 quem
601 4679 816 4760 philosophum
831 4681 1031 4743 Athenienses
1052 4681 1229 4743 scaenicum
1252 4682 1487 4762 appellauerunt
1501 4698 1581 4742 cera
1597 4688 1627 4741 et

257 4792 372 4845 teram
395 4781 479 4846 ...¹
503 4779 687 4863 aequalium
710 4779 884 4846 amicitiam
909 4780 1012 4847 eidem
1036 4779 1216 4863 fragmento
1239 4780 1416 4865 praemisit
1460 4778 1501 4845 de
1531 4777 1625 4844 linri-

264 4890 282 4895 -
293 4888 487 4895 —n-————-
497 4889 515 4893 --
532 4888 658 4895 -·—·—-.

329 4921 340 4951 ⁴
358 4931 481 4972 secuntur
499 4927 525 4971 ιιι
546 4924 678 4972 Vitruvio:
697 4922 902 4985 Pythagoras
920 4921 1135 4984 Empedocles
1154 4921 1367 4984 Epicharmus
1384 4920 1429 4969 lv
1447 4921 1626 4968 elemento·
