3442 5588
194 333 259 397 590
463 332 655 383 ΕΡΙΡΠΑΠΠ
674 330 829 382 ADVERS.
848 329 1001 382 mules.
1020 325 1126 389 1112‚9
1145 330 1288 392 (ms—1³)

8 551 30 591 p.
45 541 95 580 1007
101 541 176 583 m,
283 504 302 566 5
336 497 525 585 Ἀρχέλαος
548 501 563 564 ό
583 497 814 582 Ἀπολλοδώρου,
837 499 911 563 κατὰ
932 498 965 562 δέ
986 521 1063 567 τινας
1079 495 1241 573 Μίλτωνος,
1252 495 1408 579 Ἀθηναῖος
1423 496 1456 560 δέ
1472 493 1512 579 ἧν

191 603 323 690 φυσικός,
344 602 378 665 ἐκ
400 606 453 686 γῆς
473 603 510 666 τὰ
532 603 625 666 πάντα
646 601 722 683 λέγει
744 601 926 686 γεγενῆσθαι.
962 601 1038 684 αύτη
1059 601 1113 684 γὰρ
1135 601 1215 685 ἀρχὴ
1237 605 1296 662 τῶν
1319 599 1397 664 όλων
1418 599 1512 674 ἐστίν,

192 708 234 777 ὣς
255 725 338 791 φησι.
1284 751 1288 759 .

277 811 299 872 δ
342 806 603 890 Σωκράτηςίό
628 811 680 870 τοῦ
707 807 852 888 ἐλμάγλου
881 806 901 889 ἢ
931 807 1139 892 Σωφρονίσκου
1166 805 1214 869 καλ
1242 805 1425 890 Φαιναρέτης
1453 809 1508 887 τῆς

193 912 280 994 μαίας
295 912 312 974 6
328 910 433 994 ήθικδς
446 909 483 972 τὰ
505 907 574 972 καθ’
596 909 698 971 ἑαυτὸν
721 905 802 991 ἔλεγε
825 909 912 990 μόνον
934 911 993 973 δεῖν
1015 907 1253 992 περιεργάζεσθαι
1273 909 1323 970 τδν
1338 907 1538 991 άνθριυπον.ε

191 1014 310 1076 πλείονα
332 1012 365 1074 δὲ
387 1014 440 1096 μή.

277 1119 295 1180 7
339 1114 547 1198 Φερεκύδης
568 1113 616 1176 κοιλ
638 1113 726 1182 αδτδς
747 1118 801 1196 γῆν
822 1135 895 1197 φησι
916 1116 972 1199 πρδ
994 1116 1110 1178 πάντων
1131 1113 1314 1197 γεγενῆσθαι.

276 1221 299 1283 8
342 1215 559 1300 Πυθαγόρας
582 1216 598 1279 6
621 1213 731 1296 Σάμιος
760 1213 941 1302 Μνησάρχου
964 1218 1026 1287 υίδς
1047 1216 1117 1279 θεὸν
1139 1214 1198 1301 ἔφη
1220 1214 1293 1279 εἶναι
1315 1216 1368 1298 τὴν
1394 1216 1506 1297 μονάδα

193 1320 241 1383 καλ
271 1319 341 1403 δίχα
367 1319 474 1402 ταύτης
501 1318 592 1402 μηδὲν
619 1318 801 1403 γεγενῆσθαι.
845 1315 927 1401 ἔλεγε
953 1320 987 1382 δὲ
1009 1320 1051 1402 μὴ
1073 1320 1133 1383 δεῖν
1157 1318 1237 1382 θύειν
1258 1321 1318 1386 τοῖς
1340 1317 1421 1387 θεοῖς
1443 1322 1507 1402 ζῷα

158 1444 174 1478 υ
194 1422 270 1505 μηδὲ
298 1422 356 1504 μὴν
384 1421 492 1485 ἐσθίειν
522 1424 629 1483 τιτῶν
652 1420 793 1506 ἐμψύχων
816 1421 893 1504 μηδδ
913 1423 1043 1503 κυάμους
1066 1421 1142 1503 μηδὲ
1164 1420 1239 1484 οἶνον
1262 1421 1351 1484 πίνειν
1373 1420 1442 1490 τοδς
1461 1441 1507 1484 σο
1525 1449 1548 1487 ιο

192 1523 275 1608 ρούς.
320 1522 402 1607 ἔλεγε
424 1524 457 1588 δέ
477 1523 514 1587 τὰ
535 1523 594 1586 ἀπδ
617 1524 740 1607 σελήνης
762 1524 843 1587 κάτω
868 1523 989 1609 παθητὰ
1016 1523 1088 1587 εἶναι
1115 1526 1224 1599 πάντα,
1249 1523 1286 1587 τά
1312 1523 1345 1586 δὲ
1372 1524 1508 1607 ύπεράνω

192 1631 245 1711 τῆς
275 1628 399 1711 σελήνης
428 1625 532 1708 ἀπαθῆ
562 1624 645 1689 εἶναι.
688 1622 770 1708 ἔλεγε
799 1627 832 1689 δέ
860 1628 909 1691 καί
938 1626 1118 1713 μεταβαίνειν
1145 1628 1198 1710 τήν
1225 1627 1322 1711 ψυχὴν
1349 1625 1391 1695 είς
1413 1629 1508 1690 πολλὰ

193 1732 267 1814 ζῷα.
312 1729 449 1794 ἐκέλευσε
470 1729 503 1792 δέ
525 1728 655 1796 καὶτοῖς
677 1727 824 1810 μαθηταῖς
846 1728 936 1792 αὐτοῦ
959 1732 1072 1793 σιωπᾶν
1094 1729 1142 1793 ἐπὶ
1164 1733 1305 1812 πενταετῆ
1328 1727 1434 1812 χρόνον
1457 1730 1507 1792 καὶ

192 1831 226 1894 τδ
247 1835 410 1896 τελευταῖον
432 1832 502 1896 θεδν
523 1829 626 1893 έαυτδν
649 1830 832 1911 ἐπωνόμασε

277 1936 299 1999 θ
341 1934 542 2020 Ξενοφάνης
571 1934 665 1996 δ’τοό
688 1929 884 2015 Ὀρθομένους
906 1929 1094 2018 Κολοφώνιος
1115 1933 1149 1997 ἐκ
1175 1938 1228 2017 γῆς
1249 1934 1298 1996 καλ
1321 1933 1425 2001 ύδατος
1443 1929 1504 2014 ἔφη
1525 1960 1546 1999 ιε

192 2035 229 2098 τὰ
258 2037 351 2099 πάντα
381 2038 520 2119 γίνεσθαι.
565 2033 637 2098 εἶναι
666 2035 700 2097 δέ
727 2034 764 2098 τὰ
793 2035 886 2098 πάντα
916 2038 956 2105 ὡς
986 2033 1044 2120 ἔφη
1074 2036 1157 2099 οὐδὲν
1187 2035 1308 2118 ἀληθές.
1351 2036 1445 2105 οὕτως
1472 2036 1507 2097 τδ

157 2156 172 2192 c
193 2138 312 2220 ἀτρεκὲς
333 2138 452 2221 ἄδηλον,
474 2138 593 2222 δόκησις
615 2138 648 2202 δὲ
669 2137 717 2201 ἐπὶ
739 2141 811 2200 πᾶσι
833 2136 963 2201 τέτυκται
987 2139 1112 2221 μάλιστα
1133 2143 1192 2200 τῶν
1214 2138 1359 2221 άφανέων.

278 2243 319 2306 10
364 2240 588 2325 Παρμενίδης
611 2243 626 2304 ό
648 2244 701 2303 τού
725 2238 857 2323 Πύρητος
877 2241 912 2303 τδ
930 2240 1011 2322 γένος
1022 2238 1159 2324 Ἐλεάτης
1173 2241 1221 2303 καλ
1236 2242 1323 2310 αδτδς
1337 2241 1371 2303 τὸ
1386 2240 1508 2324 ἄπειρον

193 2340 289 2425 ἔλεγεν
312 2343 407 2428 ἀρχὴν
429 2349 488 2406 τῶν
509 2343 635 2407 πάντων.

276 2448 315 2511 11
358 2445 481 2531 Ζήνων
509 2448 525 2509 6
550 2444 687 2528 Ἐλεάτης
709 2447 725 2508 6
754 2445 894 2528 ἐριστικδς
917 2443 966 2509 ἴσα
987 2451 1030 2530 τῷ
1053 2444 1146 2530 έτέριρ
1167 2444 1281 2531 Ζήνωνι
1304 2447 1353 2509 καί
1377 2446 1430 2528 τὴν
1454 2449 1507 2528 γῆν
1526 2474 1550 2512 οι

193 2548 328 2631 ἀκίνητον
350 2550 427 2631 λέγει
450 2549 498 2612 καλ
521 2547 633 2631 μηδένα
654 2548 743 2612 τόπον
766 2548 848 2611 κενδν
870 2547 951 2612 εἶναι.
986 2549 1035 2612 καλ
1056 2548 1133 2630 λέγει
1154 2548 1260 2619 οὕτως·
1283 2549 1317 2611 τὸ
1339 2549 1508 2631 κινούμενον

192 2649 257 2733 ήτοι
281 2651 310 2713 ἐν
339 2649 365 2736 ιβ
398 2652 459 2714 ἐστι
480 2650 564 2735 τόπῳ
587 2656 703 2714 κινεῖται
731 2651 750 2734 ἢ
779 2651 808 2713 έν
837 2649 862 2736 ᾦ
887 2651 941 2714 οὐκ
962 2649 1032 2714 ἔστι.
1078 2652 1125 2714 καί
1147 2648 1215 2713 ούτε
1235 2651 1265 2713 ἐν
1288 2649 1314 2737 ιβ
1338 2652 1398 2715 ἐστι
1420 2651 1504 2736 τόπῳ

193 2758 311 2815 κινεῖται
334 2751 400 2816 ούτε
422 2754 452 2816 ἐν
475 2751 501 2837 ιβ
525 2753 579 2815 οὐκ
601 2751 691 2817 ἔστιν·
714 2754 768 2817 οὐκ
790 2752 847 2836 ἄρα
867 2777 894 2816 τι
916 2758 1043 2816 κινεῖται.

154 2877 172 2912 ⁰
278 2857 318 2919 12
364 2853 547 2925 Μέλισσος
576 2858 665 2919 ότοῦ
684 2854 844 2937 Ἰθαγένους
865 2854 975 2939 Σάμιος
995 2857 1029 2918 τὸ
1051 2856 1131 2938 γένος
1153 2856 1184 2918 ἓν
1205 2858 1239 2918 τὸ
1262 2860 1319 2918 πᾶν
1341 2854 1399 2941 ἔφη
1422 2856 1507 2931 εἶναι,

192 2957 283 3039 μηδὲν
306 2957 339 3019 δὲ
362 2957 477 3042 βέβαιον
501 2960 641 3043 ύπόρχειν
664 2960 702 3041 πή
724 2959 819 3044 φύσει,
841 2958 917 3022 ἀλλὰ
938 2959 1031 3021 πάντα
1053 2956 1124 3020 εἶναι
1147 2958 1265 3043 φθαρτὰ
1287 2959 1317 3021 ἐν
1339 2960 1468 3041 δυνάμει.
1521 2987 1546 3024 οι

276 3061 315 3124 13
359 3059 565 3131 Λεύκιππος
587 3064 603 3125 6
620 3060 774 3146 Μιλήσιος,
796 3062 871 3124 κατὰ
884 3061 917 3125 δέ
931 3083 1007 3129 τινας
1018 3057 1165 3144 Ἐλεάτης,
1188 3060 1236 3124 καὶ
1251 3059 1335 3130 οὗτος
1349 3062 1503 3146 ἐριστικός.

191 3163 222 3225 ἐν
249 3161 361 3247 ἀπείρῳ
395 3163 443 3225 καλ
471 3163 555 3233 ούτος
582 3166 616 3228 τδ
642 3168 698 3228 πᾶν
721 3163 780 3249 ἔφη
808 3163 892 3239 εἶναι,
918 3164 993 3226 κατὰ
1019 3163 1178 3247 φαντασίαν
1201 3164 1304 3227 δὲκαὶ
1326 3163 1446 3246 δόκησιν
1468 3166 1507 3228 τὰ

192 3266 286 3328 πάντα
311 3265 440 3347 γίνεσθαι
467 3266 514 3329 καὶ
538 3267 628 3348 μηδὲν
651 3268 725 3331 κατὰ
746 3267 904 3351 ἀλήθειαν,
933 3263 996 3328 ἀλλ’
1024 3266 1102 3328 οὕτω
1123 3267 1277 3350 φαίνεσθαι
1305 3266 1378 3329 κατὰ
1401 3267 1454 3349 τὴν
1474 3268 1505 3330 ἐν

191 3372 234 3452 τῷ
259 3369 339 3432 ὕδατι
361 3371 473 3452 κώπην.

8 3501 31 3540 p.
44 3490 177 3531 ιυωιειι.
280 3473 321 3536 14
363 3471 581 3555 Δημόκριτος
603 3473 619 3535 ό
641 3475 693 3534 τού
707 3472 902 3555 Δαμασίππου
919 3469 1089 3557 Ἀβδηρίτης
1110 3472 1159 3533 τδν
1182 3472 1291 3555 κόσμον
1313 3471 1431 3556 άπειρον
1447 3470 1506 3556 ἔφη
1524 3499 1546 3536 ιο

191 3572 240 3636 καλ
264 3573 336 3655 ὑπὲρ
358 3577 443 3636 κενοδ
465 3573 590 3636 κεῖσθαι.
628 3571 685 3658 ἔφη
710 3574 742 3636 δὲ
764 3574 812 3636 καλ
834 3575 865 3636 ’ἐν
888 3573 970 3642 τέλος
992 3572 1064 3636 εἶναι
1086 3578 1144 3635 τῶν
1166 3575 1281 3637 πάντων
1301 3577 1349 3639 καὶ
1365 3575 1508 3658 εὐθυμίαν

191 3676 225 3739 τδ
253 3677 402 3759 κράτιστον
428 3673 517 3750 εἶναι,
543 3675 595 3744 τὰς
623 3675 656 3738 δέ
678 3675 771 3745 λύπας
792 3675 877 3760 δρους
905 3677 1018 3746 κακίας.
1053 3677 1101 3740 καλ
1123 3678 1157 3740 τδ
1185 3679 1289 3741 δοκοῦν
1312 3678 1423 3742 δίκαιον
1452 3679 1505 3742 οὐκ

192 3777 263 3840 εἶναι
290 3778 414 3853 δίκαιον,
441 3776 540 3840 ἄδικον
570 3779 603 3841 δὲ
630 3779 663 3840 τδ
692 3778 818 3842 ἐναντίον
840 3784 893 3863 τῆς
914 3779 1040 3864 φύσεως.
1084 3778 1211 3843 ἐπίνοιαν
1237 3781 1292 3865 γὰρ
1320 3782 1413 3864 κακὴν
1439 3782 1506 3850 τούς

192 3881 297 3963 νόμους
311 3878 394 3964 ἔλεγε
415 3880 480 3945 καί·
503 3879 536 3943 οδ
560 3881 619 3965 χρὴ
642 3881 740 3964 νόμοις
762 3881 932 3968 πειθαρχεῖν
955 3884 1004 3945 τδν
1027 3883 1129 3967 σοφόν,
1151 3882 1226 3946 ἀλλὰ
1248 3883 1421 3967 ἐλευθερίως
1444 3888 1506 3966 ζῆν.

277 3986 315 4048 15
360 3981 597 4067 Μητρόδωρος
626 3985 642 4046 δ
666 3981 740 4052 Χῖος
762 3981 820 4067 ἔφη
844 3984 954 4067 μηδένα
977 3987 1069 4069 μηδὲν
1091 3984 1278 4062 ἐπίστασθαι,
1304 3985 1381 4048 ἀλλὰ
1403 3989 1505 4061 ταῦτα,
1521 4015 1545 4051 ω

154 4084 368 4169 εδδοκούμεν
390 4087 549 4167 γινώσκειν,
572 4086 698 4170 ἀκριβῶς
721 4086 774 4150 οὐκ
797 4087 979 4171 ἐπιστάμεθα
1001 4087 1070 4151 οὐδὲ
1092 4091 1154 4155 ταῖς
1176 4087 1330 4171 οιίσθήσεσι
1353 4090 1400 4151 δεῖ
1419 4110 1505 4173 προσ-

191 4189 284 4274 έχειν·
307 4188 425 4273 δοκήσει
447 4188 501 4272 γάρ
523 4187 583 4250 ἐστι
605 4188 642 4251 τὰ
663 4189 765 4251 πάντα.

920 4374 960 4380 n-
966 4373 1099 4382 -ᾑ-..ι

192 4481 206 4534 1
231 4478 368 4551 άρχαίλαος
391 4483 448 4533 libri
468 4483 500 4534 εί.
525 4483 597 4535 Ριολ.
615 4500 640 4548 p.
656 4481 705 4534 177
725 4478 740 4549 ΙΙ
760 4498 847 4535 νυιτιιυ
898 4477 1051 4550 ὀρθουμένου
1069 4482 1125 4535 καλ.
1144 4487 1231 4549 vulgo.
1249 4487 1281 4534 do
1300 4485 1419 4536 doctrin·
1437 4488 1469 4537 cf.
1487 4489 1557 4539 Ρτολ.

190 4579 231 4622 εει
258 4564 374 4626 Μίδωνος
400 4578 445 4621 aut
474 4566 597 4626 Μίδωνος
616 4565 633 4636 ΙΙ
658 4569 675 4621 4
699 4581 847 4637 corruptum
899 4589 924 4636 p.
939 4570 988 4623 177
1005 4566 1020 4637 ΙΙ
1036 4569 1068 4622 18
1080 4573 1112 4622 de
1125 4573 1280 4624 Parmenide
1295 4574 1326 4623 αδ
1339 4575 1413 4624 Ptol.
1432 4591 1458 4639 ρ.
1474 4575 1523 4627 177
1542 4572 1557 4641 ΙΙ

191 4674 224 4708 εκ
251 4652 430 4725 Σωφρονίσκου
457 4659 502 4707 τοῦ
530 4652 688 4725 1ρμογλύφου
713 4660 745 4709 cf.
774 4660 846 4710 Ptol.
900 4657 934 4710 20
952 4661 984 4709 de
1000 4659 1106 4710 Zenone
1125 4662 1157 4710 cf.
1175 4675 1253 4725 supra
1270 4677 1296 4725 p.
1310 4657 1370 4722 588,
1386 4659 1419 4711 15
1440 4656 1454 4727 ΙΙ
1475 4661 1510 4717 76
1527 4664 1558 4714 δε

190 4744 281 4809 p.176
308 4742 321 4810 ΙΙ
346 4741 418 4796 5δτῖ
438 4745 528 4809 vulgo:
546 4760 613 4796 σοει.
634 4746 751 4797 Βῖυάοτί
772 4743 785 4812 ss
815 4746 848 4798 λθ
899 4748 1030 4813 Leucippo
1054 4750 1086 4798 σί.
1105 4748 1177 4801 Prol.
1196 4766 1220 4814 p.
1235 4747 1285 4800 177
1311 4744 1323 4814 ΙΙ
1349 4745 1384 4799 32
1408 4748 1502 4801 καὶτὸ
1519 4748 1557 4802 δυ·

190 4829 256 4898 μήτε
279 4831 391 4898 κυάμους
414 4829 478 4899 μήτε
498 4828 564 4882 οἶνον
582 4833 672 4895 νυληοι
697 4849 763 4885 corr.
782 4835 848 4885 Din·
900 4837 961 4885 νιοῖνν
976 4832 1032 4885 κτλ.
1051 4836 1082 4885 εί.
1095 4836 1166 4887 Prol.
1180 4854 1205 4901 p.
1218 4833 1284 4888 177’ί
1303 4833 1317 4904 ΙΙ
1337 4834 1373 4887 34
1385 4840 1479 4907 χρῆναι
1492 4843 1558 4891 coni.

191 4919 253 4971 dors
262 4913 279 4984 Η
294 4915 326 4970 15
338 4914 492 4986 ὀρθουμένου
510 4916 681 4988 σκυλοφύινιυς
699 4921 847 4985 Ι(υοειιείε)ι
900 4922 1021 4984 Πίοόοτῖ,
1041 4923 1088 4974 ned
1107 4925 1138 4973 ef.
1157 4925 1224 4974 iufra
1243 4942 1267 4974 ν.
1280 4921 1315 4977 36
