3464 5586
284 343 347 408 146
609 347 649 396 xl
686 347 734 396 ba
755 346 951 397 HIPPOLYTI
969 346 1317 399 PHILOSOPHUHENIS

282 514 369 578 clare
397 511 650 598 comprehendit.
695 512 769 577 hinc
789 511 931 577 indidem
953 512 1010 577 lux
1031 513 1165 578 affertur
1190 512 1412 579 subabsurdae
1432 513 1641 599 Empedoclis

282 615 425 700 opinioni
447 618 481 680 τδ
503 621 565 700 τῆς
588 616 735 697 μονάδος
757 617 855 700 νοερὸν
877 616 1005 698 tripoda
1027 614 1097 678 θεόν
1119 613 1172 697 [01.
1195 614 1302 681 Ζο1101
1323 614 1358 680 1⁴
1379 615 1463 682 689¹
1484 615 1640 684 Sebustcr

282 717 346 784 224
356 717 388 800 ’1.
422 717 546 783 scilicet
567 716 772 801 Pythagoras
793 716 975 782 Heraclitus
989 714 1205 800 Empedocles
1222 735 1281 800 per
1295 722 1439 783 saturam
1452 738 1519 785 uno
1531 719 1640 804 capite

281 820 493 886 continentur.
527 825 620 885 11111
634 817 799 903 scriptoris
814 817 930 884 invitm
949 818 1003 883 vel
1017 817 1230 902 Hippolytum
1253 818 1427 886 offendisse
1441 820 1580 901 1110111,
1604 828 1640 889 ut

280 941 401 987 novum
424 927 594 1006 quaereret
615 920 802 987 subsidium.

365 1024 413 1090 Ao
435 1023 622 1090 felicissimo
645 1043 723 1090 casu
745 1022 949 1106 doxographi
971 1020 1137 1088 cuiusdam
1164 1022 1306 1107 epitome
1326 1022 1360 1088 in
1378 1041 1493 1090 manus
1514 1025 1638 1093 incidit.

279 1124 345 1190 iam
367 1125 493 1192 consilii
516 1125 631 1210 prioris
653 1146 716 1210 quo
739 1125 902 1211 principes
923 1130 1048 1190 tantum
1070 1123 1270 1191 exhibiturus
1292 1131 1364 1191 erat
1384 1125 1545 1211 paenituit
1561 1127 1640 1195 iam-

279 1248 342 1311 que
364 1228 440 1294 inde
461 1228 503 1295 ab
526 1227 769 1294 Anaximandro
795 1225 1047 1312 pretiosissimus
1070 1224 1266 1310 Opinionum
1294 1226 1466 1294 thesaurus
1487 1230 1639 1314 religiose

281 1330 482 1414 compilatur.
514 1330 759 1397 Anaximander
778 1328 876 1412 igitur
896 1347 937 1394 ac
958 1328 1113 1412 deinceps
1133 1327 1235 1395 Ionioi
1258 1335 1344 1396 recte
1366 1348 1440 1397 sese
1461 1331 1637 1417 excipiunt

279 1439 507 1517 exspectamus
521 1434 760 1518 Xenophanem
782 1429 971 1497 continuari.
1006 1431 1064 1497 sed
1084 1430 1114 1497 is
1134 1437 1209 1515 post
1224 1431 1444 1498 Democritum
1466 1454 1493 1500 a
1510 1436 1553 1501 14
1575 1437 1638 1503 ccl-

279 1534 406 1601 locatur
427 1541 461 1603 ot
482 1535 608 1601 initium
629 1535 665 1602 fit
686 1554 708 1599 a
729 1532 932 1600 Parmenide.
965 1531 1026 1599 fuit
1047 1533 1102 1616 qui
1123 1532 1278 1616 Diogenis
1299 1533 1349 1600 [x
1363 1535 1403 1599 21
1427 1545 1638 1622 praepostere

276 1637 472 1706 inculcatam
503 1637 651 1705 notitiam
677 1636 721 1703 ad
751 1635 979 1719 explicandum
1000 1634 1171 1720 Hippolyti
1205 1634 1351 1702 ordinem
1377 1638 1563 1707 advocaret.
1597 1642 1637 1709 ci.

276 1739 363 1806 inira
385 1763 417 1826 p.
434 1743 506 1807 141.
539 1740 660 1807 frustra
680 1740 736 1806 illo
757 1738 896 1823 quidem.
929 1756 1005 1802 nam
1026 1737 1270 1822 Theophrastus
1290 1758 1428 1824 quoque,
1450 1760 1547 1823 quem
1561 1743 1638 1811 Dio

277 1862 379 1925 genes
399 1851 548 1930 testatur,
571 1843 799 1912 Parmenidem
820 1862 893 1910 oum
914 1841 1120 1927 Xenophane
1141 1840 1307 1908 coniunxit
1327 1840 1367 1908 fr.
1382 1843 1412 1909 6.
1443 1863 1549 1928 neque
1570 1868 1637 1916 non

275 1945 443 2012 coniunxit
458 1948 628 2034 Hippolyti
648 1945 721 2012 fons
737 1944 941 2030 Opinionum.
972 1965 1047 2011 nam
1069 1945 1231 2028 quomodo
1253 1942 1400 2028 intellegi
1421 1952 1530 2030 potest
1551 1968 1578 2016 c.
1595 1954 1635 2018 11

275 2046 401 2112 initium
423 2051 482 2113 καὶ
505 2051 568 2135 γὰρ
591 2051 647 2114 καὶ
664 2049 888 2134 Παρμενίδης
903 2048 934 2112 ἓν
949 2049 1002 2131 μὲν
1017 2049 1053 2129 cd,
1066 2052 1123 2112 πᾶν
1138 2048 1306 2113 ὑποτίθεται
1320 2045 1383 2112 nisi
1397 2047 1636 2136 Xenophanem

277 2151 495 2234 praecessisse
527 2151 752 2238 suspicamur?
798 2151 889 2234 atqui
929 2149 1125 2237 Opinionum
1159 2149 1256 2216 istam
1290 2148 1454 2233 epitomen
1487 2173 1514 2221 ο.
1530 2155 1635 2224 6-9.

276 2254 402 2319 11-16
426 2253 678 2340 eTbeophrasti
700 2273 836 2338 corpore
855 2261 1041 2338 excerptam
1063 2259 1191 2320 constat
1212 2249 1251 2318 cf.
1276 2272 1307 2335 p.
1324 2252 1395 2319 153.
1430 2254 1516 2322 unde
1537 2255 1637 2341 igitur

275 2375 449 2439 perversus
463 2356 653 2442 Hippolytei
675 2355 750 2423 libri
773 2355 876 2421 ordo?
903 2376 956 2423 res
978 2362 1028 2424 011
1048 2354 1154 2422 facilis
1176 2353 1340 2439 explicatu
1362 2375 1468 2440 neque
1489 2357 1573 2424 scitu
1589 2358 1637 2425 in·

272 2457 383 2540 digna.
428 2457 616 2526 substiterat
648 2458 705 2524 ille
734 2458 900 2542 paululum
932 2457 1051 2524 Ionicis
1077 2456 1244 2524 absolutis.
1288 2454 1354 2521 iam
1375 2457 1522 2525 Vitarum
1552 2459 1636 2527 libro

272 2558 388 2626 iterum
410 2560 559 2645 inspecto
582 2560 609 2626 si
632 2561 709 2643 quid
731 2559 810 2626 utile
832 2559 969 2626 haberet
988 2559 1114 2627 invonit
1134 2558 1179 2625 ibi
1201 2556 1393 2641 Empedocli
1414 2567 1448 2627 et
1468 2560 1635 2629 Heraclito

273 2662 501 2730 Parmenidem
528 2667 769 2746 congregatum.
812 2680 889 2728 nam
916 2661 1030 2728 ethic
1059 2660 1284 2745 Pythagoreos
1314 2660 1478 2730 audivisse
1508 2662 1635 2731 dicitnr.

270 2763 336 2829 iam
361 2785 440 2832 roro
463 2771 593 2850 praeter
614 2783 733 2830 nomon
756 2782 827 2829 cum
849 2763 930 2828 nihil
956 2761 1094 2848 probum
1115 2760 1316 2845 1111011101,ι
1348 2763 1486 2829 alterum
1508 2763 1632 2833 iontem

271 2866 456 2934 exscribere
475 2865 626 2950 perrexit
661 2885 722 2931 neo
743 2864 860 2930 desunt
878 2865 945 2931 alia
966 2884 1050 2948 quae
1065 2884 1106 2930 ex
1128 2863 1236 2948 priore
1259 2862 1340 2930 libro
1354 2863 1524 2932 interiecta
1545 2875 1631 2935 sunt.

270 2969 424 3035 lemmata
450 2967 580 3052 quidem
606 2967 696 3033 velut
716 2965 935 3053 Ἀναξίμανδρος
958 2966 1120 3052 Πραξιάδου
1144 2964 1288 3050 Μιλήσιος
1314 2965 1561 3051 Theophrastea
1584 2971 1632 3036 vi·

269 3069 422 3135 dentur.¹
464 3068 524 3136 101
550 3069 694 3134 minutae
720 3075 900 3154 temporum
925 3069 1112 3135 notationes
1137 3086 1222 3150 quac
1247 3067 1292 3132 ad
1317 3068 1439 3135 calcem
1460 3071 1535 3136 cti.
1557 3072 1587 3137 1.
1608 3073 1630 3138 8

268 3171 421 3256 apposuit
443 3190 484 3237 ex
505 3171 652 3237 Vitarum
673 3170 864 3255 compendio
887 3177 1002 3256 postea
1024 3170 1139 3253 opinor
1160 3168 1310 3252 adpictae
1331 3175 1415 3235 sunt
1453 3191 1529 3236 nam
1551 3173 1573 3239 8
1595 3181 1629 3237 11

268 3273 354 3355 quod
382 3272 511 3338 additur
543 3277 644 3337 τοῦτον
676 3273 791 3357 λέγουσι
825 3275 873 3338 καὶ
904 3274 1116 3359 προγνωστικὸν
1142 3271 1303 3354 γενονέναι,
1338 3277 1388 3338 011
1418 3273 1629 3343 memorabile

268 3374 401 3457 originis
421 3375 585 3459 indicium,
608 3382 674 3440 tum
698 3374 841 3441 eiusdem
864 3375 1030 3460 scriptoris
1056 3381 1106 3441 est
1128 3372 1273 3439 Thaletis
1297 3374 1492 3456 computatio
1517 3377 1628 3444 1401

265 3462 479 3560 Xenophanis
494 3497 521 3542 c.
539 3479 580 3543 14
600 3491 624 3543 1.
647 3483 745 3560 atque
759 3477 811 3542 hic
825 3476 935 3544 statim
956 3475 1069 3541 initio
1090 3477 1203 3540 notula
1217 3472 1352 3539 infertur
1369 3474 1539 3543 coniuncta
1553 3496 1626 3545 cum

264 3577 354 3644 hisce
369 3579 454 3649 οὕτος
469 3578 527 3666 ἔφη
543 3584 657 3663 πρῶτος
672 3579 872 3665 ἀκαταληψίαν
888 3580 1003 3643 πάντων
1018 3577 1109 3640 εἰπὼν
1124 3579 1225 3646 οὕτως
1245 3575 1286 3639 ‘el
1300 3577 1354 3660 γὰρ
1370 3577 1610 3646 ani-reward
1618 3625 1626 3642 .

265 3678 491 3764 Theophrasto
515 3682 595 3747 talia
616 3679 749 3746 attribui
771 3700 837 3746 non
859 3686 1009 3766 possunt,
1038 3678 1097 3745 sed
1119 3678 1323 3745 0110101111
1345 3678 1387 3745 ab
1410 3697 1449 3745 ec
1472 3681 1526 3763 qui
1548 3683 1628 3768 Pyr-

262 3781 458 3849 rhoneorum
480 3790 603 3851 sectam
623 3782 666 3849 ab
687 3780 744 3847 illc
767 3802 982 3866 suspensurus
1003 3789 1082 3847 erat.
1117 3788 1150 3847 et
1170 3778 1319 3847 norimus
1340 3779 1395 3862 qui
1416 3779 1479 3846 hoo
1498 3784 1626 3867 excogi-

262 3883 344 3950 tavit
366 3883 568 3952 Sotionem
591 3884 830 3951 successionum
852 3884 1051 3970 scriptorem.
1090 3884 1198 3949 baert.
1221 3884 1268 3949 IX
1291 3885 1334 3949 20
1353 3884 1426 3968 φησὶ
1448 3884 1481 3946 δὲ
1502 3883 1624 3950 Σωτίων

261 3993 375 4072 πρῶτον
398 3989 485 4051 αὐτὸν
508 3983 768 4074 [Xenophanem]
791 3986 881 4050 εἰπεῖν
903 3984 1080 4071 ἀκαταληπθ
1108 3984 1179 4049 εἶναι
1201 3985 1238 4049 τὰ
1259 3987 1363 4063 πάντα,
1385 3988 1584 4070 πλανώμενος.

333 4242 339 4272 ¹
361 4261 382 4294 c.
398 4243 453 4293 lln
472 4247 565 4294 iterare
584 4247 686 4297 videtur
703 4248 812 4297 initium.
839 4249 907 4299 undo
931 4249 1009 4298 alium
1028 4247 1125 4297 iontem
1143 4245 1185 4296 hic
1205 4245 1347 4296 adhibitum
1365 4260 1419 4296 esse
1438 4247 1531 4309 aliquis
1551 4249 1623 4300 conl·

259 4333 317 4380 ciat.
359 4330 404 4380 sed
428 4346 476 4381 nec
499 4331 541 4380 hic
568 4347 616 4381 nec
646 4349 668 4383 c.
688 4333 734 4385 61
756 4330 800 4395 [01.
825 4335 909 4385 Zoller
928 4332 957 4386 1⁴
975 4330 1056 4397 213¹]
1088 4349 1120 4383 ex
1149 4334 1283 4399 Hippolyti
1310 4335 1436 4399 excerptis
1464 4335 1622 4386 brevissimis

258 4417 399 4480 quidquam
426 4419 602 4468 concluserim.
639 4433 730 4484 ucmpc
754 4422 780 4470 in
799 4421 978 4487 Theropbrasto
1002 4423 1096 4471 similia
1119 4423 1203 4486 capita
1226 4429 1254 4469 ut
1276 4421 1307 4470 de
1326 4421 1453 4486 principio
1471 4430 1498 4471 et
1516 4422 1566 4472 deo
1585 4425 1620 4474 11·

257 4505 352 4553 militer
371 4515 497 4570 concepta
515 4507 593 4555 fuisse
612 4513 814 4557 consentaneum
833 4517 880 4570 est,
898 4510 1048 4574 praesertim
1066 4510 1092 4557 in
1111 4509 1261 4557 Eleatarum
1279 4508 1405 4558 doctrina.

327 4586 339 4619 ²
357 4607 377 4640 c.
395 4590 426 4642 13
445 4601 504 4657 post
522 4591 743 4657 Theophrastcum
768 4597 920 4662 principium
937 4590 1094 4664 Δημόκριτος
1112 4589 1138 4643 di
1155 4588 1301 4644 Λευκίππου
1318 4590 1410 4660 γίνεται
1427 4589 1552 4662 γνώριμος
1571 4599 1619 4646 itc-

255 4693 310 4726 rum
328 4679 418 4743 incipit
435 4673 592 4747 Δημόαριτος
610 4672 776 4745 Δαμασίππου
794 4677 937 4751 Ἀβδηρίτης
960 4677 1059 4735 πολλοῖς
1084 4676 1220 4746 ωμβαλὼν
1238 4681 1450 4746 γυμνοσοφιαπαῖς.
1486 4680 1552 4731 haec
1570 4684 1618 4733 Vl·

254 4771 337 4813 tarum
364 4767 513 4829 scriptorem
536 4767 656 4815 redolent
678 4772 827 4829 praesertim
851 4787 907 4819 cum
934 4768 1049 4818 clausula
1071 4760 1143 4820 οὗτος
1167 4762 1239 4831 ἐγέλα
1263 4765 1343 4816 πάντα
1366 4762 1421 4815 ιτλ.
1463 4768 1497 4817 ab
1525 4769 1617 4821 eodem

254 4852 350 4914 scripta
368 4867 424 4900 esse
443 4853 545 4912 debeat,
564 4855 608 4915 qui
627 4853 729 4902 flentem
748 4856 907 4906 Heraclitum
925 4855 1063 4905 induxerat
1081 4868 1101 4901 c.
1115 4852 1140 4902 4.
1169 4854 1200 4903 cl.
1219 4854 1286 4903 infra
1305 4855 1331 4903 in
1351 4870 1372 4903 c.
1392 4854 1424 4902 de
1443 4852 1536 4906 Galerii
1556 4856 1616 4907 bist.

254 4937 318 5000 phil.
