3442 5588
646 341 920 392 rnonueouuus
1426 342 1467 404 95

104 509 189 594 pidia
212 529 285 574 cum
301 511 499 594 Anaxagora
513 509 707 575 necessitate
722 529 817 591 quam
834 507 1005 574 arbitraria
1020 512 1107 572 esset
1122 514 1265 572 veterum
1281 511 1469 575 recentium-

102 632 166 694 que
188 612 311 698 opinio,
334 614 441 680 edocti
461 633 571 677 sumus
584 611 813 676 Wilamovitzii
835 610 1000 676 Analectis
1023 608 1167 691 Euripid.
1190 631 1221 692 p.
1240 611 1300 674 162
1312 633 1380 694 sqq.
1410 613 1468 678 sed

102 716 190 781 cavit
211 724 333 799 tamen,
356 721 511 798 quantum
533 713 670 779 Vitruvii
694 713 842 779 uberiore
865 720 1017 795 excerpto
1041 713 1204 794 doeemur,
1228 713 1281 794 qui
1304 715 1468 798 Euripidis
1512 760 1526 780 .

102 818 251 884 versibus
278 819 325 884 ita
355 817 491 901 prolusit
518 815 633 880 melius
653 816 747 880 Aetio
771 822 804 882 et
826 815 1006 897 Heraclito,
1034 834 1075 880 ne
1098 815 1324 896 neglegentiae
1347 817 1467 883 crimen

102 928 255 986 mereret.
307 941 383 985 nam
411 919 457 984 illi
486 917 614 1001 quidem
643 918 851 1002 Euripideam
879 918 1063 1001 opinionem
1090 936 1194 998 aeque
1220 918 1468 1000 Anaxagoream

101 1023 343 1106 praedicarunt.
387 1042 465 1105 ergo
488 1028 523 1086 ut
545 1018 827 1103 comprehendam,
852 1019 1029 1085 Vitruvio
1051 1019 1245 1083 vetustior
1268 1018 1342 1084 fuit
1372 1022 1468 1087 alle-

101 1124 302 1206 goriarum
325 1126 396 1190 ille
421 1123 597 1189 conditor
619 1123 703 1187 sine
730 1121 843 1187 dubio
868 1121 1082 1187 Stoicorum
1107 1121 1384 1205 philosophiae
1406 1125 1468 1188 ad·

101 1225 257 1310 dictus,
297 1226 362 1308 qui
396 1225 628 1292 Heracleoni
662 1224 910 1306 grammatico
945 1223 1066 1308 (Probo
1100 1223 1214 1308 Sexto)
1247 1224 1467 1310 Heraclito,

101 1328 324 1395 recentiori
348 1327 509 1395 Stobaei
539 1336 575 1393 et
601 1325 862 1391 Plutarcheae
884 1326 1000 1391 Vitae
1023 1325 1120 1390 fonti
1148 1334 1362 1409 promptam
1387 1328 1468 1410 phi-

106 1430 358 1515 losophorum
391 1450 470 1494 cum
498 1429 658 1495 Homero
689 1429 929 1493 conlatorum
958 1427 1158 1493 materiam
1187 1429 1466 1512 suppeditavit.

105 1529 376 1616 philosophorum
400 1532 554 1597 memoria
576 1531 663 1596 unde
677 1529 841 1612 allegoriis
856 1530 1027 1613 affluxerit,
1049 1529 1211 1594 difficilius
1227 1536 1276 1594 est
1290 1529 1387 1595 dictu.
1410 1533 1469 1597 scd

103 1652 180 1697 cum
206 1641 336 1717 praeter
362 1653 489 1699 versum
519 1633 650 1698 Homeri
679 1632 966 1715 Ὠκεανόν-Τηθύν
989 1631 1040 1717 [cl.
1063 1654 1095 1714 p.
1111 1629 1161 1716 θ’]
1190 1631 1254 1695 iam
1283 1632 1324 1696 ah
1348 1633 1468 1699 Aristo·

100 1733 1467 1819 mcfflmhh3pffiffifficmmmmcmmmmlmmknmm

100 1836 281 1902 accersitus
302 1839 355 1922 sit,
377 1858 472 1920 quem
495 1837 694 1932 coniungunt
716 1857 787 1902 cum
803 1838 940 1903 Thalete
956 1837 1081 1902 Placita
1097 1837 1147 1900 13
1166 1846 1193 1920 t,
1216 1845 1248 1902 et
1264 1838 1468 1920 Empedoclis

106 1938 389 2023 Xenophanisque
419 1960 533 2006 versus
563 1939 668 2004 eidem
697 1939 731 2003 in
759 1940 847 2006 Plac.
863 1941 878 2004 Ι
894 1944 913 2005 3
930 1950 973 2004 to.
1000 1948 1031 2001 12
1052 1938 1216 2022 legantur,
1241 1939 1384 2021 aliquam
1416 1962 1468 2007 ne

103 2039 335 2107 cercitudinem
356 2041 441 2108 inter
463 2041 591 2106 Aetium
614 2047 647 2107 et
668 2041 843 2123 allegorias
864 2041 1065 2109 intercedere
1088 2062 1152 2106 nou
1174 2040 1318 2121 negabis.
1345 2042 1404 2107 sed
1426 2043 1468 2109 de

104 2142 194 2208 aetii
218 2142 363 2210 fontibus
385 2143 566 2209 scrutandis
589 2143 673 2207 iufra
696 2142 870 2208 latissimus
893 2144 1017 2227 patebit
1039 2163 1181 2225 campus.

194 2245 291 2311 Nunc
313 2266 354 2312 ex
377 2245 593 2311 Plutarcheae
616 2246 712 2311 Vitae
744 2244 941 2328 Stohacique
966 2244 1128 2328 excerptis
1154 2264 1355 2309 communem
1378 2245 1466 2310 illum

108 2347 230 2413 librum
253 2367 447 2432 componere
470 2367 612 2430 pergam.

331 2467 420 2533 Stoh.
436 2467 452 2531 1
468 2468 541 2531 222
989 2469 1072 2533 Plut.
1089 2467 1126 2531 V.
1144 2466 1184 2530 H.
1206 2468 1292 2530 cllo

95 2568 228 2655 Ὸμηρος
254 2573 304 2637 τδν
332 2569 437 2653 αἰθέρα
464 2562 516 2633 thri
544 2569 629 2652 ἀέρος
655 2570 761 2654 ὑψηλά·
814 2572 895 2654 ὑπὲρ.
909 2572 942 2634 δὲ
963 2576 1016 2653 γῆς
1031 2570 1111 2639 ὄντος
1125 2574 1177 2632 τοῦ
1192 2569 1278 2652 ἀέρος
1296 2570 1344 2632 τδν
1361 2570 1466 2654 αἰθέρα

101 2697 187 2757 τερον
209 2672 285 2735 sisai
306 2694 404 2757 φησιν.
433 2671 532 2756 εἴρηκε
553 2671 586 2734 δὲ
608 2671 718 2740 οὕτως·
813 2673 989 2756 ὑψηλότερον
1011 2673 1084 2736 εἰναί
1104 2692 1191 2756 φησιν
1213 2672 1314 2738 οὕτως·

145 2777 189 2845 εἰς
211 2776 316 2856 ἐλάτην
339 2775 448 2859 ἀναβὰς
462 2777 653 2858 περιμήκετον
667 2774 686 2856 ἢ
701 2774 760 2838 τότ’
855 2776 896 2844 εἰς
914 2776 1019 2858 ἐλάτην
1039 2775 1148 2858 ἀναβὰς
1167 2774 1391 2857 περιμήκετονῆ
1408 2774 1466 2838 τότ’

652 2876 682 2938 ἐν
699 2873 760 2958 Ἴδη
1357 2878 1387 2939 ἐν
1405 2874 1466 2960 Ἴδη

146 2981 316 3062 μακροτάτη
344 2984 470 3064 πεφυυῖα
497 2978 532 3041 δι’
559 2977 644 3061 ἠέρος
666 2977 760 3062 αἰθέρ’
784 2940 787 3063 Ι
855 2981 998 3064 ἀκροτάτη
1034 2984 1160 3062 πεφυυῖα
1189 2980 1224 3043 δι’
1255 2979 1340 3063 ἠέρος
1373 2979 1466 3062 αἰθέρ’

653 3081 758 3142 ἵκανεν.
1371 3083 1465 3145 ἰκανε·

98 3184 240 3246 ἐπέκεινα
266 3185 299 3246 δὲ
325 3187 377 3246 τοῦ
408 3184 527 3266 αἰθέρος
557 3184 606 3245 τδν
638 3181 760 3265 οὐρανὸν
784 3218 786 3225 ·
811 3188 862 3247 τοῦ
885 3184 917 3246 δέ
939 3182 1057 3267 αἰθέρος
1079 3185 1217 3269 ἀνωτέρω
1238 3186 1287 3247 τὸν
1311 3185 1450 3268 οὐρανόν·

98 3287 246 3371 ὑπάρχειν
261 3287 441 3370 ἀπεφήνατο.
462 3285 538 3367 λέγει
553 3286 608 3367 γὰρ
622 3286 759 3347 τοιῶσδε·

148 3389 190 3456 ὣς
213 3390 239 3451 οἰ
256 3389 308 3469 μὲν
325 3390 468 3471 μάρναντο
490 3389 633 3471 σιδήρειος
648 3386 672 3449 δ’
697 3387 760 3469 δρυ-
784 3440 786 3459 .
855 3390 895 3458 ὣς
910 3390 937 3451 οἱ
954 3390 1005 3470 μὲν
1022 3390 1177 3473 μάρναντο·
1208 3392 1352 3474 σιδήρειος
1363 3391 1388 3453 δ’
1404 3392 1467 3475 δρυ

652 3470 787 3589 puteal
1356 3495 1467 3575 uiae<

146 3591 275 3674 χάλκεον
289 3592 411 3675 οὐρανὸν
425 3591 481 3674 ἧκε
493 3592 529 3653 δι’
544 3592 662 3675 αἰθέρος
679 3593 760 3673 ἀτρυ-
784 3592 788 3729 Ι
856 3595 980 3677 χάλκεον
1003 3594 1125 3677 οὐρανὸν
1141 3594 1185 3657 ἷκε
1201 3595 1235 3656 δι’
1252 3594 1370 3678 αἰθέρος
1384 3597 1467 3679 ἀτρυ

655 3694 761 3775 γέτοιο.
785 3732 788 3809 ρ
1362 3699 1467 3779 χέτοιο.

98 3795 151 3857 tal
173 3797 247 3858 πᾶσι
269 3798 303 3860 δέ
324 3799 374 3860 τδν
395 3797 525 3877 ὄλυμπον
541 3797 681 3880 ὑπάρχειν
699 3795 760 3858 κατ’
814 3800 861 3861 καί
885 3798 926 3862 ἔτι
950 3799 1096 3882 ἐντούτῳ

99 3895 210 3982 ἰξοχήν
218 3919 280 3961 τινα
292 3900 340 3962 καὶ
354 3899 501 3982 θειότητα,
514 3900 585 3981 φησί
594 3900 647 3981 ηάρ
659 3899 762 3967 οὕτως·

145 4000 232 4084 ηερίη
249 4001 274 4064 δ’
297 4001 387 4087 ἀνέβη
410 4002 499 4084 μέγαν
521 3999 643 4083 οὐρανὸν
658 3999 761 4082 οδλυμ-
856 4003 940 4086 ηἐρίη
963 4003 987 4065 δ’
1004 4003 1093 4087 ἀνέβη
1111 4004 1200 4085 μέγαν
1219 4006 1340 4088 οἰιροινδν
1363 4004 1467 4086 οὕλυμ-

644 4103 697 4166 πόν
720 4125 761 4164 τε.
787 4122 789 4189 l
1359 4109 1467 4170 πέντε

101 4204 136 4265 τδ
168 4204 224 4287 *rip
254 4205 403 4268 ἀπωτάτω
435 4210 488 4288 τῆς
520 4212 573 4290 γῆς
607 4210 655 4271 καί
689 4207 763 4288 μήτε
787 4200 790 4287 ¹,
814 4207 847 4267 τδ
881 4208 935 4290 peip
965 4210 1169 4292 καθαρώτερον
1202 4212 1253 4271 τοῦ
1282 4208 1367 4292 ἀέρος
1395 4211 1466 4272 ἀνω-

423 4344 508 4351 .—..-.-

99 4425 166 4459 ran
184 4411 395 4474 inventores,
418 4414 574 4476 praecedunt
595 4412 715 4462 Thales
738 4413 925 4464 Heraclitus
953 4416 1117 4480 Magorum
1141 4417 1340 4467 sacerdotes.
1377 4420 1466 4468 similis

99 4500 181 4547 senes
199 4497 260 4547 111
287 4499 405 4549 Thales
428 4501 615 4550 Heraclitus
638 4501 842 4550 Democritus
865 4511 894 4550 et
920 4504 1077 4567 Epicurus
1097 4506 1306 4569 Pythagorei.
1344 4507 1466 4556 Heracliti

99 4600 246 4648 cognomen
261 4595 290 4635 ut
302 4591 405 4652 cognati
418 4591 495 4639 lentis
508 4588 630 4637 indicium
643 4598 744 4652 praeter
755 4591 900 4639 Vitruvium
920 4601 1047 4640 uenerunt
1059 4593 1160 4641 Probus
1180 4610 1204 4657 p.
1218 4590 1249 4642 ‘21
1271 4592 1312 4640 ed.
1322 4589 1355 4641 H.
1375 4605 1401 4641 ct
1414 4595 1465 4642 He-

98 4673 182 4721 uelit.
201 4673 280 4736 alleg.
300 4670 333 4724 24
357 4671 371 4724 δ
393 4678 451 4740 γοῦν
474 4672 597 4729 σκοτεινὸς
616 4669 776 4742 Ἰἰράκλειτος
795 4675 879 4744 ἀσαφῆ
905 4677 948 4726 καί
972 4675 1010 4726 διὰ
1034 4677 1166 4745 συμβόλων
1188 4674 1327 4737 εἰκάζεσθαι
1346 4677 1466 4747 δυνάμενα

97 4754 255 4825 Martini
268 4758 363 4827 φυσικά
381 4761 452 4822 (hinc
472 4763 665 4811 Heraclitus
685 4763 792 4812 inditum
812 4771 851 4813 cst
870 4765 958 4813 libello
977 4767 1083 4824 titulus).
1115 4775 1247 4830 praetcrea
1264 4781 1406 4827 cognomen
1427 4772 1465 4817 in·

99 4850 203 4896 venitur
221 4863 245 4897 e.
265 4864 290 4911 g.
310 4850 449 4899 Ps.·Arist.
469 4851 501 4899 de
527 4850 614 4899 mund.
633 4867 657 4914 p.
671 4848 800 4912 3061220,
825 4854 867 4914 qui
887 4853 952 4901 liber
971 4853 1089 4901 Vitruvio
1108 4868 1160 4902 non
1180 4855 1260 4902 multo
1279 4857 1410 4917 antiquior
1428 4859 1465 4905 vl·

97 4936 176 4984 detur
192 4945 219 4984 ct
238 4948 330 5000 postca
349 4939 376 4986 in
390 4938 503 4988 Eusebio
523 4940 552 4988 P.
567 4939 598 4986 H.
613 4939 638 4986 X
654 4932 682 4987 li
703 4947 734 4988 lt.
752 4941 839 4990 Treta.
858 4955 932 5002 excg.
952 4940 1026 4988 lliad.
1046 4941 1071 4988 in
1086 4940 1243 4990 Bachmanni
1257 4942 1336 4990 schol.
1350 4942 1361 4990 1
1375 4940 1465 5001 etta.
