3442 5588
259 346 321 409 372
744 346 844 395 κωτιι
864 344 966 395 mc.
980 344 1022 393 111
1040 341 1128 395 οι-ι

380 411 1368 501 ιἰ.υτἰπσπιπᾝ“ωσι.
1381 447 1393 495 ι
1407 444 1441 495 ευ
1456 455 1465 491 ι

301 586 457 649 ὑπόστασιν
472 587 577 669 γίνεται
594 586 654 651 οἷον
667 585 774 670 ὄμβρος
786 588 912 670 χάλαζα,
964 585 1120 649 ὑπόστασιν
1135 584 1240 666 γίνεται
1256 584 1315 646 οῖον
1331 582 1438 667 ὄμβρος
1450 584 1576 668 χάλαζα,

300 688 336 751 τά
358 689 390 750 δὲ
413 686 472 752 κατ’
494 686 618 772 ἔμφασιν
642 687 715 752 ίδίαν
738 688 791 752 οὐκ
806 686 913 772 ἔχοντα
963 687 999 751 τὰ
1022 688 1056 751 δὲ
1077 683 1140 750 κατ’
1169 684 1293 771 ἔμφασιν
1313 686 1386 750 ἰδίαν
1401 685 1455 749 οὐκ
1470 683 1577 771 ἔχοντα

300 791 476 855 ὑπόστασιν·
520 790 625 854 αὐτίκα
661 793 729 872 γοῦν
766 790 912 853 πλεόντων
964 790 1134 853 ὑπόστασιν·
1179 787 1284 851 αὐτίκα
1324 793 1392 872 γούν
1431 788 1576 851 πλεόντων

299 895 384 976 ἡμῶν
400 895 419 976 ῆ
436 891 553 977 ῆπειρος
568 891 710 955 κινεῖσθαι
725 893 813 955 δοκεῖ·
836 888 912 954 ἔστιν
963 893 1049 974 ῆμών
1066 893 1085 975 ῆ
1102 889 1219 974 ῆπειρος
1235 891 1375 954 κινεῖσθαι
1392 892 1481 953 δοκεῖ.
1500 887 1576 954 ἔστιν

276 994 349 1059 ιοὺν
371 993 432 1058 κατ’
461 992 586 1079 ἔμφασιν
610 997 628 1078 ῆ
651 993 717 1078 ἶρις.
962 991 1013 1056 οὑν
1034 990 1093 1057 κατ’
1122 990 1247 1077 ἔμφασιν
1270 991 1374 1077 ῆίρις.
1600 1011 1612 1048 ι

341 1098 488 1163 Πλάτων
520 1098 591 1182 φησὶ
621 1095 791 1179 Θαύμαντος
819 1096 946 1180 αὐτῆνδ
1007 1093 1151 1160 Πλάτων
1178 1096 1250 1180 φησὶ
1284 1094 1454 1178 Θαύμαντος
1486 1095 1577 1179 αὐτὴν

297 1204 502 1285 γενεαλογῆσαι
524 1200 591 1270 τούς
613 1200 787 1284 ἀνθρώπους
808 1199 855 1263 διὰ
877 1200 910 1261 τδ
961 1199 1167 1281 γενεαλογῆσαι
1189 1198 1256 1268 τούς
1275 1198 1448 1282 ἀνθρώπους
1470 1198 1518 1261 διδ
1543 1199 1577 1260 τδ

298 1305 446 1387 θαυμάσαι
469 1304 586 1386 ταύτην.
614 1298 780 1386 Ὅμηρος·
963 1300 1112 1384 θαυμάσαι
1135 1300 1251 1385 ταύτην.
1279 1297 1435 1385 Ὄμηρος

361 1407 432 1492 ἠύτε
453 1405 619 1491 πορφυρέην
640 1404 695 1490 ἶριν
716 1406 847 1489 θνητοῖσι
863 1428 909 1468 τα·
1026 1404 1097 1489 ῆὺτε
1118 1404 1284 1488 πορφυρέην
1307 1403 1429 1487 νεφέλην
1444 1401 1576 1485 θνητοῖσι

262 1529 287 1569 ιυ
803 1507 910 1572 νύσσει.
1432 1504 1576 1569 τανύσσει.
1590 1525 1613 1564 ιο

297 1615 342 1678 διδ
366 1614 413 1676 καὶ
437 1610 635 1696 ἐμυθεύσαντό
652 1633 725 1679 τινες
739 1608 830 1694 αὐτὴν
844 1609 910 1673 ταύ-
961 1607 1010 1673 καλ
1032 1607 1232 1692 ἐμυθεύσαντό
1253 1631 1327 1679 τινες
1350 1609 1440 1692 αὐτὴν
1469 1608 1576 1692 ταύρου

298 1740 348 1801 ρου
370 1716 501 1800 κεφαλῆν
516 1712 643 1799 ἔχουσαν
658 1714 828 1798 ἀναρροφεῖν
844 1712 910 1782 τούς
960 1710 1090 1796 κεφαλὴν
1113 1708 1239 1796 ἔχουσαν
1258 1711 1430 1795 ἀναρροφεῖν
1446 1712 1513 1781 τούς
1527 1735 1577 1775 πο-

298 1818 455 1900 ποταμούς.
960 1814 1079 1898 ταμούς.

331 1920 400 2002 Πιῖις
409 1917 459 1983 οὑν
466 1919 571 2002 γίνεται
579 1916 648 2002 ίρις;
659 1919 774 2002 δρῶμεν
785 1920 822 2004 δὴ
833 1919 908 1984 κατὰ
926 1925 942 1978 3
1005 1915 1075 1985 Πῶς
1091 1914 1141 1980 ούν
1157 1918 1293 2000 γίγνεται;
1317 1918 1431 2001 δρῶμεν
1448 1918 1484 2002 δῆ
1501 1919 1576 1981 κατὰ

173 2091 176 2095 v
263 2021 465 2107 ιιγραμμάςῆ
487 2017 550 2083 κατ’
572 2019 688 2089 εὐθείας
706 2021 726 2104 ῆ
748 2021 822 2085 κατὰ
838 2046 909 2105 καμ-
958 2019 1092 2104 γραμμδις
1110 2020 1130 2102 ῆ
1153 2015 1216 2082 κατ’
1244 2018 1361 2089 εὐθείας
1377 2020 1396 2104 ῆ
1413 2021 1488 2085 κατὰ
1502 2045 1574 2105 καμ-
1587 2042 1611 2080 ιι

295 2125 387 2194 πύλας
407 2124 427 2207 ῆ
448 2120 511 2185 κατ’
536 2123 753 2206 ἀνακλωμένας,
775 2125 910 2208 γραμμὰς
960 2122 1052 2191 πύλας
1074 2118 1172 2205 ῆκατ’
1201 2121 1418 2205 ἀνακλωμένας,
1440 2125 1575 2208 γραμμὰς

294 2227 446 2312 [ἀδήλους]
463 2226 542 2309 λόγῳ
561 2225 713 2309 θεωρητὰς
728 2226 776 2290 καί
792 2227 910 2309 ἀσωμά-
962 2225 995 2288 δὲ
1022 2223 1101 2309 λόγῳ
1130 2223 1281 2308 θεωρητὰς
1309 2225 1356 2288 καί
1390 2226 1573 2309 ἀσωμάτους.

293 2354 369 2400 τους.
406 2329 480 2393 κατὰ
491 2329 543 2411 μὲν
556 2325 606 2392 οὐν
618 2327 733 2397 εὐθείας
745 2329 860 2411 δρῶμεν
871 2329 907 2392 τά
925 2333 942 2383 4
1002 2326 1077 2390 κατὰ
1099 2327 1151 2408 μὲν
1167 2324 1217 2389 σύν
1232 2326 1348 2399 εὐθείας
1363 2330 1477 2412 δρῶμεν
1493 2328 1529 2392 τά
1544 2329 1574 2391 ἐν

293 2432 323 2495 έν
336 2431 399 2515 ἀέρι
415 2432 462 2495 καὶ
478 2432 515 2495 τὰ
530 2431 646 2494 διάτῶν
658 2431 750 2493 λίθων
761 2434 820 2493 τῶν
833 2432 908 2494 διαυ-
960 2427 1023 2513 ἀέρι
1045 2428 1094 2492 καὶ
1116 2428 1152 2492 τδι
1174 2429 1223 2493 διὰ
1244 2433 1302 2493 τῶν
1317 2430 1409 2494 λίθων
1423 2435 1482 2494 τῶν
1497 2431 1574 2495 διαυ

258 2538 352 2617 νυγών
363 2535 411 2597 καὶ
423 2535 563 2618 κεράτων,
578 2535 741 2617 λεπτομερῆ
752 2533 807 2617 γάρ
818 2536 909 2598 ταῦτα
959 2535 1019 2614 γῶν
1055 2531 1103 2595 καὶ
1140 2533 1282 2616 κεράτων,
1318 2535 1482 2617 λεπτομερῆ
1518 2533 1611 2617 γὰρκυ

292 2638 394 2701 πάντα.
450 2636 603 2718 καμπύλας
626 2635 660 2698 δὲ
681 2635 815 2719 γραμμὰς
837 2633 901 2699 καθ’
926 2648 942 2701 5
960 2636 1052 2697 ταῦτα
1070 2633 1172 2697 πάντα.
1225 2634 1378 2717 καμπύλας
1392 2636 1426 2698 δὲ
1440 2636 1574 2720 γραμμὰς

293 2738 395 2808 ὑδατος
411 2734 553 2823 βλέπομεν
564 2736 724 2821 γινομένας.
745 2738 906 2820 κάμπτεται
957 2733 1021 2799 καθ’
1043 2735 1146 2805 ὑδατος
1161 2735 1318 2820 βλέπομεν·
1341 2738 1502 2820 κάμπτεται
1517 2739 1572 2823 γάρ

291 2840 345 2924 γὰρ
368 2842 387 2923 ῆ
411 2839 476 2925 ὄψις
498 2840 547 2924 βία
574 2839 622 2902 διά
648 2840 700 2922 τὴν
729 2840 905 2924 πυκνοτέραν
956 2840 976 2922 ῆ
1000 2836 1064 2923 ὄφις
1091 2837 1141 2923 βία
1162 2839 1209 2901 διὰ
1236 2839 1288 2922 τῆν
1316 2841 1491 2925 πυκνοτέραν
1520 2845 1572 2904 τοὺ

290 2945 341 3005 τοὺ
365 2943 468 3012 ύδατος
491 2943 574 3025 ὑλην·
598 2942 642 3004 διδ
665 2942 713 3005 καὶ
734 2943 786 3026 τὴν
801 2944 904 3026 κώπην
957 2940 1061 3010 ὑδατος
1083 2941 1168 3024 ύλην·
1202 2942 1248 3005 διδ
1270 2941 1319 3006 καὶ
1341 2943 1393 3026 τὴν
1415 2945 1518 3027 κώπην
1541 2944 1571 3007 έν

255 3044 321 3108 νσέν
336 3049 374 3127 τῆ
390 3044 527 3127 θαλάσση
541 3042 687 3127 μακρόθεν
698 3042 904 3127 καμπτομένην
955 3044 994 3126 τῆ
1022 3043 1158 3126 θαλάσση
1189 3043 1336 3129 μακρόθεν
1364 3046 1571 3129 καμπτομένην
1584 3065 1608 3103 ω

291 3148 415 3230 δρῶμεν.
470 3148 562 3231 τρίτος
588 3146 694 3230 τρόπος
715 3149 767 3208 τοὺ
789 3145 904 3230 βλέπειν
924 3162 939 3213 6
958 3145 1111 3230 βλέπομεν.
1161 3145 1254 3230 τρίτος
1268 3147 1373 3230 τρόπος
1388 3150 1439 3211 τού
1456 3148 1571 3233 βλέπειν

290 3249 326 3312 τά
357 3250 548 3330 ἀνακλώμενα
578 3253 618 3319 ώς
647 3250 683 3313 τά
712 3250 902 3332 κατοπτρικά·
955 3248 992 3311 τά
1020 3249 1212 3331 ἀνακλώμενα
1241 3251 1281 3318 ὡς
1313 3250 1350 3312 τὰ
1383 3253 1570 3335 κατοπτρικά.

289 3348 365 3414 ἔστιν
389 3349 439 3413 ούν
461 3351 494 3413 τδ
516 3355 569 3434 τῆς
591 3349 679 3435 ἴριδος
700 3351 795 3420 πάθος
812 3354 903 3414 τοιού·
954 3347 1030 3413 ἔστιν
1051 3347 1102 3414 ούν
1124 3351 1157 3413 τδ
1179 3355 1232 3435 τῆς
1255 3350 1342 3435 ίριδος
1362 3353 1458 3423 πάθος
1479 3359 1571 3418 τοιού·

289 3475 348 3515 τον.
392 3454 437 3514 δεῖ
467 3453 521 3536 γὰρ
557 3453 708 3538 ἐπινοῆσαι
735 3454 788 3537 τὴν
816 3453 903 3537 ὑγρὰν
953 3471 1016 3516 τον·
1056 3454 1102 3516 δεῖ
1128 3454 1183 3537 γὰρ
1212 3453 1363 3538 ἐπινοῆσαι
1396 3456 1449 3539 τῆν
1483 3456 1571 3540 ὑγρὰν

254 3572 279 3610 νο
291 3554 483 3636 ἀναθυμίασιν
501 3554 542 3624 είς
556 3554 642 3639 νέφος
657 3556 903 3641 μεταβάλλουσαν,
953 3553 1147 3638 ἀναθυμίασιν
1165 3556 1206 3626 είς
1221 3556 1307 3641 νέφος
1322 3558 1569 3643 μεταβαλλουσαν,
1582 3579 1607 3616 ου

288 3653 351 3718 είτα
372 3657 406 3719 ἐκ
425 3657 527 3719 τούτου
542 3658 616 3721 κατὰ
632 3658 726 3743 βραχὺ
742 3657 783 3727 είς
798 3658 902 3741 μικρὰς
953 3653 1017 3718 εἶτα
1038 3656 1071 3719 ἐκ
1091 3658 1194 3721 τούτου
1209 3659 1284 3723 κατὰ
1299 3660 1394 3745 βραχύ
1410 3660 1451 3730 είς
1467 3661 1570 3745 μικρὰς

290 3758 406 3842 ῥανίδας
421 3758 596 3830 νοτιζούσας.
632 3759 700 3824 όταν
722 3757 772 3822 οὑν
788 3760 805 3822 ό
820 3759 902 3843 ῆλιος
953 3757 1069 3842 ῥανίδας
1091 3761 1267 3833 νοτιζούσας.
1302 3762 1371 3826 όταν
1391 3760 1441 3825 οὑν
1457 3764 1473 3826 ό
1488 3764 1570 3848 ῆλιυς

286 3860 401 3944 γένηται
417 3861 458 3930 είς
474 3862 595 3942 δυσμάς,
616 3863 727 3945 ἀνάγκη
744 3864 825 3925 πᾶσα
845 3858 900 3944 ίριν
951 3860 1068 3944 γένηται
1091 3863 1121 3926 έν
1138 3865 1270 3945 δυσμαῖς,
1293 3864 1403 3947 ἀνάγκη
1419 3867 1500 3927 πᾶσα
1513 3863 1569 3949 ίριν

285 3962 415 4048 άντικρυς
432 3963 516 4046 ῆλίου
531 3965 700 4048 φαίνεσθαι·
721 3964 787 4027 τότε
803 3961 900 4047 ῆὺψις
951 3961 1083 4048 ἄντικρυς
1098 3965 1183 4048 ῆλίου
1200 3966 1370 4049 φαίνεσθαι·
1397 3965 1463 4030 τότε
1477 3967 1532 4050 γάρ
1548 3968 1568 4050 ῆ

252 4070 493 4150 ωπροσπεσούσα
513 4070 576 4135 ταῖς
599 4066 707 4151 ῥανίσιν
729 4067 899 4143 ἀνακλᾶται,
952 4063 1016 4149 ὄψις
1043 4071 1249 4152 προσπεσοῦσα
1276 4073 1338 4139 ταῖς
1366 4069 1473 4153 ῥανίσιν
1500 4070 1605 4133 ἀναω

245 4188 446 4196 ——---——
954 4186 1153 4199 -σ-υ-οι-ι

278 4239 293 4290 6
312 4237 387 4305 φησὶν
407 4236 437 4288 ίκ
453 4240 475 4289 Β
492 4235 506 4306 ΙΙ
520 4236 648 4307 θαύματος
665 4243 725 4292 AB:
744 4251 813 4294 τεοοε
832 4242 899 4292 Οσί.
990 4237 1001 4288 l
1023 4235 1074 4289 οῖον
1092 4237 1183 4306 γίνεται
1201 4244 1239 4294 A:
1258 4246 1416 4310 transposuit
1433 4245 1537 4295 Ηευιειι

241 4326 309 4375 Plat.
319 4326 427 4376 Theaet.
440 4343 465 4391 p.
476 4324 548 4379 1551>
565 4323 577 4393 β
591 4322 726 4395 θὌμηρος
738 4328 760 4378 P
771 4325 822 4379 547
837 4323 850 4395 β
869 4327 898 4378 ll
988 4324 1005 4378 θ
1022 4320 1177 4393 θαυμαστῶς
1194 4331 1232 4380 A:
1251 4346 1317 4380 corr.
1336 4331 1432 4382 Cantor

241 4426 304 4468 τινες
319 4411 499 4476 Pythagoreos
511 4416 638 4480 intellegit
650 4414 756 4465 Lobeek
769 4415 899 4478 Aglaoph.
988 4411 1003 4463 9
1022 4409 1081 4480 ἧντι
1098 4415 1119 4465 F
1138 4414 1202 4478 [om.
1222 4418 1286 4467 haec
1298 4416 1332 4480 Ο]
1352 4412 1364 4482 Η
1385 4413 1490 4485 νεφέλην
1508 4418 1544 4467 F:
1561 4415 1611 4486 ἶριν

241 4496 302 4558 895,
314 4515 339 4549 0.
357 4501 403 4548 sed
423 4501 501 4550 distat
519 4501 645 4551 Ae1.v4
664 4503 702 4551 1v
717 4501 748 4552 l7
769 4496 782 4566 β
806 4499 838 4551 14
856 4496 899 4550 σύν
951 4500 1080 4551 Homerus
1099 4504 1130 4553 εί.
1148 4505 1217 4555 Ρίυι.
1239 4500 1252 4570 Η
1272 4500 1379 4571 θνητῆσι
1397 4500 1494 4555 τανύσει
1513 4506 1534 4554 F

242 4585 303 4634 AB:
321 4587 380 4652 γοῦν
399 4583 496 4653 01717
516 4582 623 4654 ἀδῆλους
640 4589 725 4638 delevi
740 4582 754 4652 β
769 4583 801 4638 27
821 4585 896 4638 ἀνακ·
985 4586 1018 4639 17
1037 4585 1064 4638 δὲ
1081 4585 1148 4658 λέγω
1167 4593 1258 4656 vulgo:
1278 4593 1378 4641 correxi
1392 4607 1424 4641 σκ
1438 4593 1506 4642 ΡΙιιι.
1526 4595 1612 4657 potuit

240 4669 341 4737 τώμενα
360 4677 384 4722 Α
405 4672 419 4739 λΙ
439 4672 471 4725 31
491 4672 521 4724 έκ
539 4670 628 4724 τούτου
642 4674 678 4724 G:
701 4671 731 4724 ίκ
749 4675 794 4723 τοὺ
812 4675 895 4736 (A)c=
946 4677 1023 4726 etiam
1041 4686 1100 4741 post
1118 4673 1184 4745 λέγω
1203 4679 1262 4728 addi
1281 4674 1347 4746 λόγῳ

241 4775 291 4810 om.
305 4761 327 4810 B
342 4756 354 4825 ΙΙ
370 4759 404 4811 33
421 4758 455 4817 είς
473 4757 567 4827 δυσμάς
586 4760 691 4822 (A)BG:
711 4757 830 4829 ίνδυσμῆ
846 4759 894 4828 ΠΗ
983 4759 1017 4813 33
1036 4765 1118 4814 πᾶσαν
1136 4766 1169 4815 7ιί
1193 4783 1258 4816 corr.
1279 4767 1379 4816 Heeren
1407 4767 1437 4815 εί.
1464 4767 1502 4815 Ιυ.
1527 4767 1613 4816 Gottl.

239 4849 306 4896 πᾶσα
336 4848 395 4897 AB:
423 4849 505 4896 πᾶσαν
527 4847 574 4898 Ge
599 4844 612 4913 ίΙ
641 4845 676 4899 34
704 4845 759 4897 τότε
787 4848 825 4898 G:
854 4844 895 4898 ότι
946 4848 1089 4901 Schneider
1107 4853 1155 4900 εοΙ.
1175 4854 1247 4918 phys.
1265 4852 1345 4904 1400

239 4932 333 4996 (λκιο
