3442 5588
182 305 246 368 514
563 307 819 359 THEOPHRAS'PI
837 309 976 360 PHYSlO.
995 309 1156 360 0P1N10N.

231 477 425 560 παραβάλλων
451 477 585 561 τοιαύτην
611 475 683 540 εἶναι
711 478 763 561 τὴν
795 478 965 555 ἐντύπωσιν,
995 477 1055 540 οίον
1085 477 1111 540 εί
1134 473 1287 557 ἐκμάξειας
1319 475 1361 546 εἰς
1394 474 1501 559 κηρόν.

232 575 331 642 ἔπειτα
365 581 473 661 μᾶλλον
504 580 534 642 ἐν
557 581 639 644 ύδατι
666 577 829 641 τυποῦσθαι
858 579 993 659 δυνατόν,
1026 580 1088 665 δσιρ
1122 578 1310 662 πυκνότερον·
1344 580 1432 663 ἧττον
1465 577 1503 640 δέ

232 683 343 765 δρᾶται,
366 681 458 744 καίτοι
481 686 612 766 προσῆκε
634 684 753 765 μᾶλλον.
797 681 873 753 όλως
895 684 928 746 δέ
950 684 1097 768 ἀπορροὴν
1124 686 1261 745 ποιοῦντα
1289 687 1343 767 τῆς
1369 685 1501 766 μορφῆς,

233 784 331 869 ὥσπερ
354 784 384 847 ἐν
406 789 466 854 τοῖς
488 785 553 870 περὶ
574 789 632 847 τῶν
655 783 756 862 εἰδῶν,
784 783 813 846 τί
839 787 885 848 δεῖ
909 787 962 870 τὴν
991 786 1177 850 ἀποτύπωσιν
1205 789 1310 868 ποιεῖν;
1339 785 1417 848 αὐτὰ
1441 784 1503 867 γὰρ

181 892 214 946 52
232 885 402 971 ἐμφαίνεται
424 888 461 951 τά
483 886 602 951 είδωλα.
754 888 779 949 εἰ
806 888 839 950 δέ
865 889 902 972 δὴ
929 893 1014 952 τούτο
1043 888 1191 974 συμβαίνει
1219 887 1267 950 καί
1296 889 1312 950 ό
1340 887 1399 970 ἀὴρ
1424 887 1531 950 ἀποι

231 990 368 1070 μάττεται
396 989 530 1074 καθάπερ
557 991 646 1073 κηρδς
674 989 842 1072 ὠθούμενος
868 992 916 1055 καὶ
944 992 1155 1074 πυκνούμενος,
1188 994 1252 1059 πῶς
1279 989 1326 1052 καλ
1356 988 1427 1052 ποία
1456 1011 1502 1058 τις

232 1092 252 1174 ἡ
276 1089 400 1176 ἔμφασις
423 1092 541 1174 γίνεται;
564 1094 652 1175 δῆλον
674 1092 728 1176 γὰρ
752 1095 792 1162 ῶς
813 1094 860 1156 ἐπὶ
883 1097 1042 1179 προσώπου
1071 1093 1114 1178 <ύ>
1143 1093 1232 1163 τύπος
1254 1091 1335 1157 ἔσται
1355 1098 1399 1178 τῷ
1423 1093 1500 1175 όρια

231 1195 310 1279 μένῳ
342 1195 476 1278 καθάπερ
509 1194 540 1257 ἐν
568 1198 627 1263 τοῖς
658 1193 766 1264 ἄλλοις.
811 1197 941 1260 τοιούτου
969 1196 997 1260 δ’
1031 1196 1113 1266 ὄντος
1140 1197 1280 1260 ἀδύνατον
1309 1194 1339 1265 ἐξ
1366 1193 1501 1261 ἐναντίας

232 1294 357 1381 ἔμφασιν
379 1296 509 1379 γίνεσθαι
532 1297 573 1379 μὴ
598 1296 771 1380 στραφέντας
793 1302 845 1360 τού
867 1299 968 1362 τύπου.
1014 1304 1099 1363 τοῦτο
1122 1297 1148 1362 δ’
1170 1300 1227 1362 ὑπὸ
1249 1299 1325 1368 τίνος
1347 1295 1430 1361 ἔσται
1451 1294 1500 1357 καὶ

234 1402 308 1476 πῶς,
331 1399 471 1463 δεικτέον·
495 1399 553 1483 οὐχ
568 1398 673 1462 οἷόντε
695 1398 750 1483 γάρ
771 1398 868 1470 ἄλλως
882 1401 1012 1484 γίνεσθαι
1032 1406 1065 1467 τδ
1082 1406 1161 1489 ὁρᾶν.
1197 1401 1296 1465 ἔπειτα
1310 1401 1379 1464 ὅταν
1394 1401 1500 1483 δρᾶται
1519 1422 1544 1460 ιο

232 1501 351 1565 πλείονα
376 1502 450 1565 κατὰ
476 1503 526 1565 τὸν
552 1501 640 1564 αὐτόν
671 1500 774 1580 τόπον,
807 1507 872 1574 πῶς
898 1505 929 1568 ἐν
960 1511 1002 1591 τῷ
1032 1507 1113 1591 αὐτῷ
1145 1505 1208 1589 ἀέρι
1236 1504 1352 1572 πλείους
1380 1499 1498 1565 ἔσονται

231 1605 330 1688 τύποι;
353 1606 401 1668 καλ
424 1607 508 1669 παλιν
531 1609 594 1673 πῶς
628 1605 772 1689 ἀλλήλους
800 1608 870 1690 όρᾶν
892 1608 1054 1694 ἐνδέχεται;
1081 1609 1149 1677 τοὺς
1170 1608 1224 1691 γὰρ
1251 1607 1358 1675 τύπους
1384 1605 1500 1687 ἀνάγκη

230 1708 403 1792 συμβαλλειν
437 1709 566 1783 ἑαυτοῖς,
599 1707 734 1791 ἑκάτερον
766 1708 984 1793 ἀντιπρόσωπον
1018 1709 1086 1774 ὄντα
1120 1708 1172 1794 ἀφ’
1212 1711 1252 1772 ῶν
1285 1709 1372 1773 ἐστιν.
1419 1707 1499 1770 ὥστε

180 1817 214 1871 53
230 1812 315 1873 τούτο
343 1813 463 1895 ζήτησιν
491 1809 565 1896 ἔχει.
719 1812 768 1875 καὶ
796 1811 867 1896 πρδς
899 1813 993 1897 τούτῳ
1027 1815 1075 1877 διά
1107 1812 1136 1875 τί
1164 1835 1235 1875 ποτε
1260 1813 1381 1880 ἕκαστος
1408 1809 1500 1877 αύτδς

229 1913 317 1975 αὑτὸν
340 1914 397 1998 οὐχ
421 1916 491 1998 όρᾷ;
517 1916 651 1999 καθάπερ
679 1915 733 1999 γὰρ
759 1918 820 1984 τοῖς
844 1918 903 1977 τῶν
925 1916 1016 1985 πέλας
1038 1914 1180 1998 ὄμμασιν,
1202 1917 1229 1979 οἱ
1252 1914 1336 1978 τύποι
1364 1913 1414 1977 καλ
1436 1915 1500 1979 τοῖς
1518 1935 1540 1974 ιι

232 2015 345 2078 ἑαυτῶν
376 2016 552 2100 ἐμφαίνοιντ’
580 2017 630 2095 ἀν,
659 2017 755 2088 ἄλλως
777 2040 809 2080 τε
830 2017 856 2080 εἰ
883 2019 932 2081 καὶ
955 2018 1044 2087 εὐθὺς
1070 2017 1284 2101 ἀντιπρόσωποι
1313 2019 1421 2079 κεῖνται
1445 2013 1497 2076 καὶ

229 2119 318 2183 ταύτδ
341 2119 490 2204 συμβαίνει
513 2120 608 2190 πάθος
631 2121 730 2206 ὥσπερ
752 2122 799 2186 ἐπὶ
827 2125 881 2205 τῆς
895 2123 1010 2206 ’ἠχοῦς
1055 2121 1237 2184 ἀνακλᾶσθαι
1263 2120 1316 2203 γάρ
1343 2139 1415 2203 φησι
1445 2117 1495 2180 καὶ

230 2222 303 2306 πρδς
330 2222 418 2285 αύτδν
446 2223 495 2286 τόν
524 2222 721 2308 φθεγξάμενον
748 2226 800 2308 τὴν
828 2226 940 2310 φωνήν.
984 2223 1060 2293 όλως
1092 2225 1124 2287 δέ
1150 2222 1257 2291 ἄτοπος
1284 2223 1305 2305 ἡ
1330 2226 1382 2284 τοῦ
1409 2221 1497 2304 ἀέρος

229 2325 367 2394 τύπωσις.
411 2327 521 2409 ἀνάγκη
544 2326 597 2410 γὰρ
620 2325 649 2394 ἐξ
673 2327 713 2389 ῶν
736 2328 812 2410 λέγει
835 2328 929 2389 ποίντα
951 2326 1201 2390 ἐναποτυπούσθαι
1229 2325 1266 2387 τὰ
1293 2326 1417 2406 σώματα
1446 2322 1495 2386 καλ

228 2427 322 2490 πολλὰ
344 2427 539 2505 ἐναλλάττειν,
567 2430 655 2492 δκαὶ
682 2431 754 2514 πρὸς
781 2431 834 2514 την
862 2427 927 2514 όψιν
956 2428 1093 2511 ἐμπόδιον
1122 2427 1156 2491 ἀν
1182 2425 1228 2511 εἴη
1252 2427 1300 2491 καὶ
1323 2426 1419 2496 ἄλλως
1442 2425 1496 2489 οὐκ
1514 2451 1538 2491 κ)
1562 2494 1565 2500 ,

229 2526 358 2611 εὔλογον.
402 2527 445 2592 ἔτι
468 2531 501 2593 δέ
523 2529 604 2617 είτιερ
628 2534 647 2616 ἡ
671 2532 798 2603 τύπωσις
819 2531 963 2614 διαμένει,
985 2533 1033 2596 καλ
1057 2532 1098 2614 μὴ
1122 2535 1254 2615 φανερῶν
1278 2527 1396 2612 [ὄντων]
1419 2529 1496 2612 μηδὲ

227 2633 349 2715 πλησίον
377 2629 467 2696 όντων
496 2638 555 2696 τῶν
578 2635 723 2716 σωμάτων
754 2637 844 2721 ἐχρῆν
874 2638 945 2719 δρᾶν
973 2635 999 2697 εί
1022 2635 1069 2698 καὶ
1093 2634 1134 2716 μὴ
1161 2632 1291 2716 νύκτωρ,
1319 2632 1395 2695 ἀλλὰ
1421 2629 1490 2714 μεθ’

228 2733 350 2819 ἡμέραν.
388 2735 482 2798 καίτοι
503 2737 570 2806 τούς
591 2759 624 2820 γε
645 2737 752 2807 τύπους
774 2737 832 2823 οὐχ
854 2738 939 2821 ἧττον
962 2738 1040 2806 εἰκὸς
1061 2736 1204 2819 διαμένειν
1226 2735 1338 2811 νυκτός,
1361 2735 1424 2820 όσιμ
1447 2735 1496 2817 ἐμ-

180 2846 213 2898 54
230 2837 408 2924 ψυχρότερος
436 2841 452 2902 ό
483 2840 552 2924 ἀήρ.
705 2837 769 2903 ἀλλ’
801 2838 873 2909 ἴσως
900 2841 953 2923 τὴν
981 2837 1107 2924 ἔμφασιν
1133 2841 1149 2902 ό
1176 2840 1259 2922 ἥλιος
1285 2842 1362 2901 ποιεῖ
1387 2837 1437 2901 καὶ
1462 2839 1496 2900 τδ

228 2946 292 3026 φῶς
321 2942 419 3025 ὥσπερ
442 2942 622 3028 *ἐπιφέρων
655 2943 702 3006 ἐπὶ
732 2944 784 3026 τὴν
813 2940 893 3027 ὄψιν,
926 2942 1060 3027 καθάπερ
1094 2940 1171 3005 ἔοικε
1204 2940 1362 3026 βούλεσθαι
1387 2940 1494 3023 λέγειν·
1512 2968 1537 3008 α

233 3044 296 3108 ἐπεὶ
318 3045 351 3108 τό
374 3068 408 3128 γε
429 3046 477 3109 τὸν
500 3047 582 3129 ἥλιον
606 3046 783 3109 ἀπωθοῦντα
806 3044 856 3130 ἀφ’
884 3046 990 3108 ἑαυτοῦ
1012 3045 1060 3108 καὶ
1088 3044 1344 3127 ἀποπληττύμενον
1371 3048 1498 3107 πυκνοῦν

230 3148 280 3210 τδν
303 3147 386 3230 ἀέρα,
408 3149 543 3233 καθάπερ
564 3149 667 3232 φησίν,
690 3148 811 3213 ἀτοπον·
840 3145 992 3232 διακρίνειν
1012 3149 1067 3232 γὰρ
1090 3149 1202 3233 πέφυκε
1225 3149 1343 3230 μᾶλλον.
1386 3145 1496 3211 ἄτοπον

230 3250 264 3313 δέ
285 3249 333 3313 καὶ
356 3251 389 3312 τδ
413 3251 454 3333 μὴ
479 3251 565 3332 μόνον
588 3255 647 3321 τοῖς
671 3249 812 3335 ὄμμασιν,
835 3251 911 3314 ἀλλά
933 3254 981 3315 καὶ
1003 3256 1046 3337 τῷ
1069 3251 1151 3336 ἄλλῳ
1174 3253 1288 3333 σώματι
1311 3249 1497 3333 μεταδιδόναι

227 3357 281 3436 τῆς
302 3351 485 3436 αἰσθήσεως·
519 3354 590 3438 φησὶ
612 3355 666 3439 γὰρ
688 3355 736 3418 διὰ
766 3358 851 3418 τούτο
873 3355 1014 3439 κενότητα
1035 3357 1083 3419 καὶ
1106 3354 1250 3439 ὑγρότητα
1272 3352 1351 3438 ἔχειν
1370 3355 1431 3417 δεῖν
1444 3355 1496 3417 τὸν

230 3454 394 3539 ὀφθαλμόν,
423 3455 459 3519 ἵν’
488 3458 535 3520 ἐπὶ
558 3457 646 3521 πλέον
670 3457 792 3541 δέχηται
814 3459 862 3521 καὶ
885 3464 927 3543 τῷ
950 3457 1032 3543 ἀλλιμ
1055 3459 1169 3538 σώματι
1192 3456 1354 3539 παραδιδῷ.
1389 3455 1495 3539 ἄλογον
1512 3483 1536 3521 ιο

228 3557 261 3620 δέ
289 3558 337 3622 καὶ
364 3559 397 3621 τδ
428 3560 553 3641 μάλιστα
579 3560 632 3644 μέν
663 3563 732 3644 δρᾶν
761 3562 848 3645 φάναι
874 3561 911 3623 τὰ
934 3560 1085 3645 ὁμόφυλα,
1113 3560 1166 3642 τὴν
1195 3559 1228 3620 δέ
1254 3554 1378 3643 ἔμφασιν
1401 3561 1495 3622 ποιεῖν

229 3665 289 3732 τοῖς
315 3661 498 3746 ἀλλόχρωσιν
529 3666 569 3733 ῶς
597 3664 651 3727 οὐκ
680 3663 900 3748 ἐμφαινομένων
926 3668 985 3727 τῶν
1012 3662 1131 3746 όμοίων.
1175 3659 1212 3723 τὰ
1244 3659 1278 3722 δέ
1304 3659 1416 3744 μεγέθη
1445 3661 1494 3726 καὶ

179 3882 194 3935 1
214 3883 248 3942 είς
261 3882 369 3954 σκληρόν
381 3888 439 3939 PF:
460 3904 525 3939 corr.
540 3889 675 3938 Bnrcherd
697 3890 728 3938 cf.
750 3907 774 3938 v.
788 3888 804 3941 6
819 3886 832 3954 ΙΙ
885 3888 912 3936 ἰιι
931 3902 994 3952 mrg.
1013 3889 1072 3939 edd.
1091 3907 1129 3956 pr.
1148 3889 1169 3939 F
1189 3884 1203 3955 ΙΙ
1224 3885 1258 3939 20
1279 3885 1404 3939 ἐναλάτειν
1422 3889 1445 3939 F
1463 3896 1490 3939 ei
1505 3893 1541 3941 nic

177 3967 376 4040 depicdcePF:
391 3990 455 4025 corr.
466 3978 592 4028 Wimmer
605 3970 620 4042 11
633 3974 651 4025 4
664 3972 736 4026 είδῶν
749 3984 834 4026 tuetur
885 3977 987 4041 saepius
1012 3971 1026 4043 ΙΙ
1051 3974 1084 4026 21
1109 3986 1167 4042 port
1190 3972 1297 4041 διαμένει
1320 3976 1441 4037 distinxi,
1465 3977 1540 4040 reigo

178 4061 293 4112 Mullnch
311 4062 433 4113 Democr.
452 4065 543 4128 fragm.
562 4080 587 4128 p.
604 4060 663 4115 135.
686 4064 718 4114 de
737 4064 833 4115 citandi
885 4070 944 4128 pont
963 4063 1098 4130 σωμάτων.
1118 4061 1200 4114 καίτοι
1218 4064 1329 4114 breviter
1345 4062 1444 4113 dietum
1458 4057 1544 4130 ιαιφιιι·

176 4149 259 4198 forme
277 4150 309 4199 cf.
327 4165 352 4213 p.
366 4147 465 4213 525,4:
484 4146 596 4202 είδῶλων
615 4150 756 4202 Schneider
774 4146 789 4219 ΙΙ
809 4149 834 4201 τί
884 4157 964 4201 noctu
986 4166 1088 4217 queque
1103 4150 1171 4218 fleri
1188 4158 1284 4215 poteri,
1308 4166 1371 4200 nam
1393 4146 1449 4201 etc!
1471 4146 1485 4218 ΙΙ
1504 4146 1542 4202 όν

176 4232 206 4303 δὴ
224 4234 272 4304 την
291 4233 450 4288 ἀποτύπωσιν
468 4241 544 4300 ποιεῖ,
567 4236 638 4290 αύτῶ
656 4237 702 4308 γὰρ
720 4238 833 4309 ἐμφαίνει
884 4254 935 4288 των
963 4246 1022 4303 poet
1044 4242 1159 4309 φανερῶν
1184 4239 1279 4290 delevit
1302 4236 1448 4290 Schneider
1470 4234 1485 4308 ΙΙ
1509 4235 1541 4291 23

175 4326 213 4372 τῶ
230 4322 263 4374 τὰ
281 4321 372 4376 εἴδωλα
390 4327 502 4377 Prescr.
515 4327 550 4377 F:
569 4342 635 4377 corr.
653 4326 796 4380 Schneider
814 4325 829 4396 11
883 4323 1053 4395 ἐμψυχότερος
1075 4327 1132 4379 PF:
1156 4342 1222 4379 ccrr.
1249 4328 1375 4378 Wimmer
1397 4320 1413 4395 ΙΙ
1443 4323 1478 4379 24
1500 4326 1542 4379 καὶ

175 4409 191 4462 6
214 4409 251 4468 τίς
274 4413 318 4464 PF
341 4413 402 4475 (ned
426 4413 613 4475 oblitteratum)
638 4407 651 4480 ΙΙ
676 4414 692 4466 ’ί
715 4411 729 4465 ό
755 4417 829 4467 eddi·
881 4421 940 4480 poet
956 4419 1022 4465 ποιεῖ
1038 4416 1095 4467 PF:
1115 4431 1166 4466 cm.
1186 4415 1264 4465 Voee.
1283 4414 1385 4465 Cernen
1406 4409 1422 4482 ΙΙ
1440 4411 1540 4466 renn-

174 4500 211 4550 dit
229 4500 371 4553 Schneider
389 4496 404 4569 ΙΙ
426 4498 458 4552 13
477 4498 506 4551 ἂν
529 4498 663 4569 πρόσωπον
680 4502 737 4553 PF:
762 4519 828 4555 corr.
880 4510 933 4554 tum
950 4505 1069 4570 supplere
1086 4505 1192 4568 nequivi
1213 4497 1226 4571 ΙΙ
1245 4500 1279 4556 26
1297 4499 1326 4554 τό
1344 4518 1372 4570 γι
1389 4504 1423 4565 Ρ,
1443 4519 1494 4554 nec.
1510 4502 1541 4553 F:

173 4587 320 4655 Stephennn
350 4585 363 4654 ΙΙ
391 4585 451 4639 όντα
483 4596 552 4641 recte
583 4589 641 4639 PF:
673 4585 746 4648 όντας
778 4591 828 4642 Ca·
879 4588 1032 4658 τάπητα*
1052 4586 1067 4658 ΙΙ
1086 4587 1128 4641 τὸν
1141 4585 1178 4642 ότι
1191 4586 1338 4642 ἀπαθοῶντα
1351 4591 1457 4644 eicPFz
1476 4606 1540 4643 cerr.

172 4678 267 4727 mctinr
294 4673 307 4742 ΙΙ
336 4675 366 4729 15
390 4675 500 4746 καίτοιγε
522 4673 607 4728 adrev
631 4678 688 4729 PF:
717 4681 828 4730 correxi.
881 4678 1024 4731 Schneider
1038 4675 1051 4746 Η
1065 4676 1354 4746 ἀποπλαττόμινονΡβι
1368 4695 1430 4730 corr
1442 4679 1542 4730 Usener

173 4760 217 4814 καλ
238 4767 290 4820 τοῖς
312 4759 398 4814 αύτῶν
420 4767 567 4831 praeiverat
590 4765 732 4816 Schneider
756 4762 771 4833 ΙΙ
797 4767 828 4820 16
881 4768 949 4818 ccnl.
962 4769 1009 4818 Ar.
1019 4768 1100 4832 probi.
1115 4766 1167 4817 llr
1185 4783 1210 4831 p.
1224 4764 1335 4819 8991144
1351 4762 1363 4833 ΙΙ
1377 4761 1474 4816 πυκνὸν
1486 4764 1540 4818 PF:

172 4849 193 4902 ιί
216 4849 259 4902 καὶ
282 4853 313 4904 ci.
337 4854 369 4906 d.
397 4855 508 4906 Mueller
531 4855 549 4905 i.
568 4871 589 4905 c.
613 4872 638 4920 p.
651 4853 695 4906 39.
718 4856 828 4906 Aristct.
881 4871 947 4907 corr.
957 4855 1099 4908 Schneider
1110 4848 1123 4920 ΙΙ
1134 4851 1166 4904 31
1183 4851 1229 4920 τὴν
1239 4854 1274 4904 Ρι
1288 4849 1401 4914 rhemi?
1416 4848 1432 4920 ΙΙ
1445 4850 1481 4906 32
1492 4857 1540 4910 τοῖς

171 4959 196 5008 p.
209 4936 343 5010 51111211
361 4941 392 4994 17
402 4941 522 4995 ἐπὶ-18
531 4937 699 5011 φθεγξάμενον
709 4959 769 5006 σω,
783 4944 829 4993 sed
881 4945 915 4995 P:
932 4946 984 5000 τοῖς
1003 4939 1023 4993 δ’
1042 4944 1063 4993 F
1084 4940 1098 5010 ΙΙ
1122 4939 1215 5009 ὁμοίως
1234 4942 1291 5011 Pii:
1309 4957 1376 4992 corr.
1398 4942 1539 4994 Vonsienrr
