3442 5588
224 370 288 435 452
543 371 620 422 ΑΒΗ
637 372 775 423 DIDYMI
792 372 978 426 Emotttts
996 373 1048 425 itu.
1068 372 1270 426 PflYs.1t.1t

224 540 272 603 καί
295 540 542 623 προδιαλυομένην
565 540 612 602 καί
636 545 756 622 σημεῖον
777 536 866 602 ούσαν
888 538 995 618 εύδίας,
1017 541 1070 626 τὴν
1093 542 1126 604 δέ
1149 541 1392 625 μετεωρισθεῖσαν
1415 544 1463 607 tut
1486 546 1588 607 πλεῖον

224 641 272 703 καί
295 640 496 726 συγκριθεῖσαν
523 641 656 727 νεφέλην.
693 643 787 705 πάντα
813 641 846 704 δὲ
867 643 932 725 περί
954 648 1008 727 γῆν
1031 648 1122 707 ταῦτα
1143 644 1272 727 γίνεσθαι
1294 645 1342 708 διὰ
1363 646 1397 708 τὸ
1419 646 1460 729 μὴ
1484 646 1587 729 πόρρω

223 744 275 826 τὴν
304 743 411 826 ἀτμίδα
439 743 665 827 μετεωρίζεσθαι
692 743 868 829 κατισχύειν.
909 745 940 807 ἐν
965 750 1032 827 γοῦν
1066 750 1126 816 τοῖς
1159 747 1349 831 ὑψηλοτάτοις
1378 745 1473 831 ὄρεσιν
1500 747 1586 811 οὐδὲν

223 845 352 928 γίνεσθαι
374 845 492 909 τούτων.
516 843 607 908 αἴτιον
628 844 686 929 (δ’)
708 846 752 910 ότι
775 847 899 929 μαλιστα
920 846 954 911 ἐκ
976 852 1035 910 τῶν
1057 847 1163 911 κοίλων
1186 848 1321 930 ἀνάγεται
1343 848 1392 910 καί
1414 848 1585 933 έφύδρωνή

194 973 206 1010 τ
225 949 308 1031 ἀτμίς
334 948 447 1012 τόπων·
480 950 557 1012 ὥστε
582 948 716 1032 καθάπερ
745 949 861 1034 φορτίον
889 951 987 1013 πλεῖον
1008 947 1152 1034 φέρουσαν
1175 949 1194 1034 ἢ
1217 947 1287 1013 καθ’
1314 950 1420 1034 έαυτην
1442 951 1495 1034 τὴν
1518 951 1587 1014 ἀνά-

222 1072 327 1135 γουσαν
358 1051 524 1135 θερμότητα
552 1050 593 1134 μὴ
624 1050 764 1114 δύνασθαι
793 1051 975 1135 μετεωρίζειν
997 1053 1044 1116 ἐπὶ
1072 1052 1162 1115 πολύν
1182 1050 1253 1135 ἀγαν
1275 1051 1379 1127 τόπον,
1407 1050 1473 1116 ἀλλ’
1500 1052 1588 1136 truie

222 1151 311 1217 οὖσαν
334 1151 376 1217 ἔτι
397 1158 450 1237 τῆς
471 1157 524 1237 γῆς
547 1152 678 1234 μεθιέναι
700 1153 786 1216 πάλιν
810 1152 856 1217 ἐπ’
884 1154 985 1239 αὐτήν.

304 1255 354 1321 Ἐκ
377 1255 409 1318 δὲ
430 1258 481 1318 τοῦ
505 1255 569 1338 περὶ
591 1255 629 1318 τὰ
649 1254 723 1339 νέφη
745 1255 836 1319 τόπου
863 1255 927 1340 τρία
949 1261 1051 1341 φοιτᾶν
1073 1260 1196 1340 σώματα
1217 1259 1289 1341 πρδς
1311 1258 1404 1340 ἡμᾶς,
1434 1257 1512 1342 ὕδωρ
1534 1259 1585 1321 καὶ

223 1360 309 1445 χιόνα
337 1359 385 1422 καί
414 1358 558 1442 χάλαζαν.
586 1357 627 1419 ὧν
650 1357 701 1420 δύο
724 1358 788 1439 μὲνΙ
803 1358 955 1441 ἀναλογίας
977 1357 1056 1445 ἔχειν
1078 1361 1150 1444 πρὸς
1172 1359 1285 1442 άλληλα
1307 1360 1386 1442 παρά
1407 1361 1440 1421 τό
1462 1361 1511 1423 διὰ
1531 1361 1587 1430 τὰς

183 1490 205 1527 ιο
222 1461 312 1530 αότδς
338 1461 432 1530 αἰτίας
457 1460 586 1544 γίνεσθαι
614 1464 675 1529 τοῖς
701 1461 782 1523 κάτω
810 1460 981 1546 διαφέροντα
1007 1467 1049 1546 τῷ
1079 1465 1188 1544 μᾶλλον
1216 1463 1263 1525 καί
1292 1461 1377 1546 ἧττον
1404 1463 1452 1526 καί
1474 1463 1585 1547 πλήθει

220 1565 268 1628 καί
292 1563 448 1647 ὀλιγότητι.
492 1564 578 1649 χιόνα
606 1564 661 1647 γὰρ
689 1563 737 1626 καὶ
760 1565 875 1648 πάχνην
897 1561 970 1627 εἰναι
993 1563 1097 1626 ταύτδν
1120 1565 1168 1627 καί
1188 1564 1273 1627 ύετδν
1295 1567 1344 1628 καί
1366 1565 1484 1649 δρόσον,
1507 1565 1585 1629 ἀλλὰ

216 1669 249 1731 τδ
273 1669 324 1749 μὲν
348 1667 434 1742 πολύ,
457 1666 490 1728 τδ
507 1663 534 1728 δ’
556 1667 663 1749 ὀλίγον·
686 1665 806 1748 τὸνμὲν
827 1665 881 1750 γὰρ
905 1666 987 1729 ὑετόν
1010 1666 1044 1729 έκ
1065 1667 1176 1748 πολλῆς
1199 1666 1317 1749 ἀτμίδος
1339 1668 1468 1750 γίνεσθαι
1491 1672 1583 1754 ψυχο

220 1768 323 1853 μένης,
350 1770 403 1853 τὴν
432 1769 465 1831 δὲ
495 1768 597 1852 δρόσον
627 1766 657 1837 έί
686 1768 801 1851 όλίγης,
830 1768 976 1853 ἐφήμερον
1002 1767 1056 1851 γάρ
1083 1768 1174 1852 αύτῆς
1197 1769 1337 1854 ὑπάρχειν
1358 1771 1411 1853 τὴν
1434 1771 1584 1834 σύστασιν.

219 1872 328 1954 ὁμοίως
354 1871 439 1956 χιόνα
462 1871 509 1934 καί
538 1873 667 1956 πάχνην·
706 1871 792 1956 χιόνα
819 1871 872 1952 μὲν
900 1869 954 1954 γὰρ
976 1870 1048 1934 εἰναι
1071 1870 1155 1954 πῆξιν
1176 1870 1294 1955 νέφους,
1325 1872 1444 1954 ἀτμίδος
1474 1874 1506 1937 δὲ
1529 1873 1582 1957 τὴν

181 1998 204 2036 u
222 1975 346 2059 πάχνην.
385 1976 429 2037 διδ
452 1975 471 2057 ἢ
494 1977 595 2059 χώρας
618 1974 636 2056 ἢ
660 1974 738 2056 ώρας
761 1977 1016 2057 ψυχρᾶςσημεῖον
1038 1972 1168 2057 γίνεσθαι
1190 1975 1243 2057 τὴν
1265 1974 1365 2059 χιόνα·
1393 1976 1526 2059 χαλάζας
1549 1978 1582 2040 tt

220 2077 294 2139 κατὰ
323 2077 485 2141 τούναντίον
508 2077 537 2139 ἐν
560 2081 622 2145 ταῖς
645 2073 861 2159 εὐδιεινοτέραις
883 2076 1047 2161 συμβαίνειν
1071 2079 1183 2161 χώραις
1204 2077 1224 2160 ἢ
1248 2077 1347 2160 ὥραις.
1387 2077 1491 2162 θέρους
1512 2083 1580 2162 γοῦν

220 2181 345 2261 μαλιστα
367 2181 414 2242 καί
438 2181 608 2262 μετοπώρου
631 2177 771 2260 γίνεσθαι,
792 2182 938 2262 χειμῶνος
960 2179 993 2241 δὲ
1015 2179 1142 2260 ὀλιγάκις
1164 2179 1212 2241 καὶ
1235 2178 1304 2242 όταν
1320 2179 1406 2262 ἧττον
1430 2179 1450 2264 ᾗ
1474 2187 1579 2267 ψῦχος.

219 2281 291 2344 εἰναι
315 2283 347 2346 δὲ
369 2283 421 2365 τὴν
444 2283 575 2366 χάλαζαν
597 2285 648 2343 τοῦ
670 2279 906 2364 καταφερομένου
928 2279 1011 2364 πῆξιν
1034 2281 1067 2343 ἐκ
1089 2284 1148 2342 τῶν
1171 2286 1266 2364 νεφῶν
1290 2283 1403 2352 ὕδατος.
1431 2284 1465 2347 ἐκ
1480 2286 1513 2347 tt
1528 2290 1580 2368 τῆς

220 2384 307 2469 ξηρᾶς
334 2386 381 2448 καί
405 2385 573 2452 καπνώδους
596 2382 695 2466 πόρρω
722 2382 918 2465 διατεινούσης
940 2383 988 2445 καὶ
1012 2381 1267 2467 μετεωριζομένης,
1291 2386 1332 2452 ὡς
1355 2385 1402 2447 καί
1426 2385 1473 2448 διά
1495 2391 1582 2450 τοῦτο

179 2511 203 2550 νο
220 2491 358 2558 πολλάκις
385 2488 432 2550 διὰ
458 2492 510 2571 τῆς
536 2487 676 2569 ἐπιφορᾶς
698 2489 756 2547 τῶν
780 2485 921 2568 οὐρανίων
944 2485 1156 2568 ἐμπίπρασθαι,
1177 2489 1236 2546 τῶν
1258 2484 1396 2570 πρότερον
1419 2487 1581 2570 εἰρημένων

219 2592 339 2654 ἕκαστον
362 2588 575 2653 ἀποτελεῖσθαι.

878 2876 918 2941 12

279 2985 365 3035 Stob.
384 2987 430 3035 ecl.
444 2986 457 3034 1
470 2983 526 3036 291
545 3003 569 3050 ρ.
584 2981 762 3037 598-602Η.

307 3084 563 3170 Ἀριστοτέλης·
611 3083 754 3170 Τυφῶνας
782 3083 808 3148 δ’
844 3085 913 3149 όταν
942 3082 1076 3167 ἐκνεφίας
1107 3083 1271 3164 δινούμενος
1300 3086 1509 3170 καταφέρηται.
1545 3089 1578 3151 τό

215 3189 269 3272 γὰρ
298 3193 411 3270 πνεῦμα
437 3187 621 3270 κωλυόμενον
650 3188 702 3270 μὲν
729 3187 770 3256 εἰς
792 3187 881 3273 όρθδν
904 3187 977 3250 ἰέναι
999 3183 1067 3270 παρ’
1094 3185 1257 3249 ἀντίπνοιαν
1279 3187 1299 3271 ἢ
1322 3191 1417 3273 ψύχος
1439 3190 1458 3272 ἢ
1482 3191 1578 3276 πάχος

215 3290 235 3374 ἤ
263 3314 326 3353 τινα
355 3291 445 3375 ἀλλην
473 3291 581 3368 αἰτίαν,
608 3291 797 3374 ἐλαυνόμενον
825 3288 849 3353 δ’
882 3290 939 3354 tut
967 3293 1019 3352 τού
1046 3288 1166 3352 κατόπιν
1194 3288 1369 3360 ἐπεισιόντος
1390 3292 1578 3377 ἀναστρέφειν

176 3419 200 3456 τι
219 3392 384 3474 εἱλούμενον
411 3394 440 3456 ἐν
467 3399 509 3479 τῷ
538 3394 616 3478 νέφει
645 3394 743 3479 κύκλῳ
771 3395 819 3457 καί
849 3394 1035 3475 συγκατάγειν
1061 3391 1109 3454 ἐπὶ
1135 3395 1188 3474 γῆν
1212 3391 1308 3477 ἑαυτῷ
1331 3394 1364 3456 τδ
1387 3394 1487 3478 νέφος·
1515 3392 1572 3458 εἰθ’

216 3497 275 3580 ότιρ
299 3495 333 3558 ἀν
356 3495 465 3581 ἐντύχη
488 3497 647 3582 φερόμενον
670 3498 804 3581 σφοδρῶς
826 3497 999 3580 ἀναρπάζειν
1021 3495 1069 3558 καὶ
1091 3495 1176 3556 πάλιν
1198 3493 1393 3579 ἀπορρίπτειν,
1415 3501 1500 3560 τοῦτο
1523 3498 1576 3582 γὰρ

214 3597 286 3661 εἰναι
309 3600 342 3660 τὸ
365 3600 460 3668 πάθος
483 3599 543 3662 οίον
566 3599 698 3683 έκνεφίαν
720 3597 858 3661 ἄπεπτον.
902 3601 1070 3681 πρηστῆρας
1092 3594 1135 3671 δ’,
1159 3595 1227 3660 όταν
1250 3597 1351 3682 βιαίως
1372 3600 1470 3662 κατιδν
1492 3601 1576 3663 ἐκπυ-

215 3701 300 3785 ρωθῇ
323 3702 356 3763 τό
379 3705 492 3783 πνεῦμα
514 3701 588 3764 κατά
610 3703 663 3786 τὴν
685 3703 788 3785 φοράν,
811 3700 1063 3784 συνεμπίπρασθαι
1089 3699 1143 3782 γδρ
1168 3699 1218 3761 τόν
1244 3699 1317 3784 ἀέρα
1343 3704 1471 3786 πυρώσει
1498 3726 1574 3789 χρω·

213 3803 417 3886 ματιζόμενον,
445 3805 490 3866 διό
517 3805 565 3867 καί
593 3805 694 3873 νυκτός
721 3805 891 3886 ἐκλάμπειν·
923 3803 1096 3887 ἀναρπάζειν
1124 3802 1157 3865 δέ
1184 3804 1231 3866 καί
1259 3804 1437 3890 περιτρέπειν
1465 3806 1574 3887 ὁμοίως

172 3934 198 3972 ευ
216 3907 264 3969 καὶ
286 3906 414 3981 τούτους,
437 3907 536 3989 ὥσπερ
560 3909 702 3990 πυρώδεις
725 3905 808 3977 ὄντας
829 3912 974 3992 τυφῶνας.
1003 3906 1140 3990 κεραυνόν
1162 3902 1204 3983 δ’,
1227 3907 1295 3971 όταν
1316 3908 1390 3970 πολὺ
1406 3909 1454 3970 καὶ
1470 3910 1573 3972 λεπτδν

211 4008 390 4093 περιληφθὲν
413 4009 442 4071 έν
464 4014 524 4078 τοῖς
546 4009 644 4094 νέφεσι
668 4013 781 4092 πνεῦμα
803 4010 939 4093 πυρωθὲν
961 4009 1110 4094 ἐκθλιφθῇ
1133 4009 1181 4073 καί
1206 4007 1267 4091 μετ’
1297 4010 1418 4094 ἰσχυρᾶς
1446 4009 1493 4071 έπί
1519 4015 1573 4092 γῆν

208 4198 224 4250 4
243 4195 263 4249 δ’
279 4201 337 4249 add.
351 4198 472 4250 Meiuuke
488 4195 502 4266 Η
519 4195 704 4266 ύάγουσανῦι
717 4215 784 4250 corr.
797 4201 863 4250 Mei-
951 4197 985 4250 22
1004 4203 1119 4251 Arianae
1142 4201 1249 4262 originis
1272 4198 1368 4248 indicia
1386 4199 1479 4263 collegi
1501 4199 1571 4250 Prot

208 4288 274 4336 πετο
293 4302 326 4336 ex
339 4288 419 4336 Arist.
432 4303 456 4351 p.
474 4282 584 4337 347·3·2
604 4281 618 4352 Η
639 4285 654 4338 6
673 4281 864 4354 μετεωρίζεσθαι
916 4283 1248 4353 p.73tqq.111111v11x
1274 4281 1287 4351 Η
1310 4277 1492 4351 Ἀριστοτέλους
1518 4300 1572 4335 mit·

207 4374 245 4423 D:
265 4390 330 4424 corr.
350 4374 417 4422 idem
430 4389 462 4423 ex
476 4375 534 4424 eod.
554 4375 571 4424 1.
590 4389 610 4422 c.
631 4368 644 4440 Η
666 4372 682 4425 8
701 4377 726 4424 in
740 4377 864 4440 proximis
916 4376 960 4425 iim
980 4369 995 4442 Η
1014 4376 1131 4441 τυφῶνας
1148 4376 1185 4424 A:
1209 4375 1288 4437 vulgo
1306 4375 1410 4440 τυφῶνα
1432 4368 1445 4439 ΙΙ
1465 4369 1486 4423 δ’
1507 4373 1528 4423 C
1546 4381 1572 4422 et

208 4463 254 4510 Ar.
274 4459 450 4511 meteor.Ill
472 4461 629 4511 adverbum
650 4462 863 4525 pierumqutex·
916 4465 973 4515 eod.
1003 4464 1126 4527 August:
1154 4459 1199 4527 μὲν
1222 4460 1285 4524 (Fu
1315 4455 1330 4528 Η
1361 4460 1434 4512 κάτω
1462 4457 1572 4529 φήρηται

209 4557 323 4612 eerptum
337 4543 350 4614 Η
367 4547 382 4598 9
397 4544 500 4615 έχειΒι
520 4563 585 4598 corr.
600 4549 722 4598 Meiueke
737 4542 751 4613 Η
767 4546 799 4598 10
811 4551 865 4605 ταῖς
915 4553 988 4602 mulit
1016 4553 1117 4601 Heereu
1149 4564 1181 4598 ex
1214 4550 1322 4599 Aristot.
1350 4558 1457 4598 meteor.
1485 4547 1527 4598 111
1558 4546 1569 4597 l

208 4635 279 4685 κάτω
301 4636 341 4685 D:
365 4651 430 4684 corr.
455 4635 576 4684 Meineke
602 4632 615 4700 Η
642 4632 674 4685 12
692 4632 721 4684 τό
740 4633 785 4701 μὲν
803 4636 827 4685 D
849 4631 862 4700 Η
916 4656 941 4704 ρ.
954 4634 1064 4689 370t33
1084 4633 1098 4702 Η
1119 4634 1152 4687 24
1172 4633 1317 4704 ἀναστρέφει
1331 4637 1423 4700 vulgo:
1443 4637 1544 4685 correxi
1556 4629 1569 4698 Η

209 4718 240 4772 15
250 4719 293 4771 καὶ
303 4717 389 4788 χώρας
399 4723 436 4771 D:
448 4724 550 4773 correxi
559 4738 592 4772 ex
604 4723 682 4772 Arist.
695 4739 719 4786 p.
729 4718 860 4786 titbtttt
914 4722 948 4777 25
961 4722 1109 4790 σνγκατάγει
1121 4725 1212 4788 uulgo:
1227 4726 1326 4774 correxi
1340 4719 1354 4790 Η
1365 4721 1400 4774 tt
1413 4719 1528 4790 ἰκνεφίαν
1538 4721 1570 4772 F:

210 4808 241 4860 18
260 4812 338 4860 Arius
358 4813 492 4860 transitum
511 4810 600 4859 fecisse
620 4811 721 4860 videtur
733 4811 767 4859 ad
786 4817 863 4875 caput
914 4810 1030 4880 ἐκνεφίας
1048 4811 1069 4860 C
1094 4812 1124 4860 ef.
1145 4812 1252 4861 Aristot.
1272 4813 1288 4861 1.
1308 4829 1329 4862 ο.
1349 4829 1373 4876 ρ.
1388 4807 1483 4863 37¹·3
1502 4805 1514 4876 Η
1536 4807 1569 4862 θθ

206 4897 237 4946 du
256 4898 404 4947 fulminibus
417 4908 465 4948 eto.
483 4897 610 4948 Stobteus
628 4909 713 4948 autum
730 4899 801 4948 Attii
821 4913 862 4948 or·
913 4915 940 4949 τε
949 4897 993 4948 καί
1004 4899 1040 4949 A:
1054 4900 1154 4948 correxi
1166 4894 1179 4963 Η
1192 4894 1222 4948 31
1236 4894 1353 4967 ίκληφθη
1367 4899 1400 4949 F:
1411 4892 1567 4966 ἐκλυφθῇὒι

206 4986 292 5036 dinem
309 4995 410 5035 secutus
430 4987 509 5036 verba
528 4987 612 5050 inepte
632 4987 774 5036 immutavit
915 4981 1021 5055 ἰκθλιβῇ
1036 4987 1144 5036 Ατίειοι.
1155 4987 1198 5035 l.c.
1212 5003 1237 5052 p.
1250 4983 1372 5037 371118:
1385 5001 1451 5036 corr.
1465 4987 1566 5037 Ηεετειι
