3464 5586
178 319 221 380 60
656 322 694 369 lv
730 321 779 369 DE
799 321 901 370 All'l'll
919 320 1086 370 PLACITIS

179 489 312 572 πρόνοιαν
339 491 387 553 καὶ
414 491 556 574 ἑπομένας
582 490 674 573 ταύτῃ
703 491 783 559 δείας
810 489 857 551 ἐπὶ
880 494 917 571 τῇ
941 493 992 551 τοὺ
1015 490 1121 558 παντὸς
1143 491 1282 574 διοικήσει
1305 490 1454 570 δυνάμεις,
1487 487 1538 553 oui

179 590 293 672 ecloga
307 591 471 675 Epicurea
484 592 658 658 inserenda
672 597 751 674 erat,
775 591 808 655 in
831 589 994 655 codicibus
1016 590 1218 657 intercidisse
1240 590 1399 674 cognoris.
1417 589 1426 622 ¹
1461 610 1538 672 ergo

178 692 258 757 nihil
281 693 390 759 obstat
411 714 453 759 ne
472 694 609 778 duplicis
631 692 766 758 rationis
781 700 955 776 auctorem,
979 699 1013 756 ut
1032 693 1066 757 in
1089 693 1259 777 prioribus,
1281 692 1410 758 Aetium
1433 691 1539 776 perbi-

178 793 322 860 beamus.
358 796 411 879 qui
434 797 476 862 de
490 794 566 861 'deis
589 795 630 859 ad
653 795 829 862 daemones
849 802 882 860 et
896 793 1012 859 heroes
1027 794 1115 860 filum
1129 796 1260 861 deducit
1274 796 1356 861 baeo
1372 793 1540 878 praefatus

178 897 257 960 181
279 899 498 984 παρακειμένως
520 900 553 961 δὲ
574 905 617 984 τῷ
641 900 705 982 περὶ
728 900 806 962 θεῶν
828 899 907 982 λόγῳ
929 898 977 961 τόν
1000 898 1065 981 περὶ
1092 900 1237 980 δαιμόνων
1264 901 1311 963 καὶ
1335 900 1442 982 ἡρώων
1465 899 1539 962 ἱστο-

184 1000 296 1082 ρητέον.
331 1000 499 1065 materiam
522 1000 637 1083 capitis
659 1020 698 1066 ex
722 1006 848 1066 vetusto
872 1000 1066 1065 Placitorum
1090 1000 1242 1066 thesauro
1266 1000 1439 1065 transtulit.

264 1101 369 1184 Atque
392 1101 444 1165 lric
466 1101 595 1185 quidem
617 1102 759 1167 substitit
782 1101 1000 1186 compilatoris
1023 1102 1132 1167 aliena
1154 1103 1348 1187 excerpendi
1371 1101 1540 1186 industria,

179 1204 248 1269 sive
271 1204 357 1286 quod
380 1205 517 1270 materia
539 1211 668 1288 praeter
691 1204 816 1270 Placita
838 1204 928 1269 nulla
949 1203 1013 1269 iam
1036 1205 1230 1288 suppetebat
1256 1204 1325 1270 sive
1352 1203 1428 1288 quia
1450 1205 1540 1269 voln-

179 1305 266 1370 mina
294 1307 386 1372 varia
412 1307 543 1372 volvere
570 1306 712 1390 pigebat.
756 1306 892 1390 simplex
919 1304 1016 1388 igitur
1043 1311 1076 1371 et
1104 1325 1169 1371 una
1195 1312 1245 1371 est
1270 1305 1346 1371 hinc
1371 1305 1540 1389 usquead

179 1406 273 1472 finem
301 1408 395 1491 primi
422 1408 494 1473 libri
515 1416 641 1474 natura.
686 1429 746 1474 nec
772 1416 880 1473 tamen
902 1428 995 1472 suum
1021 1407 1185 1491 ingenium
1207 1408 1419 1474 abscondidit
1464 1427 1539 1474 nam

179 1530 274 1591 quarn
303 1510 336 1575 iu
364 1511 536 1595 prooemiis
565 1510 747 1577 invenimus
773 1508 953 1574 disserendi
979 1509 1168 1593 exilitatem,
1191 1510 1305 1575 eadem
1328 1510 1447 1575 iamin
1470 1509 1540 1576 bre·

178 1611 318 1677 vissimis
332 1619 366 1678 et
379 1613 573 1678 scholastico
588 1633 677 1679 more
693 1611 857 1695 conceptis
876 1610 1114 1677 definitionibus
1137 1633 1164 1677 o.
1180 1613 1210 1677 0.
1227 1613 1276 1677 10.
1294 1614 1344 1678 11.
1362 1613 1412 1678 12.
1429 1613 1480 1677 14.
1498 1613 1538 1677 15

179 1713 334 1779 enitescit.
379 1716 539 1781 consentit
557 1715 590 1781 iu
609 1716 794 1781 uuiversum
822 1713 982 1780 Stobaeus
1006 1712 1067 1777 nisi
1090 1714 1177 1796 quod
1204 1713 1350 1777 ultimum
1377 1720 1476 1797 caput
1498 1713 1540 1780 de

179 1824 297 1882 natura
311 1819 345 1882 in
360 1817 479 1883 nostris
494 1818 608 1882 saltem
631 1815 787 1900 exemplis
809 1837 874 1881 nou
896 1815 960 1879 iam
982 1814 1109 1898 legitur.
1142 1815 1280 1881 idoneus
1303 1822 1373 1882 erat
1393 1816 1485 1881 locus
1505 1815 1539 1881 iu

179 1939 205 1982 c.
221 1922 261 1984 41
287 1917 351 2006 [35]
373 1921 574 2005 περὶφύσεως
596 1920 644 1983 καὶ
666 1925 724 1982 τῶν
748 1920 777 1988 ἐξ
799 1920 890 2002 αὑτῆς
913 1919 1127 2002 συμβαινόντων
1148 1920 1257 1982 αἰτίων.

266 2022 411 2106 Simplex
427 2029 477 2088 est
491 2021 653 2086 alterius
669 2021 710 2086 de
725 2006 877 2085 meteoris
891 2018 964 2084 libri
980 2018 1135 2085 condicio.
1163 2021 1243 2085 nibil
1266 2021 1466 2086 extrinsecus
1485 2021 1541 2086 ad·

180 2124 307 2207 scitum,
335 2123 415 2189 nihil
446 2142 600 2207 perverse
627 2122 836 2205 collocatum,
871 2120 951 2185 nilril
979 2123 1163 2204 agonuina
1188 2122 1314 2189 ratione
1340 2124 1539 2207 discrepans

181 2225 377 2289 l'lucitonrm
399 2226 496 2307 igitur
518 2244 614 2290 verus
637 2226 725 2289 color
746 2223 843 2289 facile
865 2222 1080 2305 adgnoscitur.

266 2328 293 2389 V
295 2349 383 2392 crum
400 2327 516 2392 tortio
532 2326 614 2391 libro
631 2326 827 2408 edocebitur,
850 2324 963 2407 siquis
983 2331 1143 2391 vetustam
1157 2328 1353 2393 Placitorum
1369 2328 1538 2394 materiam

183 2428 225 2491 ab
248 2429 343 2493 Aetio
367 2436 519 2511 tanquam
541 2449 702 2510 mangone
724 2429 840 2494 alienis
862 2425 1022 2510 capitibus
1048 2426 1189 2494 tricatam
1217 2450 1289 2496 esse
1311 2431 1454 2496 nondum
1477 2430 1539 2495 sibi

180 2532 386 2612 persuaserit.
423 2531 564 2613 genuina
592 2537 666 2596 sunt
695 2532 1072 2596 1111-4616111-11.
1111 2532 1209 2614 plane
1237 2533 1384 2599 diversae
1413 2530 1540 2596 farinae

180 2639 230 2697 est
253 2632 394 2698 eiusdem
426 2633 541 2717 capitis
563 2634 696 2698 initium.
733 2653 839 2715 neque
867 2631 950 2698 euim
978 2631 1169 2714 placitorum
1197 2641 1247 2699 est
1276 2634 1453 2717 enarratio,
1481 2635 1540 2701 sed

180 2734 281 2816 ipsius
297 2737 472 2809 doctrinae,
496 2736 545 2800 oui
561 2735 709 2800 Platonis
724 2735 919 2816 Homerique
934 2733 1067 2797 nomina
1088 2733 1257 2801 dumtaxat
1279 2736 1405 2802 decoris
1421 2756 1539 2801 caussa

183 2837 440 2920 interponuntur.
473 2837 598 2901 accedit
618 2839 754 2902 alterum
780 2835 943 2901 turbarum
967 2835 1147 2918 vestigium.
1182 2837 1289 2921 agitur
1311 2838 1391 2903 lIIl
1417 2838 1458 2903 de
1481 2839 1539 2902 cir·

181 2941 251 3003 culo
275 2941 390 3026 lacteo,
413 2943 432 3005 ⁴2
455 2940 495 3004 de
518 2941 660 3024 cometis,
691 2941 775 3007 3116
801 2937 982 3021 tonitribus,
1004 2939 1026 3002 4
1052 2938 1094 3003 de
1120 2939 1269 3006 nubibus.
1310 2941 1401 3007 vides
1427 2943 1464 3005 τὰ
1491 2966 1538 3023 με·

181 3044 282 3124 τάρσια
308 3041 405 3125 (quae
427 3044 570 3105 sublimio
600 3042 696 3108 vertit
725 3041 863 3127 Seneca)
890 3039 1054 3122 explicari.
1100 3041 1158 3106 sed
1185 3041 1262 3125 quid
1291 3042 1332 3108 de
1359 3042 1450 3108 initio
1474 3046 1539 3108 ab

181 3143 366 3208 dicendum:
393 3153 451 3208 τῶν
479 3147 639 3227 μεταρσίων
666 3147 770 3208 παθῶν
798 3145 833 3207 τὰ
860 3145 912 3225 μὲν
940 3142 1003 3206 καθ’
1036 3146 1193 3208 ὑπόστασιν
1215 3145 1320 3226 γίνεται
1343 3147 1403 3209 οἷον
1432 3145 1540 3231 ὄμβρος

181 3249 307 3329 χάλαζα,
330 3249 365 3311 τὰ
381 3249 413 3311 ὑὲ
429 3247 487 3311 κατ’
508 3245 643 3331 ἔμφασιν.
660 3290 668 3305 .
685 3291 693 3306 .
710 3291 717 3305 .
740 3245 816 3310 ἔστιν
832 3243 881 3308 οὑν
897 3244 956 3308 κατ’
985 3245 1109 3331 ἔμφασιν
1125 3250 1144 3330 i,
1159 3246 1223 3330 ἶρις.
1256 3267 1365 3313 nonne
1384 3247 1541 3331 prooemi-

180 3356 287 3412 antom
311 3350 528 3433 deprehendis
551 3350 642 3432 quasi
658 3348 808 3413 sublimia
827 3347 968 3411 nondum
984 3347 1149 3430 attigerit?
1180 3348 1251 3430 quis
1272 3357 1379 3414 autem
1403 3350 1542 3434 scriptor

181 3459 271 3514 tanta
294 3459 342 3516 cst
365 3452 526 3536 pravitate
549 3451 685 3516 utillud
710 3457 807 3534 caput
823 3470 886 3532 quo
903 3449 1133 3514 introducimur
1155 3452 1267 3533 quinto
1289 3453 1360 3517 loco
1383 3453 1542 3521 collocet?

181 3552 251 3633 quis
273 3575 368 3636 porro
392 3564 456 3619 tam
479 3575 558 3619 snae
582 3553 717 3618 rationis
741 3553 873 3636 oblitus,
897 3558 932 3616 ut
958 3552 993 3614 τὰ
1021 3550 1085 3613 καθ’
1115 3554 1271 3618 ὑπόστασιν
1294 3559 1327 3618 61
1348 3557 1384 3618 τὰ
1404 3554 1463 3618 κατ’
1491 3553 1542 3638 ἔμ-

181 3678 266 3738 φασιν
288 3657 377 3720 nullo
402 3655 522 3721 ordinis
546 3655 729 3720 discrimine
752 3654 909 3719 collocet?
942 3652 1018 3735 quid
1041 3655 1163 3719 multa?
1202 3655 1360 3726 accersita
1383 3663 1433 3722 est
1454 3656 1543 3740 prior

180 3757 222 3821 (le
247 3757 328 3823 iride
356 3759 536 3841 disputatio
566 3764 598 3823 ot
626 3777 665 3822 ex
688 3757 795 3821 alieno
819 3775 944 3820 conexu
967 3755 1109 3840 divulsa,
1133 3757 1285 3841 limpidus
1307 3764 1416 3823 autem
1438 3758 1545 3823 Placi-

180 3869 283 3923 torum
307 3861 379 3925 lons
404 3861 440 3924 in
464 3860 616 3924 extremis
633 3856 847 3942 putragrapbis
861 3856 1079 3939 adgnoscitur.
1113 3864 1184 3924 nter
1206 3858 1453 3943 interpolaverit
1470 3862 1543 3925 Plu-

180 3961 310 4026 tarcbns
335 3983 376 4026 an
402 3964 516 4027 Actius
554 3964 643 4026 nulla
669 3967 718 4025 est
744 3958 917 4041 dubitatio,
949 3959 1024 4042 quia
1054 3958 1214 4025 Stobaeus
1242 3960 1392 4026 extremis
1416 3961 1544 4027 omissis

182 4062 341 4128 emblema
357 4065 435 4129 illud
452 4064 583 4128 insitum
600 4061 813 4129 conservavit.
847 4061 992 4144 suspicor
1006 4061 1101 4126 Aetio
1118 4061 1170 4127 bic
1186 4070 1315 4146 praesto
1331 4063 1430 4128 fuisse
1445 4064 1545 4145 quod·

181 4167 254 4229 dam
278 4168 319 4231 de
341 4167 491 4231 msteon‘s
514 4166 727 4248 enchiridion,
750 4163 836 4246 quod
857 4164 890 4227 iu
921 4162 1126 4246 opinionibus
1149 4165 1252 4230 minus
1272 4185 1366 4248 quarn
1389 4165 1422 4229 in
1446 4165 1543 4231 rebus

181 4267 258 4349 ipsis
275 4268 474 4350 explicandis
493 4267 692 4333 versabatur.
733 4286 837 4348 neque
859 4265 971 4331 dubito
995 4265 1071 4348 quin
1094 4266 1238 4331 eiusdem
1262 4266 1393 4348 originis
1416 4266 1457 4331 sit
1480 4268 1545 4331 ab

181 4372 244 4452 περὶ
269 4371 393 4454 ῥάβδων.
427 4369 506 4434 nihil
525 4371 608 4435 inest
625 4368 811 4452 opinionum
827 4367 1036 4450 diversitatis,
1059 4374 1094 4431 at
1116 4375 1406 4434 commemorantur
1428 4369 1544 4434 iterum

182 4472 331 4536 notiones
361 4475 549 4541 ὑποστάσεως
577 4473 625 4534 καὶ
653 4472 819 4554 ἐμφάσεως.
863 4469 1004 4533 indidem
1032 4468 1122 4534 fluxit
1149 4472 1196 4534 Ill
1220 4472 1261 4534 18
1283 4471 1347 4553 περὶ
1371 4471 1434 4533 ἅλω
1458 4470 1545 4553 quod

183 4571 365 4655 importuno
388 4573 459 4638 loco
483 4581 557 4656 post
579 4572 743 4639 terrestria
765 4573 952 4655 collocatur,
976 4591 1046 4637 cum
1063 4571 1134 4637 linis
1149 4578 1207 4636 τῶν
1224 4572 1385 4656 μεταρσίων
1408 4573 1450 4637 ab
1472 4572 1544 4655 ipso

255 4810 259 4839 ¹
281 4829 339 4861 nam
353 4816 422 4875 quod
436 4816 541 4863 t'rnstnm
554 4822 681 4878 superstes
694 4813 821 4875 rraul'ragii
834 4829 889 4863 esse
903 4815 964 4862 olim
978 4817 1136 4862 coniecerant
1150 4811 1176 4871 (2
1189 4823 1213 4859 411
1225 4830 1247 4876 p.
1267 4812 1353 4863 lthH.
1372 4829 1397 4877 p.
1409 4811 1442 4864 26
1456 4812 1548 4881 alt),

183 4916 212 4947 116
232 4900 257 4947 111
277 4900 379 4963 quidem
398 4904 542 4951 necessario
562 4903 622 4951 illuc
640 4900 808 4950 referendum.
