3442 5588
270 331 312 397 82
558 391 563 401 ,
674 332 698 381 ν
735 331 783 381 nn
806 331 881 381 sen
900 330 1034 380 nrnrnr
1053 328 1216 379 nntronn

270 500 343 565 telis
371 499 597 582 sospitatorem
626 495 904 578 scholasticaeque
935 495 1158 580 philosophiae
1186 495 1362 580 principem
1391 498 1489 576 atque
1516 492 1627 558 Arium

269 604 415 684 Augusto
438 601 607 682 aequalem
631 605 718 665 certo
741 597 905 681 definitur,
928 604 963 662 ut
985 597 1050 664 iam
1076 596 1287 664 dubitationis
1312 594 1392 660 nihil
1418 596 1629 680 relinquatur,

271 704 347 787 quin
371 705 509 769 eundern
531 704 694 768 Eudorum
711 700 827 766 Strabo
850 700 1054 766 coniunctum
1076 721 1146 766 cum
1163 700 1313 765 Aristone
1329 698 1547 782 Peripatetico
1569 717 1630 764 sua

269 806 425 871 memoria
452 805 572 871 vixisse
600 804 723 868 dicat.¹
765 801 926 869 Aristonis
955 803 1144 869 societatem
1170 802 1268 868 etiarn
1294 800 1419 867 scholia
1447 818 1532 883 qnae
1560 800 1629 867 dixi

269 908 389 991 passim
406 913 657 974 commemorant
671 912 706 970 ut
720 906 753 970 in
767 912 871 988 categ.
888 926 918 989 p.
926 907 965 971 61
975 917 987 945 ⁸
999 907 1049 970 25.
1066 906 1126 969 63¹³
1139 907 1188 970 10.
1212 900 1307 987 quem
1322 905 1514 988 popularem
1528 903 1630 970 titisse

268 1011 389 1076 Eudori
412 1017 445 1076 et
458 1009 527 1073 Arii
549 1029 590 1074 ex
604 1008 722 1091 Apulei
738 1008 779 1074 de
794 1009 901 1091 dogm.
921 1008 1005 1074 Plat.
1020 1008 1069 1072 III
1084 1030 1116 1092 p.
1129 1008 1189 1074 277
1206 1006 1292 1072 Hild.
1306 1012 1340 1072 ct
1360 1006 1426 1072 ind.
1442 1006 1629 1073 Academic.

268 1112 397 1178 Hercul.
417 1133 443 1178 c.
461 1113 502 1178 35
521 1122 537 1174 8
557 1112 674 1176 discas.
701 1109 774 1174 binc
789 1110 868 1177 illud
884 1133 1011 1196 quoque
1026 1113 1179 1178 docemur
1195 1110 1271 1174 olim
1285 1108 1514 1176 Academicum
1528 1107 1630 1175 fuisse

266 1214 452 1280 Aristonem
476 1211 527 1299 [cf.
551 1213 617 1279 cic.
641 1212 871 1301 Lucull.41·2],
895 1221 961 1280 tum
984 1215 1123 1281 fortasse
1144 1213 1321 1279 Andronici
1343 1211 1537 1279 auctoritate
1558 1231 1630 1295 pen

267 1324 388 1380 motum
407 1315 460 1399 [cf.
482 1315 563 1381 llus.
579 1315 637 1379 Rh.
654 1314 767 1378 XXXI
791 1318 829 1380 11
842 1317 864 1399 ¹]
887 1317 1121 1402 Peripateticos
1144 1317 1329 1400 amplexum
1352 1335 1432 1382 esse.
1468 1312 1508 1380 cf.
1532 1313 1629 1396 Diog.

270 1417 331 1481 VII
355 1418 427 1484 164.
450 1419 588 1484 Brendis
610 1417 684 1483 abb.
708 1418 739 1482 d.
762 1418 848 1484 Berl.
870 1420 977 1486 Abad.
1001 1420 1085 1485 1833
1106 1441 1138 1503 p.
1154 1419 1228 1483 274.

352 1520 401 1584 Ex
423 1520 485 1587 bac
500 1521 793 1587 Alexandrinorum
808 1522 1034 1588 eclecticorum
1049 1522 1206 1588 societate
1221 1519 1317 1585 Arius
1332 1521 1366 1585 in
1381 1519 1629 1586 contubernium

266 1621 403 1704 Augusti
426 1629 632 1705 vocatnsest,
656 1644 751 1705 quem
773 1623 837 1688 iam
860 1645 925 1690 non
941 1632 1066 1690 tantum
1081 1623 1174 1690 varia
1188 1621 1371 1688 eruditione
1386 1621 1545 1707 replebat,
1568 1621 1630 1687 sed

266 1724 400 1790 consilio
422 1745 548 1807 quoque
571 1732 604 1790 et
625 1726 745 1790 solacio
767 1726 872 1792 amice
893 1745 932 1791 ac
955 1726 1157 1792 familiariter
1178 1724 1357 1790 adiutabat.
1389 1724 1436 1790 sic
1451 1724 1629 1791 Suetonius

264 1825 347 1908 Aug.
363 1828 418 1892 89:
447 1827 626 1909 magistro
655 1848 743 1892 usus
765 1827 1003 1912 Apollodoro
1026 1831 1264 1911 Pergameno
1286 1846 1393 1910 quem
1416 1827 1492 1893 iam
1514 1845 1630 1909 gran-

264 1927 348 1992 dem
373 1934 467 1993 natu
493 1929 738 2012 Apolloniam
766 1951 916 2014 quoque
950 1952 1078 1999 secum
1101 1931 1158 2013 ¹ab
1192 1931 1284 1996 urbe
1316 1930 1468 1995 iuvenis
1501 1929 1629 1996 adbuc

265 2030 470 2114 eduxerat,
506 2030 647 2098 deinde
682 2033 901 2100 eruditione
935 2034 1051 2100 etiam
1084 2033 1194 2099 varia
1226 2033 1404 2116 repletus
1437 2052 1505 2116 per
1536 2032 1629 2098 Arei

264 2130 491 2215 philosophi
508 2132 756 2217 filiorumque
778 2135 860 2201 eius
874 2136 1036 2220 Dionysi
1058 2142 1095 2202 et
1109 2135 1313 2201 Nicanoris
1328 2133 1628 2200 contubernium.

350 2234 497 2300 Platonis
520 2236 605 2315 enim
632 2236 760 2319 insigne
788 2240 972 2321 exemplum
1002 2259 1068 2303 non
1095 2235 1282 2302 deterrebat
1312 2236 1524 2320 philosophos
1551 2255 1629 2318 qno

263 2335 368 2401 minus
390 2336 558 2402 itentidem
580 2337 707 2404 aulicae
729 2339 817 2405 vitae
839 2341 1045 2423 splendorem
1065 2338 1249 2406 scholarum
1270 2338 1392 2404 umbris
1414 2337 1629 2423 praeferrent.

264 2458 369 2522 neque
391 2441 495 2506 solum
517 2439 658 2506 doctoris
680 2441 824 2525 ipsorum
841 2443 894 2507 vel
917 2441 1106 2528 liberorum,
1133 2443 1192 2508 sed
1214 2442 1312 2509 etiam
1334 2438 1510 2506 consiliarii
1531 2439 1630 2505 inter

265 2541 368 2607 nuntii
390 2541 481 2607 ducis
502 2540 591 2607 vices
613 2543 803 2628 explebant,
830 2544 970 2628 denique
998 2566 1069 2611 curn
1092 2546 1125 2610 in
1147 2545 1294 2611 intimam
1316 2542 1567 2609 familiaritatem
1590 2562 1629 2607 se

266 2643 431 2710 insinuare
458 2645 600 2710 solerent
634 2645 814 2711 animorum
843 2648 1065 2714 moderatores
1092 2648 1268 2715 extiterunt
1294 2645 1486 2729 gravissimi.
1530 2643 1628 2710 simili

261 2765 394 2812 munere
421 2745 587 2812 christiani
618 2749 805 2814 sacerdotes
836 2748 1068 2834 fungebantur,
1100 2750 1217 2833 quibus
1246 2769 1318 2814 curn
1346 2747 1470 2813 aurium
1498 2752 1629 2812 secreta

261 2847 469 2932 confiderent,
501 2848 588 2914 baud
609 2869 683 2916 raro
713 2850 883 2934 imperium
916 2873 1044 2934 quoque
1071 2851 1293 2919 concedebant
1321 2849 1492 2934 principes.
1537 2848 1628 2933 apud

260 2949 455 3016 Macedones
470 2951 655 3036 praecipue,
671 2960 738 3018 tum
750 2954 989 3019 Alexandrinos
1005 2963 1038 3022 et
1049 2957 1268 3038 Pergamenos
1285 2952 1336 3018 bic
1347 2973 1417 3018 mos
1431 2952 1628 3035 invaluerat,

260 3052 345 3118 unde
357 3059 482 3120 mature
493 3054 630 3119 Romani
642 3055 804 3139 principes
819 3055 1042 3139 receperunt'
1067 3077 1173 3140 neque
1184 3054 1450 3123 consuetudinem
1459 3055 1629 3138 Augustus

259 3265 305 3313 τοῦ
322 3264 401 3314 ποσοῦ
418 3260 579 3330 σονεζεῡχθαί
598 3278 681 3331 φησιν.
714 3277 772 3310 curn
790 3262 840 3311 hoc
859 3266 1046 3327 categoriarum
1065 3266 1156 3315 ordine
1175 3265 1207 3314 ab
1225 3265 1378 3314 Aristotelio
1395 3262 1496 3313 absono
1514 3262 1547 3311 cf.
1567 3262 1629 3309 Arii

259 3352 365 3416 Didymi
388 3353 472 3400 locum
496 3360 556 3400 ante
579 3352 680 3402 Endori
704 3350 861 3399 mentionem
885 3352 932 3400 ecl.
958 3353 1009 3402 eth.
1033 3369 1059 3418 p.
1077 3351 1150 3404 4611.
1174 3362 1308 3417 practerea
1330 3352 1479 3402 nominatur
1505 3347 1522 3397 ι’
1539 3346 1632 3403 5¹8h

259 3437 296 3503 [p.
310 3437 363 3490 701)
375 3437 421 3500 26]
440 3436 470 3503 μ’
490 3437 525 3487 4n
543 3436 608 3499 [711
622 3437 668 3504 22]
687 3437 716 3504 μ’
732 3435 775 3497 81),
793 3435 817 3486 ν’
833 3436 867 3489 3·
886 3436 953 3500 [73b
969 3438 1013 3502 18]
1031 3437 1055 3487 ν’
1071 3437 1107 3490 5ι
1120 3438 1185 3501 [741
1198 3437 1235 3503 21.
1270 3439 1479 3489 Academlous
1503 3441 1630 3489 nomina·

259 3534 300 3574 tur
320 3522 337 3573 ι’
354 3523 386 3574 5·
401 3521 466 3584 [63ι
480 3521 526 3587 43]
547 3519 663 3594 Εὔδωρος
674 3524 687 3577 b
700 3523 890 3595 Ἀκαδημαϊκός.
918 3528 957 3574 vel
977 3528 1150 3592 metaphysica
1163 3529 1316 3588 attrectavit,
1335 3526 1402 3576 unde
1415 3526 1630 3577 emendationem

259 3613 314 3659 clus
332 3610 473 3684 adnotavit
487 3614 637 3664 Alexander
654 3616 688 3664 ad
708 3614 806 3667 98867
826 3613 863 3679 [ρ.
876 3612 919 3673 44,
931 3610 965 3664 ‘23
983 3613 1062 3676 Bon]
1082 3617 1136 3664 veri
1154 3616 1236 3664 similo
1255 3623 1294 3664 est
1313 3615 1392 3663 etiam
1410 3607 1531 3681 helpes
1550 3614 1628 3665 Pori-

260 3697 372 3760 patetico
386 3711 444 3745 eum
458 3702 576 3765 exemplo
588 3705 727 3766 scripsisse.
755 3720 813 3754 nam
828 3704 975 3753 Aristotelis
988 3701 1134 3751 ferebantur
1147 3704 1234 3752 variae
1253 3698 1385 3768 διαίρεσεις.
1407 3703 1438 3751 ct.
1452 3703 1584 3752 Alexand.
1599 3703 1629 3753 in

258 3792 311 3847 top.
331 3800 354 3847 p.
373 3781 429 3836 126.
450 3788 481 3836 V.
496 3789 564 3838 liose
578 3793 623 3840 Ar.
637 3791 731 3840 Pseud.
744 3808 768 3855 p.
785 3788 843 3842 127.
857 3789 908 3842 677
922 3799 947 3839 et
960 3791 1103 3839 Andronici
1118 3789 1187 3838 liber
1204 3789 1237 3838 do
1256 3790 1383 3839 dirisione
1401 3791 1470 3854 apud
1483 3789 1628 3840 Boethium

258 3872 289 3920 de
308 3871 383 3920 diris.
403 3874 457 3921 brit.
477 3891 501 3937 p.
516 3874 575 3927 638.
603 3878 648 3927 sed
667 3881 772 3928 omnino
797 3881 824 3928 irr
843 3877 984 3927 dividendo
1002 3877 1071 3926 illius
1090 3877 1181 3925 aetatis
1200 3878 1273 3926 nimii
1285 3878 1356 3926 furere
1369 3877 1526 3942 philosophi.
1546 3892 1628 3927 nemo

258 3960 399 4008 studiosior
418 3960 537 4012 Varrone
557 3965 582 4012 in
602 3966 843 4027 Antiquitatum
863 3964 933 4015 libris
957 3973 982 4014 et
1001 3965 1033 4013 de
1052 3965 1163 4027 lingua
1181 3965 1292 4013 latina.
1320 3965 1398 4013 etiarn
1421 3965 1536 4028 putidior
1559 3967 1589 4015 in
1609 3966 1627 4013 l.

257 4047 289 4096 de
303 4046 520 4113 philosophia
532 4052 669 4115 Augustin.
682 4052 707 4101 d.
721 4052 750 4102 Ο.
763 4053 797 4102 D.
813 4054 877 4103 XIX
891 4049 957 4102 l-3
976 4052 1006 4100 cf.
1025 4067 1102 4115 supra
1115 4068 1139 4116 p.
1154 4046 1207 4102 78⁴.
1232 4051 1352 4100 Eudorus
1366 4052 1444 4100 etism
1456 4051 1628 4116 Pythagorae

257 4136 311 4183 sire
331 4137 416 4198 potius
435 4140 607 4188 recentiorum
620 4138 842 4203 Pythagoreorum
855 4140 1000 4190 doctrinam
1018 4141 1168 4204 explanavit
1191 4140 1306 4204 Simplic.
1320 4140 1393 4204 phys.
1412 4134 1490 4188 ree»
1508 4135 1627 4190 26-40.

329 4220 335 4250 ¹
354 4222 446 4273 Strabo
467 4225 546 4276 XVII
565 4243 589 4290 p.
604 4225 656 4277 790
678 4222 735 4275 ἀλλ’
763 4224 799 4276 ἐῶ
821 4228 900 4276 ταῦτα
925 4222 1025 4275 πολλῶν
1044 4223 1182 4293 εἰρηκότων
1201 4222 1238 4275 ὧν
1257 4223 1358 4292 ἀρκέσει
1375 4222 1419 4275 oto
1438 4225 1545 4292 μηνῦσαι
1564 4224 1627 4283 'rob‘

255 4306 406 4375 ποιήσαντας
431 4307 495 4361 καθ’
521 4310 588 4379 ἡμᾶς
611 4309 640 4362 τὸ
663 4311 718 4379 περὶ
741 4315 786 4362 τοῦ
809 4307 900 4364 Νείλου
923 4309 1016 4380 βιβλίον
1041 4307 1159 4380 Εὔδωρον
1183 4329 1210 4362 τε
1233 4311 1279 4362 acl
1300 4307 1433 4379 Ἀρίστωνα
1454 4308 1498 4362 τὸν
1520 4309 1550 4362 fa
1570 4315 1626 4363 τῶν

256 4395 407 4462 περιπάτων.

327 4480 414 4549 ²post
432 4487 581 4536 Aristotelis
600 4494 711 4537 semem
731 4489 871 4538 nobiliores
890 4491 993 4539 fuerunt
1011 4491 1100 4539 aulici:
1123 4488 1283 4538 Persaeus
1301 4487 1420 4547 Stoicus,
1443 4501 1519 4549 quem
1538 4487 1625 4547 Zeno,

256 4576 298 4633 qul
317 4574 413 4623 frustra
435 4575 601 4634 inritaretur,
626 4576 760 4639 Antigono
785 4578 881 4639 petenti
905 4578 987 4632 misit,
1007 4577 1135 4639 Antigoni
1153 4576 1234 4625 tilium
1254 4577 1405 4640 Halcyonea
1424 4574 1550 4634 erudivit,
1569 4582 1626 4624 tum

254 4663 378 4709 exercitui
397 4663 508 4724 praefuit
522 4656 575 4711 ‘rba
589 4658 698 4724 abiendo,
717 4658 747 4710 ob
767 4659 809 4711 τὸν
828 4658 961 4730 φιλόσοφον
979 4658 1104 4730 ᾑρημένος
1123 4659 1180 4729 βίον
1202 4664 1255 4712 ind.
1274 4663 1386 4713 Stoicor.
1405 4661 1445 4711 ed.
1460 4660 1626 4726 Comparetti

254 4764 275 4794 c.
293 4744 331 4807 13,
347 4746 371 4796 5.
400 4749 431 4797 cf.
451 4746 685 4808 zeller1111,34.
706 4774 737 4785 -
757 4749 928 4812 Sphaerus
947 4750 1052 4802 Stoicus
1070 4751 1139 4814 apud
1158 4750 1324 4800 Cleomenem
1342 4750 1470 4800 infelicem
1490 4749 1627 4799 Lacedae·

254 4835 400 4883 monioruur
422 4850 517 4896 regem,
537 4846 589 4885 turn
609 4846 637 4885 ut-
655 4836 756 4884 ridetur
775 4836 843 4898 apud
863 4837 1040 4886 Ptolemaeum
1061 4837 1254 4901 Philopatorem
1273 4839 1351 4902 Diog.
1373 4836 1423 4885 Vll
1447 4834 1504 4897 177,
1522 4837 1572 4886 sed
1592 4839 1628 4886 cf.

254 4921 315 4969 ibid.
338 4919 393 4971 185.
414 4946 447 4957 -
469 4923 652 4972 Hecataeus
678 4922 820 4984 Pyrrhonis
840 4924 980 4989 discipulus
1001 4919 1149 4991 Πτολεμαίῳ
1167 4929 1203 4991 τῷ
1222 4921 1306 4991 Λάγου
1325 4921 1499 4991 συγγενόμενος
1517 4924 1630 4990 loseph.
