3442 5588
271 296 314 360 90
635 301 674 348 VI
710 299 758 349 DE
778 298 987 350 PLU'rAuoffl
1007 301 1093 350 VITA
1114 301 1257 352 HOMERI

271 467 322 533 his
342 469 423 533 locis
445 468 641 552 comparatis
664 475 792 532 corruat
814 486 947 533 necesse
969 468 1190 536 est.,Krischei
1214 467 1332 553 opinio.
1361 488 1436 533 nam
1453 468 1630 534 Stobaeum

271 590 355 652 quae
374 571 416 636 de
431 569 604 635 Homerico
620 569 703 634 Aide
719 569 805 635 dicta
820 577 913 636 erant
927 571 970 635 ad
987 571 1192 656 Empedoclis
1207 569 1355 635 Aidonea
1370 568 1576 636 transtulisse
1597 569 1630 633 in

271 675 443 756 propatulo
468 679 526 738 est.
571 692 665 754 quem
688 694 830 738 errorem
854 682 958 738 utrum
986 671 1275 758 ipsecommiserit
1297 672 1427 737 dubium
1452 679 1502 738 est
1523 691 1567 737 an
1590 692 1630 737 ex

271 797 329 841 suo
351 776 579 859 allegoriarum
595 776 743 858 exemplo
760 777 969 842 transtulerit.
1007 776 1086 850 nihil
1102 775 1188 841 enim
1204 773 1322 839 certius
1338 781 1387 840 est
1401 774 1490 858 quod
1504 774 1630 858 pridem

272 878 409 943 lectores
438 876 638 942 intellexisse
671 876 785 961 opinor
816 898 912 960 quam
942 899 983 945 ex
1010 876 1169 945 communi
1200 873 1428 941 commentario
1456 875 1630 942 Homerica

271 981 448 1063 allegoriae
471 979 596 1044 ratione
620 979 805 1062 explicante
827 980 992 1047 Plutarchi
1015 979 1180 1064 personati
1202 979 1310 1042 Vitam
1333 976 1576 1061 Stobaeumque
1597 986 1631 1044 et

271 1082 393 1147 maiore
418 1081 547 1147 licentia
570 1081 769 1146 Heraclitum
792 1082 949 1150 hausisse.
995 1083 1070 1148 hinc
1092 1103 1169 1148 vero
1191 1117 1234 1126 —
1256 1087 1290 1144 ut
1312 1078 1355 1144 ad
1378 1079 1630 1163 Empedocleum

270 1183 376 1247 locum
407 1184 536 1248 redeam
560 1220 600 1227 —
624 1184 705 1248 mira
726 1184 785 1249 illa
807 1184 925 1250 erroris
948 1185 1130 1250 crrnstantia
1152 1182 1347 1266 explicatur,
1373 1200 1438 1264 qua
1463 1181 1516 1246 isti
1533 1179 1630 1267 Ἥρην

270 1285 420 1370 φερέσβιον
444 1292 586 1350 terram
610 1285 870 1369 interpretantur.
915 1306 991 1352 narn
1017 1307 1088 1351 cum
1116 1283 1288 1351 Homerica
1310 1284 1411 1349 cuivis
1433 1282 1630 1367 philosopho

271 1387 454 1453 substructa
472 1388 691 1471 opinarentur,
715 1389 852 1454 eundern
869 1390 983 1472 lusum,
1007 1410 1069 1472 quo
1085 1387 1197 1453 iliadis
1213 1388 1317 1451 locum
1332 1387 1375 1450 ad
1397 1386 1630 1452 elementorum

270 1487 449 1554 doctrinam
466 1491 764 1575 accommodabant,
787 1491 821 1555 in
836 1491 1056 1574 Empedoclea
1070 1490 1314 1555 transtulerunt.
1347 1487 1473 1553 accedit
1491 1494 1560 1571 γαῖα
1581 1512 1628 1573 ρι-

271 1591 383 1673 ρέσβιος
399 1591 533 1656 Hesiodi
558 1591 691 1678 [Theog.
707 1591 781 1679 aba]
805 1600 837 1659 et
861 1593 1052 1676 hymnorum
1075 1594 1114 1658 cf.
1131 1594 1229 1677 11:22.
1263 1591 1328 1656 noli
1343 1590 1442 1673 igitur
1457 1590 1576 1675 mirari,
1599 1591 1625 1656 si

271 1692 385 1756 caulem
402 1696 600 1775 perversitas
622 1717 687 1761 non
703 1697 805 1761 solum
826 1696 859 1760 in
875 1695 1037 1761 Heraclito
1053 1695 1217 1760 Plutarchi
1231 1693 1305 1759 Vita
1320 1692 1473 1777 Stobaeo,
1497 1692 1551 1776 qui
1568 1714 1626 1777 pro

273 1813 336 1857 uno
352 1794 445 1858 nobis
459 1803 533 1860 suunt
550 1797 643 1879 libro,
665 1798 724 1863 sed
746 1799 843 1864 etiam
867 1797 899 1862 in
922 1797 995 1862 ahie
1016 1796 1226 1881 scriptoribus
1248 1795 1419 1879 invenitur,
1443 1796 1496 1878 qui
1511 1796 1627 1861 Home-

272 1893 346 1958 ricis
361 1895 526 1978 allegoriis
549 1900 596 1964 usi
620 1901 725 1964 suut.'
756 1900 845 1965 velut
860 1899 1087 1982 Athenagoras
1109 1921 1136 1964 o.
1152 1900 1193 1964 22
1215 1897 1297 1968 ’Ζεὺς
1320 1900 1409 1982 ἀργὴς
1425 1936 1464 1945 -
1481 1898 1629 1983 βρότειον]

270 1998 295 2058 εἰ
318 1999 409 2059 τοίνυν
432 1997 505 2068 Ζεὺς
533 2003 585 2082 μὲν
615 2005 647 2064 τὸ
675 2006 747 2084 πῦρ,
769 1998 846 2086 Ἥρα
869 2003 902 2064 δὲ
925 2005 944 2084 ἡ
967 2008 1003 2084 γὴ
1032 2004 1079 2064 καὶ
1110 2005 1126 2065 ὁ
1154 2003 1211 2083 ἀὴρ
1238 2000 1399 2070 Ἃιδωνεὺς
1422 2001 1468 2064 καὶ
1492 2002 1525 2062 τὸ
1549 2001 1629 2084 ὕδωρ

272 2099 396 2183 Νῆστις,
419 2108 548 2187 στοιχεῖα
577 2105 721 2166 δὲταῦτα
749 2105 795 2185 [τὸ
818 2109 874 2187 πῦρ
897 2105 929 2166 τὸ
953 2106 1030 2188 ὕδωρ
1053 2108 1069 2168 b
1092 2107 1150 2188 ἀήρ
1165 2101 1197 2189 Ἰ,
1226 2103 1318 2171 οὐδεὶς
1345 2103 1441 2165 αὐτῶν
1470 2102 1538 2170 tut<
1566 2104 1629 2164 κτλ.

272 2201 381 2265 omnia
425 2204 596 2269 coniuncta
640 2211 673 2270 et
717 2204 876 2271 uberrime
911 2208 1088 2290 explanata
1123 2204 1225 2270 habes
1262 2204 1351 2287 apud
1387 2202 1549 2269 Probum
1585 2203 1630 2268 ad

275 2303 449 2386 Vergilium

355 2428 386 2489 p.
401 2410 447 2490 ll,
461 2409 559 2490 isqq.
580 2409 705 2492 τέσσαρα
719 2448 752 2455 --
770 2412 897 2494 βρότειον
914 2411 933 2486 ³,
958 2422 989 2473 at
1005 2413 1197 2491 accipiamus
1211 2407 1285 2477 Ζεὺς
1300 2411 1390 2492 ἀργὴς
1407 2412 1505 2488 ίροειο
1520 2411 1572 2490 qui
1586 2412 1630 2471 sit

271 2507 345 2579 ζέων
361 2519 390 2570 et
406 2512 552 2587 carrdeur,
576 2514 658 2592 arrad
672 2515 753 2592 iguis
769 2524 813 2575 est
828 2517 1000 2593 propriam,
1023 2515 1060 2575 de
1076 2533 1135 2594 prro
1152 2512 1319 2590 Euripides
1340 2509 1419 2593 ’ὁρᾶς
1435 2512 1483 2573 τὸν
1500 2512 1573 2593 ὑψοῦ
1591 2548 1625 2556 --

270 2608 359 2692 Ζῆνα’
376 2623 404 2673 et
420 2614 540 2675 Errrriur
555 2612 695 2693 ‘aspice
712 2661 719 2676 .
734 2663 740 2678 .
756 2668 762 2681 .
780 2618 898 2678 Iouem
917 2614 968 2701 les.
986 2615 1051 2680 Cio.
1064 2615 1094 2679 d.
1108 2614 1139 2677 d.
1155 2619 1221 2676 nat.
1234 2613 1265 2677 II
1282 2614 1323 2677 Pb
1335 2610 1390 2698 65].
1420 2614 1510 2696 ciprii<
1527 2623 1630 2675 autem

270 2715 302 2773 id
318 2724 362 2775 est
376 2717 506 2798 λαμπρὸς
523 2717 569 2778 καὶ
586 2719 687 2800 ταχύς.
721 2738 793 2780 rrum
809 2729 836 2779 et
852 2720 1001 2782 flammas
1023 2717 1079 2780 ’καὶ
1103 2717 1189 2784 ιιίινοις
1212 2715 1323 2797 ἀρρούς’
1350 2762 1357 2776 .
1375 2762 1381 2776 .
1400 2760 1407 2775 .
1425 2711 1504 2799 ’Ἡρη
1526 2725 1632 2778 autem

271 2816 422 2899 φερέσβιος
445 2829 558 2881 terram
581 2822 677 2882 tradit
700 2841 779 2901 quae
801 2824 912 2882 eu'cturu
934 2823 1026 2900 ferat,
1050 2823 1088 2882 de
1109 2839 1171 2901 qao
1185 2819 1336 2881 Homerus
1359 2817 1493 2900 ζείδωρος
1508 2816 1631 2902 ἄρουρα,

270 2920 351 2980 aude
367 2921 418 3003 τὴν
429 2918 521 3006 ’Ήροιν
538 2925 663 3003 garwam
679 2921 746 3007 ἔραν
762 2924 970 3004 appellarunt.
998 2923 1039 3007 ἠδ’
1057 2921 1232 2990 Ἀιδωνεύςτ
1256 2921 1357 2981 Ditem
1373 2920 1494 3000 quidem
1508 2930 1632 2999 patrem

270 3022 374 3101 glossa
388 3027 553 3104 sipirifieat,
575 3027 632 3087 sed
651 3029 793 3106 accipere
816 3029 959 3090 debemus
980 3046 1067 3102 aera,
1090 3046 1177 3107 quem
1194 3024 1360 3102 Euripides
1375 3024 1408 3084 iu
1424 3022 1540 3085 &dato
1555 3024 1632 3106 χάος

270 3127 440 3204 appellauit
464 3173 518 3188 ...
544 3131 619 3208 qaia
642 3128 824 3207 quidusdam
846 3131 968 3191 uidetur
990 3147 1067 3190 aero
1089 3129 1142 3207 qui
1164 3136 1191 3188 et
1213 3144 1333 3187 samrua
1354 3125 1501 3186 mortium
1522 3127 1633 3186 etima

269 3236 423 3288 terrarum
444 3233 570 3308 saepius
594 3233 687 3292 lateat
709 3233 829 3312 reliquo
852 3235 905 3313 qui
927 3233 1059 3310 desurper
1083 3230 1209 3291 iuuabat
1232 3248 1297 3291 erre
1326 3229 1511 3291 obtusiorem
1537 3237 1634 3309 atque

270 3329 314 3389 ita
336 3331 431 3390 vicem
454 3333 624 3410 interorum
647 3333 783 3395 obticuere
808 3333 990 3416 ...Νῆστις
1014 3352 1127 3414 aprram
1148 3333 1302 3411 siguificat
1324 3350 1403 3412 quae
1424 3332 1541 3393 scilicet
1563 3332 1632 3393 stu-

271 3449 340 3492 cero
355 3431 460 3492 babitu
477 3444 588 3495 carrata
611 3439 775 3513 confirmet.
808 3456 880 3498 uam
906 3437 1043 3498 creditur
1065 3436 1099 3498 id
1121 3435 1249 3497 eundem
1270 3433 1406 3496 habitum
1428 3453 1515 3514 quem
1537 3453 1633 3497 acce·

268 3536 350 3612 perit
371 3554 508 3596 seruare.
542 3543 608 3598 turn
632 3544 784 3619 excerpto
808 3537 965 3602 Cicerone
987 3538 1028 3602 de
1050 3536 1139 3601 deor.
1160 3541 1225 3600 nat.
1247 3535 1279 3599 II
1305 3535 1382 3615 §66
1404 3534 1510 3617 pergit
1531 3556 1565 3618 p.
1580 3537 1634 3618 12,

270 3634 324 3697 23:
358 3637 443 3697 Idem
469 3638 527 3699 boc
555 3639 706 3701 Horaerus
735 3642 893 3721 ripuisicat
921 3645 968 3703 ric
994 3641 1029 3722 [Ο
1052 3639 1242 3719 lar—193]
1349 3638 1432 3718 quod
1456 3638 1500 3700 ad
1525 3639 1635 3701 Iouem

269 3738 373 3798 aether
395 3742 557 3817 pertineat,
584 3760 670 3801 mare
696 3743 740 3803 cd
764 3742 947 3821 Neptunum,
970 3747 1098 3817 [terra]
1121 3743 1164 3804 ud
1187 3743 1267 3803 Ditis
1293 3742 1435 3819 imperia,
1463 3743 1512 3816 [iu
1535 3746 1635 3817 cere]

344 3927 349 3956 ¹
369 3945 514 3992 perversam
534 3933 769 3995 interpretationum
789 3942 889 3995 praetor
908 3933 1089 3994 allegoriarum
1107 3933 1243 3995 scriptores
1262 3933 1358 3995 profert
1375 3933 1492 3982 Laertius
1505 3931 1572 3980 VIII
1587 3929 1634 3982 76.

270 4016 301 4062 dc
322 4015 421 4064 Achille
445 4033 520 4081 supra
542 4035 565 4081 p.
580 4014 613 4065 ¹2?
637 4020 699 4068 dixi.
724 4036 811 4067 terrum
831 4020 957 4067 intellexit
980 4027 1081 4083 practer
1103 4021 1208 4067 Abdum
1232 4019 1377 4067 Menander
1400 4021 1425 4067 in
1449 4019 1544 4067 Wulzii
1564 4019 1633 4067 rhet.

270 4102 308 4149 lx
331 4101 374 4151 141
398 4103 440 4152 καὶ
459 4103 513 4170 περὶ
527 4098 617 4170 Ἥρας
635 4100 682 4153 ὅτι
701 4104 758 4171 ἀὴρ
777 4104 819 4153 καὶ
838 4100 902 4160 Ζεὺς
920 4102 948 4153 τὸ
967 4102 1097 4170 θερμόν..
1112 4102 1175 4153 ,καὶ
1192 4107 1304 4171 χρῶνται
1321 4100 1347 4154 δὲ
1365 4108 1402 4170 τῷ
1420 4101 1526 4170 τοιοίιτιρ
1544 4102 1634 4171 τρόπῳ

270 4183 424 4255 Παρμενίδης
442 4207 468 4239 τε
487 4191 530 4240 καὶ
546 4186 755 4257 Ἐμπεδοκλῆς
774 4189 892 4257 ἀκριβῶς.

344 4273 496 4327 ²soholinm
517 4281 639 4342 expunxi.
659 4279 734 4326 aliter
754 4275 770 4342 ἡ
790 4280 822 4344 γῆ
839 4279 984 4327 addendum
1003 4290 1066 4327 erat.
1088 4285 1189 4341 praetor
1207 4279 1273 4326 barre
1293 4277 1441 4340 allegoriam
1459 4279 1534 4326 nouit
1551 4279 1635 4328 aliurn

271 4364 450 4426 Athenagoras
469 4367 530 4415 ibid.
550 4362 613 4421 Ζεὺς
635 4363 651 4430 ἡ
671 4362 760 4421 <toccu
778 4359 848 4413 oleta
866 4365 932 4414 κατὰ
949 4363 1007 4419 τοὺς
1025 4358 1152 4419 Στωικοὺς
1167 4358 1231 4430 Ἥρα
1249 4360 1262 4413 ὁ
1281 4361 1329 4430 ἀὴρ
1347 4363 1390 4413 rai
1408 4366 1453 4413 τοῦ
1471 4359 1596 4429 ὀνόματος
1614 4365 1636 4416 εἰ

270 4447 331 4499 αὐτὸ
350 4448 417 4517 αὐτιρ
437 4450 623 4501 trucutanae
643 4450 775 4512 [nimirum
794 4452 923 4519 αηραηρ]
943 4450 1187 4517 συνεκφωνουρίνου,
1208 4446 1333 4501 Ποσειδῶν
1346 4449 1362 4516 i,
1381 4448 1458 4508 πόσις.
1486 4468 1520 4503 ex
1537 4454 1634 4503 ecdem

269 4540 391 4601 scriptore
406 4540 469 4598 (nou
483 4539 646 4602 Apollodoro
666 4544 693 4597 ut
712 4527 793 4586 credit
806 4539 892 4588 Hirzcl
912 4539 1015 4589 Unters.
1034 4538 1125 4598 1216)
1150 4540 1241 4588 Cicero
1260 4554 1307 4587 sira
1325 4540 1414 4602 petivit
1433 4538 1465 4587 de
1483 4539 1556 4590 deor.
1578 4555 1632 4591 urar.

271 4625 296 4673 lI
317 4622 349 4676 26
368 4636 399 4673 to.
431 4627 472 4687 qui
493 4626 564 4672 lorus
583 4626 660 4673 ctiam
679 4625 811 4688 Euripidis
831 4642 930 4674 uersum
950 4626 1035 4675 babet.
1066 4642 1142 4688 ‹puern
1159 4641 1192 4674 ex
1211 4624 1301 4673 ecdem
1319 4625 1631 4677 loritenorerrrntAthe·

272 4726 382 4774 tragoras
402 4710 451 4759 cd
481 4712 603 4760 llcruclit.
623 4728 644 4760 c.
664 4709 706 4761 ⁴23.
738 4713 845 4776 inelgnis
864 4722 903 4761 est
920 4714 993 4763 locrus
1012 4712 1092 4762 Probi
1112 4712 1145 4760 ad
1165 4713 1243 4771 Verg.
1265 4709 1305 4769 ll,
1324 4709 1379 4760 III.
1408 4711 1440 4760 of.
1459 4726 1544 4776 supra.

340 4795 351 4827 ³
369 4798 472 4847 additur
489 4808 604 4847 extremo
625 4800 751 4847 tussicula
770 4798 846 4865 γένος.
883 4802 943 4849 latet
962 4798 1032 4865 γόνος
1052 4801 1067 4847 ἰ.
1088 4814 1109 4846 e.
1130 4796 1235 4864 σπέρμα,
1256 4798 1325 4859 quod
1344 4808 1384 4846 cst
1401 4800 1534 4861 antiquum
1554 4798 1632 4850 scho-

268 4889 330 4935 lium
349 4887 381 4934 cd
401 4883 536 4951 ιιροὺνωμα
555 4883 664 4952 βρότειον
684 4889 715 4935 ct.
729 4888 799 4937 Plau.
818 4906 896 4953 snpra
914 4903 938 4953 p.
952 4886 994 4937 88.
