3464 5586
257 280 320 345 258
542 282 636 332 XVIII
671 283 720 332 nn
741 281 879 333 GALENI
897 280 1068 333 HISTORIA
1087 281 1317 334 PHILOSOPHA

258 449 476 536 ἀφικνουμένων
499 491 508 508 .
531 491 540 508 .
564 492 572 507 ·
594 450 642 512 καὶ
666 450 703 534 δὴ
725 450 774 513 καὶ
797 449 853 514 ὅσοι
875 448 993 534 βιβλίων
1019 449 1093 534 αὐτὴ
1120 449 1282 520 dutitiam.
1317 469 1378 516 neo
1399 469 1494 517 secus
1515 451 1618 519 Theo

258 553 411 637 phrastue
433 551 533 616 frvi
554 553 618 637 περὶ
641 553 770 636 σημείων
787 553 803 615 1
825 553 1030 637 Ιέγροίψαμεν,
1052 550 1121 615 καθ’
1143 554 1210 617 ὅσον
1230 553 1266 639 ἧν
1287 554 1404 638 ἐφικτὸν
1423 554 1443 617 ἃ
1461 556 1514 637 μὲν
1536 556 1619 621 αὐτοὶ

257 657 512 740 προσκοπήσοιντες
541 653 560 716 ἃ
588 655 621 717 δὲ
650 653 718 740 παρ’
746 655 852 739 ἑτέρων
879 654 932 718 οὐκ
959 656 1106 738 ἀδοκίμων
1133 656 1279 742 λαβόντες.
1321 656 1542 723 inventionem
1569 679 1619 723 so-

257 758 374 844 phistis
402 755 513 822 deberi
544 757 740 840 comparatis
768 758 894 823 Platon.
919 759 1049 841 Protag.
1077 778 1107 841 p.
1124 758 1211 823 eoos
1234 765 1267 825 et
1288 760 1387 825 Isocr.
1410 780 1456 825 or.
1477 761 1538 826 XV
1552 762 1618 827 208

257 861 297 928 cf.
321 860 413 944 epist.
431 859 497 942 1,4
518 856 667 923 elucebit.

342 962 444 1045 Igitur
466 959 528 1026 hoc
551 979 678 1043 quoque
699 967 923 1044 argumentum
945 979 1067 1045 anceps
1082 967 1141 1028 est.
1163 960 1265 1026 nihilo
1280 960 1386 1028 miuus
1408 983 1619 1049 quaecuuque

257 1065 386 1150 prolata
409 1070 483 1128 sunt
504 1061 565 1128 etsi
588 1061 776 1145 singillatim
800 1083 962 1149 perpensa
989 1062 1164 1129 infirmiora
1192 1069 1282 1147 sunt,
1311 1064 1483 1131 coniuncta
1508 1074 1619 1134 tamen

258 1168 401 1252 lapidum
421 1163 625 1230 fornicationi
642 1165 823 1250 comparari
839 1173 985 1251 possunt,
1001 1165 1055 1249 qui
1071 1165 1259 1233 seinvicem
1275 1173 1466 1233 sustentant.
1490 1188 1567 1252 ergo
1583 1177 1619 1235 ut

257 1272 362 1336 dicam
378 1268 464 1352 quod
479 1267 596 1349 sentio,
619 1266 662 1332 ad
676 1287 796 1333 anuum
812 1290 843 1353 p.
860 1267 935 1334 Chr.
959 1267 1086 1334 circiter
1103 1268 1454 1352 quingentesimum
1477 1271 1619 1355 undique

257 1373 427 1455 trudimur,
456 1387 549 1453 quem
579 1369 751 1435 terminum
778 1390 849 1436 cum
877 1370 925 1436 eis
952 1369 1114 1454 conseras,
1143 1390 1227 1453 quae
1249 1391 1348 1456 supra
1369 1392 1410 1439 ex
1432 1373 1618 1442 Plutarchei

257 1474 452 1559 exemplaris
480 1471 669 1538 condicione
701 1471 843 1539 conclusi
874 1473 919 1557 [p.
939 1473 1010 1556 221,
1048 1473 1133 1539 unde
1162 1472 1285 1556 aliquid
1315 1475 1467 1541 momenti
1498 1478 1619 1544 nostris

258 1578 392 1644 calculis
414 1575 491 1642 addi
512 1575 694 1657 intelleges.
1430 1654 1434 1660 ⁸

348 1679 468 1746 Ultimo
491 1679 563 1743 loco
591 1677 632 1743 de
655 1676 773 1743 Galeni
799 1676 929 1744 nomine
956 1696 1062 1762 pauca
1088 1677 1254 1744 subiciam.
1300 1679 1617 1766 pseudepigraphum

257 1802 331 1849 esse
352 1781 497 1847 libellum
519 1800 615 1847 nemo
638 1800 721 1845 unus
741 1778 884 1863 negavit,
906 1778 1008 1859 ipsius
1031 1786 1140 1847 autem
1156 1779 1329 1863 magistelli
1344 1801 1462 1848 nomen
1476 1784 1530 1866 qui
1547 1785 1617 1851 eius

257 1903 430 1970 personam
458 1884 564 1950 induit
590 1889 626 1947 ut
654 1881 829 1965 aliquando
856 1880 1040 1948 innotescat
1066 1902 1127 1949 nec
1157 1882 1335 1966 optandum
1361 1882 1535 1949 admodum
1556 1905 1618 1952 uec

258 1987 455 2072 sperandum
479 1992 538 2053 cst.
584 2005 663 2051 suae
689 1983 791 2050 aetati
822 1983 984 2068 placuisse
1012 1984 1233 2067 tironibusque
1256 1984 1329 2068 ipsa
1350 1984 1510 2052 brevitate
1533 2006 1617 2053 com·

256 2091 428 2156 mendatus
453 2087 596 2172 videtur,
626 2085 681 2169 qui
709 2084 797 2151 haud
824 2085 962 2151 obscura
987 2085 1121 2152 scholici
1148 2107 1226 2152 usus
1252 2086 1373 2152 indicia
1403 2108 1461 2172 per
1488 2090 1617 2157 codices

257 2196 440 2276 propagata
456 2189 573 2275 prodit.
606 2187 859 2255 adulescentulis
881 2186 1057 2272 praecipue
1079 2187 1259 2256 medicinae
1281 2189 1434 2255 studiosis
1457 2211 1523 2257 una
1545 2214 1617 2259 cum

257 2293 383 2360 Galeno
407 2299 596 2377 usurpatum
618 2312 690 2358 esse
713 2289 877 2357 credibile.
922 2294 955 2355 et
976 2309 1017 2355 ex
1040 2289 1102 2356 hac
1125 2290 1369 2375 propagationis
1391 2295 1616 2362 communione

255 2394 376 2461 iactum
399 2394 547 2461 existimo
577 2401 613 2460 ut
635 2394 753 2461 Galeni
775 2410 894 2458 nomen
916 2391 1061 2474 ignotum
1083 2391 1274 2477 scriptorem
1295 2393 1323 2458 si
1345 2394 1440 2461 modo
1464 2416 1615 2480 umquam

256 2496 428 2582 inscriptus
454 2498 515 2563 fuit
543 2496 698 2563 oblivioni
724 2495 897 2561 mandaret
924 2493 1058 2577 eiusque
1088 2494 1192 2561 vicem
1214 2494 1373 2579 impleret.
1417 2496 1451 2562 in
1473 2498 1616 2565 Lauren-

256 2601 346 2666 tiano
369 2601 499 2684 quidem
522 2601 550 2665 A
573 2607 606 2666 et
627 2598 754 2665 Nicolai
781 2595 893 2663 codice
919 2595 1064 2662 Historia
1088 2597 1174 2665 inter
1195 2596 1320 2663 variam
1344 2597 1461 2664 Galerii
1483 2601 1617 2685 scripto·

254 2723 325 2768 rum
353 2702 480 2768 turham
504 2700 673 2769 interiecta
699 2705 760 2766 est.
801 2718 863 2764 nec
893 2697 1010 2764 desunt
1039 2698 1185 2765 eiusdem
1216 2699 1334 2766 erroris
1361 2701 1512 2785 exempla
1537 2703 1614 2768 alia.
1705 2729 1709 2735 ·

254 2823 360 2887 neque
382 2803 468 2869 enim
495 2805 652 2888 isagogen
674 2800 877 2869 dialecticam
902 2818 923 2865 a
944 2800 1042 2866 Meua
1064 2800 1197 2867 Parisiis
1221 2801 1306 2866 1844
1331 2802 1497 2884 vulgatam
1518 2804 1616 2871 aliter

255 2906 423 2972 clarissimi
445 2905 584 2971 nominis
612 2906 737 2971 honore
766 2902 934 2986 dignatam
960 2902 1057 2969 credo
1074 2903 1093 2968 ¹.
1137 2902 1282 2970 eiusdem
1305 2903 1433 2985 generis
1454 2912 1528 2971 sunt
1551 2907 1614 2991 ὅροι

255 3009 378 3093 ἰατρικοί
399 3008 493 3090 [ΧΙΧ
509 3003 745 3092 346-461Κ.]
773 3005 828 3089 qui
856 3025 929 3071 cum
951 3004 1091 3071 historia
1118 3026 1183 3072 non
1206 3026 1271 3071 uno
1294 3012 1368 3071 sunt
1390 3007 1519 3075 nomine
1541 3029 1615 3075 con·

253 3109 389 3177 ferendi.

339 3211 526 3277 inscribitur
557 3211 591 3277 iu
624 3210 714 3276 libris
748 3212 812 3295 περὶ
845 3212 1006 3296 φιλοσόφου
1033 3211 1170 3296 ἱστορίας·
1214 3213 1301 3296 quod
1335 3233 1376 3280 ex
1402 3213 1486 3278 iusto
1518 3212 1613 3280 titulo

249 3315 421 3399 ‘odicupcc
446 3315 564 3398 ἱστορία’
587 3313 752 3379 librariiue
771 3333 814 3379 au
835 3312 980 3379 Galenus
1003 3313 1191 3397 corruperit,
1214 3315 1353 3381 otiosum
1374 3322 1425 3381 est
1446 3333 1613 3398 quaerere.

254 3417 368 3482 cadem
407 3416 616 3499 inscriptione
654 3415 835 3482 celebratur
874 3413 1045 3499 Porphyrii
1081 3416 1310 3501 Damasciique
1349 3416 1436 3502 apud
1479 3417 1613 3483 Suidam

253 3537 345 3601 opus.
379 3517 500 3583 Laertii
526 3539 654 3602 quoque
684 3517 767 3583 liber
796 3517 902 3583 minus
929 3523 1079 3583 accurate
1106 3519 1196 3603 apud
1223 3519 1425 3605 Stephanum
1452 3519 1613 3604 φιλόσοφος

253 3620 364 3704 ἱστορία
387 3619 503 3685 citatur
525 3617 576 3707 [cf.
599 3621 728 3704 Roeper
749 3619 896 3687 zeitschr.
920 3618 943 3685 i.
966 3619 996 3684 d.
1020 3619 1298 3688 alterthumswiss
1324 3622 1393 3688 her.
1418 3642 1483 3686 von
1502 3619 1612 3702 Bergk

254 3721 336 3787 1852
359 3743 390 3805 p.
406 3723 492 3804 428}
538 3723 596 3788 sed
618 3722 735 3789 Galeni
758 3722 902 3788 Historia
923 3722 1058 3787 multum
1080 3721 1180 3787 distat
1201 3723 1244 3789 ab
1266 3723 1344 3807 illis,
1374 3723 1450 3806 quia
1471 3721 1614 3805 philoso-

251 3823 388 3907 phorum
415 3825 503 3892 ritae
529 3826 655 3892 desunt.
689 3825 791 3891 nihilo
822 3825 928 3891 minus
949 3824 1005 3889 ille
1026 3823 1170 3909 titulum,
1198 3825 1253 3909 qui
1280 3825 1315 3890 in
1336 3845 1432 3892 aures
1454 3824 1538 3890 bene
1561 3843 1612 3890 ce·

250 3925 342 4012 cidit,
369 3926 456 3992 haud
483 3934 652 3994 cunctatus
673 3927 824 4012 arripuit,
853 3926 1001 4010 quamvis
1028 3925 1310 3994 librnmediturus
1333 3927 1514 4012 quinoque
1538 3925 1609 4009 phi·

250 4029 407 4114 losophus
429 4038 516 4098 esset
537 4049 642 4113 neque
664 4029 844 4096 historicus.

322 4252 329 4282 ¹
357 4257 473 4307 similiter
497 4257 629 4321 scriptioni
653 4257 769 4305 nondum
791 4256 875 4305 editae
901 4249 1044 4322 Γοληνοῦ
1067 4257 1121 4304 τοῦ
1145 4254 1254 4324 ἰατροῦ
1278 4255 1347 4322 πιρὶ
1371 4253 1461 4305 εἰδῶν
1485 4250 1611 4320 φιλοσο-

249 4336 323 4405 φίας
341 4357 435 4393 nomen
454 4345 563 4395 inditum
582 4343 691 4393 videtur.
721 4344 856 4407 desumpsit
874 4344 901 4392 iu
920 4358 993 4393 usum
1012 4357 1099 4393 meum
1116 4345 1198 4394 amice
1215 4344 1318 4393 Aeneas
1336 4343 1505 4394 Piscolonrini
1524 4355 1610 4390 comes

249 4425 371 4479 Senensis
391 4445 423 4480 ex
443 4431 499 4481 cod.
519 4433 597 4481 Laur.
611 4430 700 4480 LXVI
716 4427 755 4482 15.
775 4445 807 4480 ex
826 4444 859 4479 eo
877 4431 903 4479 in
922 4429 973 4479 tine
992 4431 1110 4480 munlato
1122 4429 1262 4493 descrtptus
1275 4438 1314 4478 est
1326 4429 1383 4479 cod.
1397 4425 1610 4480 Parisinurtllo

250 4529 325 4576 quem
344 4516 392 4565 Ch.
405 4517 494 4568 Graux
513 4519 643 4568 conlatum
663 4519 839 4569 liberalissima
859 4532 957 4566 mecum
977 4517 1183 4568 communicavit.
1206 4517 1315 4579 gemello
1335 4516 1454 4580 exemplo
1471 4524 1496 4564 et
1507 4514 1609 4576 integro

250 4616 282 4648 co
303 4618 363 4652 usus
382 4612 420 4651 est
432 4604 519 4654 David
538 4606 679 4669 prolegom.
699 4606 759 4655 inde
778 4621 794 4655 a
812 4621 838 4669 p.
853 4600 902 4654 15·
915 4603 1012 4665 lonc,
1032 4603 1101 4668 quod
1120 4603 1211 4653 melius
1229 4604 1345 4652 intellexi
1364 4610 1500 4667 postquam
1519 4600 1609 4651 Grrile·

248 4703 303 4737 mus
322 4689 443 4753 Meyerus
464 4691 591 4754 Spirensis
611 4691 716 4742 lacunas
735 4691 922 4742 Brundisianao
941 4692 1062 4741 editionis
1081 4705 1113 4739 cx
1134 4690 1221 4739 codice
1241 4691 1368 4740 Vaticano
1389 4705 1426 4753 gr.
1450 4685 1517 4738 1470
1535 4704 1555 4736 s.
1570 4688 1609 4736 XI

249 4773 288 4822 vel
309 4775 362 4824 XII
381 4791 509 4840 propensa
528 4777 589 4828 mihi
611 4780 742 4828 voluntatc
762 4779 884 4843 explevit.
