3442 5588
590 328 690 377 AETII
708 328 810 378 PLAC.
825 328 838 377 1
851 323 956 379 θέλει-4

240 433 450 483 PLUTARCHI
470 433 562 482 EPIT.
577 429 637 482 129

171 568 412 656 Ἀριστοτέλης
434 570 527 634 αἰτίαν
544 571 619 634 κατὰ
641 571 744 655 συμβε-

131 675 221 759 βηκὸς
243 673 273 736 ἐν
295 678 355 743 τοῖς
377 672 441 736 καθ’
462 675 556 759 ὁρμὴν
571 673 656 737 ἕνεκά
670 696 744 744 τινος

129 775 288 858 γινομένοις
310 775 417 859 ἄδηλον
439 777 488 839 καί
511 775 644 840 ἄστατον·

171 2110 314 2194 διαφέρειν
337 2110 370 2172 δὲ
391 2114 444 2193 τῆς
459 2110 551 2195 τύχης
567 2110 600 2172 τὸ
614 2109 739 2192 αύτόμα·

105 2230 188 2272 υτον·
210 2211 244 2274 τὸ
260 2212 311 2293 μὲν
327 2213 381 2297 γὰρ
397 2213 455 2275 ἀπὸ
471 2213 563 2298 τύχης
580 2213 628 2275 καί
643 2211 741 2275 ταύτο-

128 2315 219 2396 μάτου
241 2312 313 2378 εἶναι
328 2314 358 2377 έν
374 2319 433 2384 τοῖς
449 2316 601 2400 πρακτέοις
617 2318 741 2386 πάντως·

127 2417 161 2478 τὸ
183 2414 216 2478 δὲ
238 2416 401 2500 αὐτόματον
424 2417 477 2480 οὐκ
500 2419 559 2481 ἀπὸ
581 2420 688 2504 τύχης,
710 2420 741 2482 ἐν

35 2585 39 2592 ,
127 2516 181 2600 γὰρ
203 2524 262 2589 τοῖς
290 2518 346 2590 ἔξω
369 2517 513 2603 πράξεως·
543 2521 591 2584 καί
613 2523 665 2605 τὴν
689 2522 741 2604 μὲν

127 2619 218 2704 τύχην
241 2625 299 2685 τῶν
322 2625 457 2704 λογικῶν,
480 2624 513 2686 τὸ
529 2624 562 2686 δὲ
576 2623 741 2706 αὐτόματον

92 2737 116 2778 ιο
129 2721 176 2784 καὶ
209 2728 267 2787 τῶν
299 2728 422 2807 λογικῶν
457 2725 505 2787 καί
537 2728 595 2788 τῶν
627 2726 740 2809 ἀλόγων

128 2819 239 2911 [ζῴων]
262 2828 310 2892 καί
333 2832 391 2890 τῶν
414 2827 537 2912 ἀψύχων
558 2825 739 2915 [σωμάτωνῙ.

122 3951 133 4002 l
155 3948 198 4014 §2
222 3967 255 4001 ex
278 3954 357 4001 Arist.
382 3951 455 4016 phys.
469 3951 525 4004 115
548 3971 572 4018 p.
589 3950 650 4003 197·
662 3949 739 4014 ύιιιμγ.

82 4041 114 4088 cf.
134 4040 204 4090 ΡτοΙ.
225 4055 248 4102 ρ.
262 4034 314 4088 θ15

119 4126 135 4176 4
155 4124 198 4189 §3
217 4141 249 4176 ex
262 4126 309 4175 Αι.
321 4125 394 4190 phys.
409 4127 436 4175 11
450 4127 465 4177 θ
484 4127 600 4177 breviata
618 4127 649 4176 cs.
668 4126 739 4176 Ptol.

82 4231 108 4279 p.
124 4210 176 4263 215
195 4208 208 4276 λλ
230 4210 310 4279 ύγὰρ
329 4229 380 4261 om.
399 4212 422 4262 B
443 4209 456 4278 Η
476 4210 660 4280 αύτομάτουΒ

120 4301 136 4353 6
154 4302 204 4350 nisi
218 4301 310 4350 Δὸτίιισ
328 4303 453 4365 peccavit,
473 4302 534 4352 olim
552 4303 673 4366 scriptum
692 4301 740 4350 fuit

82 4385 215 4455 εἶναιγὰρ,
236 4389 282 4438 sed
306 4389 412 4438 sortasse
427 4391 502 4453 plura
517 4389 703 4439 interciderunt
724 4381 736 4451 ΙΙ

83 4473 216 4543 πρακτέοις
234 4477 265 4525 cf.
284 4476 320 4524 ad
332 4475 405 4526 Stob.
420 4471 433 4539 ΙΙ
449 4475 549 4533 πάντως
567 4477 597 4526 cf.
619 4476 664 4525 Ar.
684 4476 701 4524 1.
715 4490 737 4524 ο.

83 4563 128 4614 καί
146 4559 223 4620 όλως
242 4559 328 4631 πρᾶξις

121 4650 152 4700 ll
177 4645 249 4717 ζηίων
284 4660 309 4699 et
337 4650 463 4715 σωμάτων
490 4653 577 4702 notavi
606 4649 738 4700 Plutarchi

83 4739 288 4802 posteriorumve
308 4739 470 4802 glossemata.

1390 325 1453 390 325

896 432 1053 483 STOBAEI
1071 433 1149 483 ECL.
1163 432 1175 481 1
1189 430 1205 483 6
1219 439 1249 479 ιτ.
1261 431 1302 476 ιτα

763 583 779 634 2
837 569 1084 656 Ἀριστοτέλης
1105 570 1198 634 αἰτίαν
1217 568 1292 632 κατά
1307 569 1409 653 συμβε·

796 674 887 758 βηκὸς
908 672 938 736 ἐν
960 677 1024 743 τοῖς,
1043 670 1106 736 καθ’
1129 674 1221 757 όρμὴν
1237 671 1324 735 ένεκά
1334 693 1409 740 τινος

795 775 952 858 γινομένοις
979 775 1101 840 ἄστατον
1130 777 1178 839 καί
1207 775 1327 858 ἄθηλον.
1360 773 1408 836 καί

795 877 949 948 ὑποθέσεις
975 879 1027 961 μὲν
1054 878 1106 941 δύο
1132 882 1195 948 ταῖς
1216 879 1321 961 ἀρχαῖς
1348 875 1408 938 ἐνυ·

795 981 928 1066 πάρχειν,
950 980 1027 1050 τάξιν
1049 1004 1081 1043 τε
1099 981 1148 1044 καί
1164 978 1291 1055 ἀταξίαν,
1312 976 1405 1045 αἰτίας
1431 998 1443 1034 ι

794 1085 828 1147 δὲ
856 1083 992 1168 τέτταρας
1019 1084 1050 1146 ἐν
1077 1089 1137 1153 τοῖς
1165 1083 1244 1152 όλοις
1271 1079 1340 1144 καθ’
1374 1079 1408 1149 όίς

795 1187 909 1250 ἅπαντα
920 1186 1094 1264 συνίσταται,
1107 1190 1173 1249 νοῦν
1184 1185 1268 1269 φύσιν
1280 1184 1407 1265 ἀνάγκην

793 1290 902 1374 τύχην·
935 1289 984 1352 καί
1010 1288 1119 1353 τούτων
1146 1289 1249 1370 διπλῆν
1272 1287 1408 1368 ἑκάστην,

793 1393 846 1476 τὴν
866 1392 918 1474 μὲν
934 1392 964 1455 έν
979 1396 1038 1462 τοῖς
1053 1389 1244 1475 ἀνθρωπίνοις
1260 1390 1406 1473 πράγμασι

793 1496 845 1578 τὴν
874 1493 900 1557 δ’
933 1495 963 1557 ἐν
993 1493 1106 1562 ἀλλοις·
1139 1492 1285 1556 τελεῖσθαι
1311 1491 1344 1554 δὲ
1370 1489 1407 1552 τὰ
1420 1509 1443 1547 ιο

795 1598 847 1680 μὲν
869 1599 984 1665 πάντως
1008 1596 1045 1659 τὰ
1066 1596 1099 1659 δὲ
1120 1596 1195 1659 κατὰ
1216 1595 1250 1657 τὸ
1273 1597 1406 1657 πλεῖστον

793 1699 830 1763 τὰ
852 1698 878 1763 δ’
905 1699 1010 1763 άλλοτε
1035 1698 1142 1767 ἄλλως.
1174 1698 1226 1780 τὴν
1254 1695 1280 1759 δ’
1308 1698 1406 1781 ιίμαρ-

795 1802 883 1886 μένην
905 1802 959 1867 ούκ
980 1800 1073 1864 αἰτίαν
1090 1800 1153 1884 μέν,
1175 1799 1281 1884 τρόπον
1297 1799 1329 1863 δέ
1344 1821 1407 1862 τινα

792 1904 900 1981 αἰτίας,
933 1904 1138 1989 συμβεβηκότα
1168 1925 1231 1971 πως
1263 1906 1323 1971 τοῖς
1354 1906 1406 1986 τῆς

793 2009 919 2090 ἀνάγκης
941 2005 1133 2089 τεταγμένοις.

758 2113 775 2166 3
832 2108 1071 2195 Ἀριστοτέλης
1091 2105 1235 2194 διαφέρειν
1250 2111 1302 2190 τῆς
1314 2107 1407 2192 τύχης

793 2215 826 2277 τὸ
848 2212 1022 2296 αὐτόματον·
1047 2214 1081 2275 τό
1105 2211 1226 2294 μὲνγὰρ
1241 2210 1300 2273 ἀπὸ
1315 2210 1408 2295 τύχης

793 2317 841 2380 καί
878 2319 930 2379 τού
967 2314 1133 2397 αὐτομάτου
1170 2312 1243 2376 εἰναι
1280 2312 1311 2375 ἐν
1347 2316 1406 2380 τοῖς

793 2422 960 2503 πρακτικοῖς
982 2418 1107 2487 πάντως·
1133 2417 1167 2480 τὸ
1189 2413 1215 2478 δ’
1242 2415 1405 2497 αὐτόματον

793 2521 846 2585 οὐκ
880 2521 939 2584 ἀπὸ
971 2520 1078 2605 τύχης,
1109 2520 1139 2583 έν
1168 2518 1223 2602 γὰρ
1255 2522 1315 2586 τοῖς
1348 2515 1441 2584 έΕωιυ

791 2623 931 2709 πράξεως·
955 2622 1003 2686 καί
1026 2623 1078 2705 τὴν
1102 2621 1154 2703 μὲν
1177 2619 1269 2704 τύχην
1286 2623 1344 2681 τῶν
1360 2622 1404 2682 λο·

790 2729 890 2810 γικῶν,
912 2726 945 2788 τὸ
969 2722 990 2787 δ’
1018 2723 1182 2807 αὐτόματον
1209 2721 1257 2785 καί
1279 2724 1338 2784 τῶν
1359 2724 1405 2785 λυ-

789 2834 879 2914 γικῶν
901 2829 950 2892 καί
972 2831 1030 2890 τῶν
1054 2826 1167 2909 ἀλόγων
1195 2825 1243 2888 καί
1265 2824 1403 2909 ἀψύχων·

791 2932 840 2996 καὶ
867 2931 920 3015 τὴν
943 2930 995 3014 μὲν
1018 2929 1110 3014 τύχην
1136 2926 1314 3013 προαιρέτως
1336 2947 1404 3009 συμ-

792 3035 908 3121 βαίνειν,
927 3035 960 3096 τθ
976 3030 997 3095 δ’
1018 3031 1181 3114 αὐτόματον
1196 3030 1403 3114 ἀπροαιρέτως
1416 3050 1441 3088 ω

792 3138 840 3201 καὶ
866 3137 919 3221 τὴν
947 3135 1000 3218 μέν
1026 3157 1100 3204 τινος
1129 3134 1309 3218 ὑπάρχοντος
1335 3132 1405 3215 γίνε-

792 3241 878 3318 σθαι,
911 3240 945 3301 τὸ
972 3237 1005 3300 δὲ
1031 3236 1163 3319 ἀλόγως,
1197 3235 1320 3318 μηδενός
1350 3232 1407 3303 ἔξω

792 3341 1009 3428 βουλευθέντος.
1186 3320 1198 3367 ¹

756 3446 774 3497 4
835 3442 1059 3527 Θεόφραστος
1099 3440 1308 3526 προσδιαρθροῖ
1341 3443 1404 3509 ταῖς

791 3547 895 3616 αἰτίαις
916 3545 969 3629 τὴν
992 3545 1066 3608 κατὰ
1088 3544 1263 3629 προαίρεσιν·
1284 3541 1403 3628 φέρεται
1415 3561 1440 3600 ιο

791 3650 824 3713 δέ
847 3674 910 3720 πως
932 3648 973 3718 εἰς
995 3649 1028 3710 τὸ
1050 3645 1227 3732 εἱμαρμένην
1254 3642 1327 3708 εἰναι
1353 3646 1405 3728 τὴν

791 3755 914 3817 ἑκάστου
936 3751 1031 3836 φύσιν.
1055 3749 1085 3814 έν
1107 3747 1129 3833 ᾖ
1152 3748 1241 3812 τύπον
1261 3749 1404 3833 τεττάρων

1418 2023 1441 2061 1⁶

829 3943 840 3993 l
861 3936 1020 4009 συμβεβηκὸς
1038 3938 1081 3990 καί
1093 3935 1310 4009 παρακολούθημα
1325 3940 1448 3990 Mainake

791 4048 823 4082 ex
837 4032 932 4081 codicis
946 4031 1056 4094 August.
1071 4044 1158 4078 errore
1172 4029 1203 4078 εί
1219 4026 1233 4090 ξ
1247 4027 1256 4077 l
1272 4023 1375 4092 p.324b
1386 4024 1418 4078 18
1432 4022 1445 4091 ΙΙ

791 4114 910 4186 θάθηλον
922 4116 966 4168 καί
979 4114 1086 4168 ἄστατον
1098 4117 1147 4167 fuit
1158 4117 1184 4165 in
1198 4116 1276 4166 Δέιὶο
1296 4115 1327 4164 οἰ
1340 4115 1409 4164 Ρλυι.
1423 4123 1448 4163 οι

791 4206 900 4268 Τλιευά,
917 4206 1075 4271 transposuit
1092 4202 1219 4254 Stobuem
1239 4198 1253 4267 Η
1276 4199 1308 4253 10
1325 4197 1448 4252 τελεῖσθαι

790 4291 836 4361 γάρ
854 4295 892 4343 A:
916 4309 982 4344 corr.
1005 4293 1108 4343 Ηοατοιι
1136 4285 1150 4356 ΙΙ
1176 4288 1209 4341 19
1232 4290 1324 4340 Δέιίιιε
1347 4292 1448 4355 scripsit

790 4381 910 4447 πρακτοῖς
924 4380 956 4429 σί.
966 4380 1046 4430 Arist.
1059 4380 1110 4429 λα
1125 4379 1175 4429 nisi
1190 4378 1254 4442 legit
1266 4379 1320 4428 illie
1333 4375 1447 4445 πρακτέα

790 4476 818 4518 ut
830 4467 950 4530 Simp1.t
966 4463 1019 4517 ται
1033 4464 1072 4516 ιι.
1091 4462 1125 4517 ιο

792 4588 958 4641 ALIORUM
978 4589 1028 4639 EX
1046 4587 1159 4640 AETIO
1179 4587 1375 4638 EXCERPTA

826 4674 842 4726 θ
861 4671 1054 4731 Τλουύοῖυλλ.
1067 4692 1088 4727 c.
1107 4668 1403 4742 καίόἈριστοτέλης
1421 4671 1448 4724 a&

791 4759 913 4820 ὡσαύτως
931 4760 1011 4814 αἰτίαν
1030 4759 1078 4830 ἔφη
1095 4760 1162 4812 κατὰ
1178 4758 1335 4830 ξυμβεβηκός
1353 4760 1379 4812 ἰν
1397 4765 1448 4819 τοῖς

792 4846 849 4901 καθ’
870 4847 950 4919 ὁρμὴν
973 4848 1045 4902 ἕνεκά
1062 4865 1127 4908 τινος
1145 4848 1294 4917 γιγνομένοις
1312 4847 1403 4920 ἀθηλύν
1421 4866 1448 4900 τε

793 4937 837 4989 καί
855 4935 970 4991 ἄστατον.
