3464 5586
258 305 322 369 246
552 306 644 356 xvm
679 305 728 355 na
749 305 888 356 casaur
909 304 1077 355 nrsronru
1097 302 1329 355 neruosoraa

259 477 292 538 δὲ
314 478 548 561 κατολιγωρήσας
570 476 611 545 ὥς
632 498 705 545 τινες
727 475 903 559 ὑπειλήφασι
924 479 977 558 τῆς
999 475 1074 538 κατὰ
1095 474 1267 558 φιλοσοφίαν
1290 477 1465 558 σεμνότητος
1486 476 1536 539 ἐπί
1556 499 1620 539 τινα

259 578 364 662 τρόπον
381 578 575 664 μετελήλυθεν
592 578 634 661 [i]
657 577 692 642 ob
712 579 787 641 ποίνο
802 577 882 661 παρὰ
895 581 955 646 τοῖς
970 577 1102 662 ἀκριβέσι
1123 581 1182 639 τῶν
1204 579 1372 662 φιλοσόφων
1395 578 1619 662 εὐδοκιμηκότα.

260 680 425 746 sedenim
448 681 536 764 apud
556 680 727 746 inferiores
749 697 876 763 quoque
897 677 1049 760 Epicurei
1071 677 1237 762 perpetuis
1263 679 1444 746 maledictis
1470 678 1620 761 figuntur.

346 782 436 847 Nihil
458 782 499 849 de
520 782 610 849 fonte
633 801 787 865 expresso
810 780 963 846 docemur
985 800 1011 846 o.
1027 782 1064 865 4,
1086 779 1141 843 ubi
1164 779 1362 863 singularum
1384 786 1545 848 sectarum
1567 801 1622 846 no·

261 905 335 951 men
358 885 445 951 unde
467 884 582 967 cuique
603 882 741 948 inditum
762 881 815 965 sit,
837 881 1032 948 scholastico
1052 901 1142 948 more
1157 881 1335 949 disseritur.
1369 882 1516 948 similiter
1531 903 1623 967 prae-

262 987 377 1052 ludunt
392 987 576 1053 Aristotelis
596 983 917 1070 interpretationibus
932 983 1117 1068 Simplicius
1138 983 1172 1049 in
1188 983 1300 1068 Categ.
1323 986 1462 1070 praeib
1484 985 1540 1052 iol.
1557 987 1623 1070 lu,

263 1089 451 1155 Ammonius
477 1089 512 1154 in
541 1088 653 1172 Categ.
669 1087 732 1152 Ah
758 1086 851 1152 solt
873 1105 894 1151 a
916 1083 1005 1169 All,
1037 1085 1147 1152 David
1174 1087 1273 1153 schol.
1297 1088 1417 1154 Brand.
1440 1110 1471 1172 p.
1490 1091 1549 1155 22Ι
1570 1090 1624 1172 42,

263 1192 465 1275 Philoponus
491 1191 568 1257 ibid
596 1212 627 1275 p.
650 1191 713 1255 34¹³
735 1190 787 1255 23.
832 1207 937 1270 neque
965 1193 1074 1253 tamen
1100 1187 1177 1255 inde
1206 1188 1290 1256 hanc
1316 1190 1472 1274 prooemii
1500 1198 1623 1274 partem

263 1294 389 1359 novicio
410 1314 499 1361 more
514 1313 536 1358 a
551 1293 679 1359 Galeno
695 1290 840 1357 additam
856 1309 929 1357 esse
945 1296 1033 1356 recte
1048 1291 1232 1357 concludas
1266 1293 1358 1358 testis
1373 1299 1504 1358 estnon
1521 1293 1625 1359 solum

262 1397 460 1482 Hippolytus
474 1398 491 1462 Ι
506 1398 548 1461 20
570 1417 601 1480 p.
617 1395 661 1460 40
683 1394 771 1460 Gott.
795 1413 860 1458 non
883 1393 981 1458 valde
1001 1392 1169 1476 antiquum
1190 1393 1257 1459 illic
1276 1394 1464 1478 scriptorem
1487 1401 1626 1479 secutus,

208 1562 214 1571 ,
264 1500 322 1565 sed
345 1498 618 1585 etiamLaertius
635 1497 651 1561 Ι
668 1497 706 1560 17
731 1495 782 1560 cui
805 1494 911 1560 fontes
934 1495 961 1559 si
982 1515 1049 1559 non
1073 1496 1211 1579 optimos
1233 1502 1268 1560 at
1289 1503 1417 1562 veteres
1438 1503 1548 1563 tamen
1569 1498 1627 1564 illo

265 1603 336 1667 loco
360 1601 403 1665 ad
425 1620 539 1666 manus
561 1598 661 1665 fuisse
683 1602 819 1663 constat.
855 1597 954 1680 quid?
987 1597 1100 1664 Cicero
1124 1596 1178 1661 ubi
1201 1593 1311 1682 [Acad.
1328 1597 1380 1662 14
1399 1596 1440 1684 17]
1463 1599 1628 1684 Peripate-

268 1703 349 1769 ticos
371 1703 414 1768 ab
429 1700 672 1784 inambulando,
695 1699 909 1766 Academicos
930 1699 973 1765 ab
988 1697 1165 1765 Academia
1180 1698 1283 1765 dictos
1301 1718 1374 1766 esse
1389 1699 1498 1786 refert,
1520 1724 1629 1770 nonne

265 1805 382 1870 similia
409 1805 474 1870 iam
502 1804 535 1868 in
557 1802 709 1868 Antiochi
730 1802 939 1868 ascalonitae
966 1801 1079 1867 schola
1101 1799 1151 1887 [cf.
1174 1802 1230 1866 14
1252 1799 1295 1888 14]
1323 1802 1448 1886 agitata
1469 1808 1629 1872 testatur?

265 1909 329 1974 cb
351 1904 577 1991 philosophiae
604 1903 808 1970 definitiones
837 1909 1071 1987 proponuntur.
1114 1922 1249 1987 quarum
1280 1905 1420 1970 mediam
1446 1905 1626 1973 Stoicorum

266 2030 339 2076 esse
354 2011 439 2074 Plut.
454 2007 568 2072 Placit.
585 2026 727 2091 prooem.
743 2008 763 2071 2
780 2004 1002 2071 confirmatum
1018 2004 1184 2070 babemus.
1216 2026 1322 2089 neque
1338 2012 1449 2073 tamen
1462 2007 1538 2094 inde
1554 2030 1627 2077 eam

266 2109 580 2178 manasse'credam.
625 2109 794 2175 videamus
817 2129 914 2193 porro
938 2112 1056 2173 cetera.

354 2212 389 2278 0.
406 2213 427 2276 6
449 2211 613 2294 tripartita
635 2210 843 2295 philosophia
864 2210 1007 2291 docetur,
1029 2228 1126 2290 quam
1147 2209 1368 2278 aXeuocrate
1391 2211 1467 2277 olim
1487 2216 1630 2298 proposi·

267 2322 333 2381 tam
355 2335 377 2379 a
399 2314 517 2380 Stoicis
540 2313 657 2380 deinde
679 2313 838 2379 sancitam
863 2309 914 2397 [cf.
937 2307 1138 2394 Wynpersse
1160 2310 1202 2376 de
1224 2311 1409 2381 Xenocrate
1431 2315 1534 2397 Lugd.
1556 2317 1630 2384 Bat.

269 2418 352 2482 1822
376 2438 406 2500 p.
422 2414 475 2503 67]
498 2416 664 2499 Diogenes
679 2415 694 2479 Ι
711 2415 753 2480 18
776 2422 809 2480 et
831 2410 966 2496 quilibet
984 2411 1067 2475 alins
1082 2411 1190 2478 tradit.
1225 2417 1286 2480 cl
1310 2416 1352 2482 de
1367 2423 1526 2483 sectarum
1540 2418 1630 2487 diffe-

268 2519 373 2585 rentia
399 2517 541 2601 optimae
563 2526 661 2584 notae
684 2523 790 2582 estet
813 2513 913 2581 Stoici
942 2512 1068 2579 coloris.
1112 2514 1332 2601 Scepticornm
1361 2519 1512 2602 antiquos
1541 2522 1629 2588 solos

268 2621 359 2687 novit
374 2622 538 2687 Zenonem
553 2619 781 2685 Anaxarchum
801 2618 1014 2703 Pyrrhonem,
1036 2617 1244 2684 Aenesidemi
1259 2641 1324 2686 non
1339 2621 1494 2688 meminit.
1523 2624 1632 2690 Xeno-

268 2722 387 2808 phanis
414 2722 634 2788 memorabilis
661 2730 711 2788 est
737 2721 907 2803 memoria,
936 2738 1020 2804 qnae
1042 2719 1204 2787 simillime
1226 2722 1364 2788 traditur
1385 2724 1473 2808 apud
1495 2724 1629 2792 Sextum

268 2829 305 2892 P.
319 2826 359 2891 H.
375 2826 391 2890 I
406 2827 471 2890 225
492 2825 532 2891 ci.
556 2844 654 2909 supra
676 2845 708 2908 p.
725 2824 818 2888 111⁸.
852 2821 915 2888 o.8
938 2822 986 2898 de
1002 2821 1254 2906 philosophandi
1277 2824 1435 2909 principio
1458 2827 1555 2909 plane
1579 2848 1630 2895 eo·

269 2930 342 2994 dem
366 2927 462 2992 modo
486 2926 700 2993 continuatur.
734 2925 868 2991 adverte
891 2930 1049 2992 extrema:
1071 2926 1149 2989 αἰτία
1171 2927 1204 2990 δὲ
1225 2927 1396 3011 φιλοσοφίας
1411 2930 1553 3013 cupisset<
1569 2932 1630 2996 ἐστι

269 3032 343 3094 κατὰ
368 3031 536 3115 Ξενοκράτη
559 3030 592 3092 τὸ
614 3029 784 3114 ταραχῶδες
807 3029 836 3091 ἐν
860 3035 901 3114 τῷ
926 3029 980 3114 βίιρ
1003 3033 1187 3092 καταπαῦσαι
1206 3034 1264 3091 τῶν
1284 3032 1470 3113 πραγμάτων.
1504 3041 1634 3116 praeter

268 3133 372 3218 ipsam
405 3131 580 3198 memoriae
607 3131 785 3197 novitatem
812 3128 869 3215 [cs.
892 3129 1030 3195 Krische
1058 3128 1175 3195 forsch.
1198 3129 1276 3217 320]
1306 3135 1549 3200 memorandum
1579 3145 1631 3203 est

269 3236 403 3301 Sextum
431 3234 473 3298 ab
500 3233 563 3298 hac'
590 3232 776 3299 definitione
803 3239 935 3298 auctore
964 3233 1068 3297 celato
1102 3232 1329 3317 disputationis
1356 3255 1434 3301 suae
1461 3237 1629 3303 exordium

269 3357 396 3403 sumere
417 3337 533 3421 Pyrrh.
555 3337 595 3402 Η.
615 3337 631 3400 Ι
652 3337 693 3401 12
716 3336 811 3421 ἀρχὴν
839 3336 872 3397 δὲ
893 3339 946 3418 τῆς
968 3341 1124 3420 σκεπτικῇς
1146 3336 1267 3422 αἰτιώδη
1291 3339 1343 3420 μέν
1366 3363 1460 3423 φαμεν
1482 3340 1554 3404 εἶναι
1577 3344 1630 3426 τὴν

269 3441 373 3504 ἐλπίδα
399 3444 450 3502 τοῦ
477 3440 750 3522 ἀταρακτήσειν.
788 3438 875 3519 quod
902 3444 1011 3502 autem
1033 3436 1118 3502 idem
1142 3439 1237 3523 ἀρχὴν
1259 3441 1382 3524 αἰτιώὸη
1408 3448 1441 3507 et
1463 3444 1559 3528 ἀρχὴν
1583 3466 1630 3507 συ-

269 3546 398 3612 στάσεως
425 3539 513 3627 [ibid.
536 3560 566 3623 p.
583 3540 614 3623 b,
637 3540 678 3603 14
688 3537 726 3626 Β]
754 3558 833 3605 suae
860 3538 1028 3605 doctrinae
1054 3540 1326 3626 accommodavit,
1353 3562 1436 3626 quae
1458 3544 1491 3609 in
1512 3544 1629 3611 Galeni

270 3646 375 3730 capite
391 3643 523 3729 copiose
537 3640 742 3726 definiuntur,
757 3641 820 3707 hoo
835 3641 893 3707 tibi
908 3641 1068 3725 gravioris
1083 3641 1311 3726 disputationis
1327 3652 1490 3729 tamquam
1502 3654 1632 3731 gustum

270 3748 487 3832 praelibatum
509 3745 595 3811 volo.

258 3899 270 3929 ,
355 3848 470 3931 Agitur
491 3849 533 3914 de
548 3847 766 3933 proximorum
782 3847 924 3932 capitum
947 3846 1065 3934 [tt-19
1098 3846 1237 3934 21-23]
1261 3849 1394 3931 origine.
1428 3851 1543 3935 quibus
1558 3873 1632 3918 cum

269 3952 455 4018 interiorem
479 3952 705 4036 cognationem
729 3971 800 4017 cum
817 3951 981 4018 Sextianis
1004 3947 1246 4017 definitionibus
1267 3951 1469 4020 intercedere
1488 3955 1564 4020 olim
1586 3956 1633 4021 vi-

269 4057 404 4141 dissem,
427 4055 535 4120 statim
558 4054 634 4120 hinc
656 4054 817 4120 Galerium
839 4055 984 4138 copiolas
1012 4074 1089 4121 suas
1115 4053 1211 4119 solito
1237 4074 1326 4120 more
1353 4056 1497 4123 deflexus
1519 4065 1551 4124 et
1575 4058 1632 4124 im·

269 4165 410 4225 mutatas
437 4157 559 4240 putavi.
605 4157 679 4222 huic
706 4157 849 4241 opinioni
877 4158 1017 4223 adverso
1045 4157 1150 4222 fronte
1181 4157 1317 4222 occurrit
1346 4158 1383 4224 R.
1406 4159 1632 4227 Volkmannus

270 4259 408 4347 [observ.
425 4260 557 4326 miscell.
573 4259 680 4326 Iaueri
697 4260 779 4324 1873
802 4281 834 4344 p.
851 4257 913 4345 16],
937 4261 991 4344 qui
1013 4260 1057 4325 ad
1078 4260 1167 4344 ipsos
1190 4259 1296 4325 sontes
1320 4267 1490 4343 utrumque
1511 4262 1632 4329 adiisse

269 4362 456 4447 probabat.¹
483 4363 633 4448 quocirca
658 4363 776 4427 iterata
805 4363 995 4444 quaestione
1021 4383 1088 4428 rem
1117 4361 1225 4445 quoad
1253 4361 1321 4426 fieri
1350 4370 1457 4446 potest
1482 4363 1632 4447 profliga-

269 4464 383 4529 bimus.
422 4473 519 4549 atque
542 4466 604 4529 etl
627 4465 668 4530 do
696 4464 788 4546 signo
817 4463 898 4529 nihil
928 4464 1071 4529 continet
1098 4464 1184 4546 quod
1211 4463 1335 4528 nonin
1363 4465 1463 4531 variis
1485 4467 1632 4552 Hypoty-

269 4584 392 4649 poseon
415 4567 495 4633 locis
518 4569 654 4651 legatur.
688 4567 747 4633 sed
768 4566 936 4633 fatendum
960 4573 1019 4648 est,
1043 4566 1176 4632 Sextum
1200 4565 1228 4629 si
1250 4565 1446 4649 descriptum
1462 4568 1632 4653 credimus,

270 4668 429 4733 Galerium
460 4669 585 4753 insigne
612 4669 812 4735 assiduitatis
841 4669 970 4735 dedisse
1000 4669 1192 4754 exemplum.
1238 4667 1313 4733 vide
1336 4668 1443 4734 modo.
1487 4669 1631 4737 delinitio

269 4769 352 4852 signi
375 4772 543 4837 ex11104
565 4769 615 4857 [cs.
642 4774 702 4838 101
727 4770 911 4860 ἐνδεικτικόν]
934 4773 1077 4856 petenda
1098 4777 1178 4838 erat.
1214 4780 1281 4836 tum
1304 4769 1421 4836 divisio
1445 4773 1567 4856 σημείου
1590 4775 1631 4837 ἐν-

269 4876 412 4937 δεικτικοῦ
436 4880 468 4939 et
491 4877 705 4957 ὑπομνηστικοϋ
728 4881 819 4942 exat
842 4875 948 4960 §utu
983 4874 1049 4939 iam
1069 4874 1232 4941 admirare
1247 4872 1387 4939 hominis
1410 4875 1631 4959 sagacitatem,
