3464 5586
259 310 322 374 326
699 312 803 363 λειω
820 311 923 362 mc.
935 312 949 360 1
961 307 995 361 ιν
1007 317 1065 357 ι-ι
1082 305 1116 361 30
1128 317 1172 359 ιι

355 415 563 466 Ριυτλιιοιιι
582 376 1533 475 Wm61vb7041[35]

966 552 1065 617 αἰτιῶν
1082 551 1231 630 ποικίλων,
1252 551 1449 637 προαιρέσεως
1460 563 1475 596 *
1487 548 1579 635 τύχης

968 656 1016 720 καί
1039 655 1175 738 ἀνάγκης.

934 768 950 821 5
1007 754 1208 841 Ἐπίκουρος
1238 754 1301 821 κατ’
1335 757 1478 840 ἀνάγκην,
1506 757 1581 822 κατὰ

969 859 1144 945 προαίρεσιν,
1166 859 1240 924 κατὰ
1261 858 1364 944 τύχην.

344 961 544 1048 Ἐπίκουρος
570 960 693 1026 ἄστατον
715 961 808 1026 αἰτίαν
831 979 950 1047 προσ-6
1007 960 1210 1047 Ἐπίκουρος
1232 960 1355 1025 ἄστατον
1377 960 1470 1025 αἰτίαν
1491 981 1577 1045 προσ·
1600 981 1613 1017 τ

305 1069 397 1135 ώποις
419 1064 533 1149 χρόνοις
555 1064 664 1135 τόποις.
971 1068 1064 1135 ώποις
1088 1065 1202 1151 χρόνοις
1223 1063 1349 1148 τρόποις.

344 1166 576 1253 Ἀναξαγόρας
613 1167 662 1231 καί
700 1168 728 1230 οἱ
764 1165 953 1230 Στωικοίῖ
1013 1163 1274 1251 ῷΑναξαγόρας)
1300 1166 1347 1230 καὶ
1376 1167 1409 1229 οἰ
1431 1165 1581 1231 Στωικοὶ

305 1268 413 1353 ἄδηλον
447 1268 541 1332 αἰτίαν
569 1269 745 1355 ἀνθρωπίνῳ
773 1271 918 1354 λογισμῷ·
970 1270 1078 1354 ἄδηλον
1112 1268 1205 1333 αἰτίαν
1234 1267 1411 1352 ἀνθρωπίνῳ
1437 1272 1581 1355 λογισμῷ·

284 1371 328 1433 οόί
351 1372 402 1453 μὲν
425 1371 479 1456 γὰρ
501 1369 573 1435 εἰναι
595 1371 654 1436 καί
682 1373 819 1455 ἀνάγκην,
845 1370 865 1434 όί
887 1371 920 1434 δὲ
971 1373 990 1437 ἃ
1012 1372 1138 1458 μὲνγὰρ
1159 1369 1232 1435 εἰναι
1254 1367 1312 1435 κατ’
1340 1371 1481 1455 ἀνάγκην,
1509 1371 1583 1436 ἃδὲ

306 1472 370 1538 καθ’
398 1472 585 1558 εἱμαρμένην,
608 1474 628 1538 όί
650 1475 683 1538 δὲ
700 1473 775 1537 κατὰ
789 1472 919 1558 προαίρε-
970 1475 1038 1540 καθ’
1065 1474 1256 1561 εἱμαρμένην,
1284 1474 1304 1538 όί
1330 1476 1364 1539 δὲ
1389 1474 1464 1538 κατὰ
1485 1475 1620 1559 προπίω

307 1598 362 1655 σιν,
385 1577 404 1639 όί
426 1577 458 1639 δὲ
481 1576 556 1639 κατὰ
576 1576 680 1662 τύχην,
702 1576 723 1640 ἃ
742 1577 775 1640 δὲ
790 1574 864 1639 κατὰ
885 1576 919 1638 τὸ
972 1600 1065 1663 ρεσιν,
1087 1578 1107 1642 ἃ
1129 1578 1162 1641 δὲ
1184 1576 1258 1640 κατὰ
1279 1577 1386 1664 τύχην,
1412 1577 1433 1641 ἃ
1455 1578 1488 1641 δὲ
1510 1577 1584 1640 κατὰ

308 1678 482 1761 αὐτόματον.
972 1683 1006 1745 τό
1018 1681 1191 1765 αὐτόματον.
1214 1681 1291 1766 τύχη
1307 1682 1432 1745 ἀτάκτου
1443 1680 1585 1765 ἐνεργείας

973 1785 1034 1849 ἐστί
1055 1784 1241 1869 προσηγορία.

376 1961 408 2036 λ.
447 1972 529 2057 Περί
551 1973 701 2059 φύσεως.
738 1983 809 2040 620
1175 1970 1259 2057 Περὶ
1282 1972 1432 2057 φύσεως.

274 2113 299 2152 ιο
349 2090 585 2177 Ἐμπεδοκλῆς
599 2092 684 2178 φύσιν
700 2097 823 2179 μηδενός
837 2094 920 2174 εἰναι,
939 2107 954 2160 1

313 2195 386 2278 μῖξιν
409 2196 442 2259 δὲ
460 2200 518 2258 τῶν
533 2197 685 2281 στοιχείων
701 2199 749 2262 καί
764 2201 921 2263 διάστασιν.

309 2298 412 2381 γροίφει
433 2297 488 2382 γὰρ
510 2298 603 2368 οὕτως
624 2300 655 2362 ἐν
677 2306 720 2386 τῷ
736 2304 845 2386 πρώτῳ
863 2302 922 2365 Φυ-

310 2420 409 2463 σικων·

352 2502 424 2566 ἄλλο
452 2503 485 2566 δέ
507 2527 549 2566 τοι
576 2503 659 2588 ἐρέω.
693 2505 779 2591 φύσις
806 2507 922 2577 οὐδενός

276 2624 300 2662 ιο
688 2608 764 2673 ἐστιν
787 2611 921 2673 ἁπάντων

354 2708 480 2792 θνητῶν,
503 2709 571 2775 οὐδέ
593 2734 634 2781 τις
656 2711 815 2794 οὐλομένου
835 2713 922 2778 θανοί-

709 2837 770 2879 τοιο
792 2818 922 2900 τελωτη,

355 2915 431 2978 ἀλλὰ
456 2915 543 2996 μόνον
570 2915 643 2997 μῖξίς
668 2940 700 2981 τε
726 2918 871 2989 διαλλαξίς
892 2942 924 2982 τε

784 3021 923 3103 μιγέντων

276 3139 300 3177 νο
356 3119 434 3196 ἐστί,
456 3118 540 3203 φύσις
562 3120 595 3182 δὲ
617 3121 729 3205 βροτοῖς
751 3123 922 3206 ὀνομάζεται

715 3224 923 3307 ἀνθρώποισιν.

350 3321 580 3408 Ἀναξαγόρας
613 3326 722 3408 όμοίωτ
750 3326 804 3411 τὴν
836 3328 957 3412 φύσινῖ

312 3427 456 3509 σύγκρισιν
484 3427 531 3491 καὶ
554 3429 708 3513 διάκρισιν,
729 3429 856 3494 τουτέστι
879 3430 923 3512 γέ·

312 3549 387 3592 νεσιν
410 3529 458 3591 καί
480 3529 605 3615 φθοράν.

305 3721 316 3770 1
339 3719 444 3771 ἄστατον
463 3721 524 3770 AB:
545 3716 681 3772 ἀσύστατον
700 3723 721 3773 c
1009 3713 1023 3765 1
1037 3716 1156 3765 lacunam
1169 3715 1256 3777 explet
1269 3714 1371 3762 Ηεειοο
1384 3713 1519 3762 scribendo
1532 3710 1630 3780 φύσεως

303 3807 319 3858 2
338 3806 422 3864 τόποις
442 3808 501 3858 AB:
518 3805 617 3875 τρόποις
635 3809 655 3858 C
976 3804 1006 3852 cf.
1017 3800 1051 3853 29
1061 3811 1072 3848 υ
1084 3798 1096 3866 Η
1109 3798 1125 3851 3
1139 3799 1219 3850 πάντα
1232 3795 1286 3848 κατ’
1299 3801 1365 3849 coni.
1377 3800 1476 3850 Usener
1488 3801 1519 3849 ef.
1529 3797 1563 3851 25
1572 3795 1630 3865 3115

306 3894 338 3945 10
357 3892 434 3962 μηδὲν
454 3895 557 3956 (A)BC:
577 3912 641 3945 corr.
661 3896 733 3946 stein
975 3884 1111 3938 ἀσύστατον
1117 3887 1237 3938 Μοίιιολο
1247 3895 1274 3936 οι
1286 3887 1318 3936 cf.
1328 3887 1414 3936 Laert.
1424 3887 1449 3935 X
1462 3883 1511 3936 133
1524 3882 1536 3951 ΙΙ
1549 3884 1629 3956 θτρό·

306 3981 337 4033 12
357 3982 450 4050 πρώτῳ
474 3986 586 4049 φυσικῶν
610 3984 646 4032 A:
671 3981 767 4051 πρώτω
785 3989 837 4035 τών
855 4000 923 4054 φησι.
975 3976 1149 4031 ποιςόειοτίοτ
1158 3976 1234 4025 lectio
1243 3988 1320 4037 quam
1330 3973 1469 4034 Plutarchi,
1480 3983 1507 4023 at
1516 3973 1629 4024 Stobaeo

268 4075 323 4119 κιῖιν
343 4071 379 4119 13:
400 4068 494 4138 πρώτῳ
513 4075 610 4140 φυσικῷ
630 4071 651 4121 C
976 4064 1143 4114 concedenda
1167 4059 1180 4130 ΙΙ
1204 4062 1220 4113 7
1245 4055 1404 4129 Ἀναξαγόρας
1422 4078 1455 4112 εκ
1480 4063 1630 4122 Plutarcho,

307 4158 337 4209 14
357 4177 380 4208 v.
400 4156 543 4210 77-80K.
563 4157 668 4211 36-39
687 4160 724 4211 St,
746 4155 760 4228 Η
780 4158 806 4210 δέ
825 4176 848 4210 tt
866 4161 887 4210 Β
909 4157 922 4228 η
976 4148 1019 4200 καί
1029 4149 1052 4200 οἰ
1062 4145 1171 4201 Στωικοὶ
1181 4150 1318 4215 emerg.
1329 4145 1468 4216 additumss
1481 4146 1513 4198 12
1525 4145 1628 4217 τύχη-

268 4243 339 4295 οὐδέν
363 4243 426 4296 ἐστιν
450 4246 533 4296 ABG:
555 4255 696 4298 correctum
718 4264 749 4297 εκ
772 4250 840 4299 Plut.
865 4250 923 4298 adv.
976 4237 1128 4307 προσηγορία
1146 4240 1264 4289 lemmate
1283 4240 1411 4304 privatum
1433 4253 1488 4287 0⁸⁸e
1508 4240 1630 4287 verisimi-

269 4334 354 4383 Colot,
373 4332 403 4383 10
422 4344 446 4382 et
465 4335 573 4384 Aristot,
592 4336 655 4385 Met,
674 4329 723 4386 Δ4
742 4334 893 4401 p,101511
975 4328 1034 4378 litor
1051 4328 1154 4377 Heeren
1174 4328 1291 4376 coniecit.
1315 4328 1436 4375 incertius
1459 4333 1543 4375 utrum
1562 4334 1630 4375 τοοιο

305 4420 338 4473 18
358 4417 421 4486 μίξις
439 4437 465 4470 τε
484 4420 568 4472 mlo
976 4413 1008 4464 de
1031 4415 1201 4479 Pythagoreis
1231 4415 1383 4477 cogitaverit
1409 4428 1442 4462 οιι
1466 4413 1632 4463 Democritea

305 4507 339 4560 20
360 4505 430 4577 φύσις
449 4505 468 4558 δ’
491 4507 530 4559 ἐπὶ
549 4512 601 4565 τοῖς
620 4511 700 4560 Arist,
720 4513 736 4560 ι,
751 4528 772 4560 0,
976 4503 1029 4550 sint
1046 4502 1078 4550 cf.
1090 4502 1160 4551 Ptol.
1175 4518 1200 4566 ρ.
1210 4500 1244 4553 46
1260 4496 1271 4564 Vl
1290 4500 1321 4552 14
1340 4499 1394 4568 περὶ
1408 4496 1506 4568 φύσεως
1524 4502 1554 4550 cf.
1569 4517 1591 4550 ο.
1606 4498 1630 4550 1.

977 4607 1098 4615 -οψ--ι
1112 4606 1191 4613 .---.
1237 4606 1240 4610 ·
1266 4605 1625 4613 ——.—-..-.-.....—-

977 4656 1146 4708 ALIORUM
1164 4657 1214 4706 EX
1235 4654 1346 4707 ΑΕΤΙΟ
1365 4655 1560 4706 ΕΧΟΕΒΡΤΑ

1011 4740 1049 4795 22
1064 4744 1079 4794 6
1098 4739 1264 4799 Τλοθύυῑσί.
1278 4743 1316 4791 VI
1337 4742 1369 4794 15
1385 4737 1587 4808 Ἀναξαγόρας
1604 4739 1631 4791 δί

976 4830 1020 4882 καί
1042 4826 1237 4899 Δημόκριτος
1260 4829 1303 4880 κοιλ
1322 4828 1345 4879 οἱ
1363 4828 1393 4880 ἰκ
1413 4831 1458 4896 τῆς
1481 4824 1631 4896 Ποικίλης

977 4914 1150 4984 ώνομασμίνοι
1168 4915 1260 4986 ἄθηλον
1278 4916 1358 4968 αἰτίαν
1376 4912 1525 4985 ἀνθρωπίνῳ
1544 4912 1618 4983 λόγῳ.
