<?xml version="1.0" encoding="UTF-8"?>
<!DOCTYPE html PUBLIC "-//W3C//DTD XHTML 1.0 Transitional//EN"
    "http://www.w3.org/TR/xhtml1/DTD/xhtml1-transitional.dtd">
<html xmlns="http://www.w3.org/1999/xhtml" xml:lang="en" lang="en">
 <head>
  <title>
</title>
<meta http-equiv="Content-Type" content="text/html;charset=utf-8" />
  <meta name='ocr-system' content='tesseract 3.04.00' />
  <meta name='ocr-capabilities' content='ocr_page ocr_carea ocr_par ocr_line ocrx_word'/>
</head>
<body>
  <div class='ocr_page' id='page_1' title='image "./doxographigraec00dielgoog/doxographigraec00dielgoog_0258.png"; bbox 0 0 3442 5588; ppageno 0'>
   <div class='ocr_carea' id='block_1_1' title="bbox 652 346 1462 409">
    <p class='ocr_par' dir='ltr' id='par_1_1' title="bbox 652 346 1462 409">
     <span class='ocr_line' id='line_1_1' title="bbox 652 346 1462 409; baseline 0 -13"><span class='ocrx_word' id='word_1_1' title='bbox 652 346 927 397; x_wconf 80' lang='lat' dir='ltr'><strong>PROLEGOMENA</strong></span> <span class='ocrx_word' id='word_1_2' title='bbox 1401 346 1462 409; x_wconf 73' lang='lat'><strong>‘237</strong></span> 
     </span>
    </p>
   </div>
   <div class='ocr_carea' id='block_1_2' title="bbox 99 513 1484 3865">
    <p class='ocr_par' dir='ltr' id='par_1_2' title="bbox 99 513 1484 3559">
     <span class='ocr_line' id='line_1_2' title="bbox 101 513 1464 593; baseline 0.002 -18"><span class='ocrx_word' id='word_1_3' title='bbox 101 514 228 593; x_wconf 81' lang='lat' dir='ltr'><strong>copiam</strong></span> <span class='ocrx_word' id='word_1_4' title='bbox 248 513 337 592; x_wconf 70' lang='lat' dir='ltr'><strong>tecit,</strong></span> <span class='ocrx_word' id='word_1_5' title='bbox 365 513 437 575; x_wconf 88' lang='lat' dir='ltr'><strong>dam</strong></span> <span class='ocrx_word' id='word_1_6' title='bbox 460 513 578 576; x_wconf 82' lang='lat' dir='ltr'><strong>Caesar</strong></span> <span class='ocrx_word' id='word_1_7' title='bbox 604 515 786 578; x_wconf 84' lang='lat' dir='ltr'><strong>ann01539</strong></span> <span class='ocrx_word' id='word_1_8' title='bbox 814 523 893 577; x_wconf 74' lang='lat' dir='ltr'><strong>meet</strong></span> <span class='ocrx_word' id='word_1_9' title='bbox 915 516 1074 590; x_wconf 79' lang='lat' dir='ltr'><strong>(landari,</strong></span> <span class='ocrx_word' id='word_1_10' title='bbox 1098 515 1279 578; x_wconf 76' lang='lat' dir='ltr'><strong><em>Hadrianus</em></strong></span> <span class='ocrx_word' id='word_1_11' title='bbox 1301 536 1323 578; x_wconf 94' lang='lat' dir='ltr'><strong>a</strong></span> <span class='ocrx_word' id='word_1_12' title='bbox 1345 517 1464 579; x_wconf 87' lang='lat' dir='ltr'><strong>Corone</strong></span> 
     </span>
     <span class='ocr_line' id='line_1_3' title="bbox 102 615 1464 698; baseline 0.004 -22"><span class='ocrx_word' id='word_1_13' title='bbox 102 616 155 676; x_wconf 83' lang='lat' dir='ltr'><strong>eir</strong></span> <span class='ocrx_word' id='word_1_14' title='bbox 175 615 229 676; x_wconf 85' lang='lat' dir='ltr'><strong>ille</strong></span> <span class='ocrx_word' id='word_1_15' title='bbox 257 619 385 678; x_wconf 90' lang='lat' dir='ltr'><strong>natione</strong></span> <span class='ocrx_word' id='word_1_16' title='bbox 407 618 546 678; x_wconf 70' lang='lat' dir='ltr'><strong>Graeca</strong></span> <span class='ocrx_word' id='word_1_17' title='bbox 572 617 809 679; x_wconf 82' lang='lat' dir='ltr'><strong>eruditissimas.</strong></span> <span class='ocrx_word' id='word_1_18' title='bbox 845 618 929 698; x_wconf 84' lang='lat' dir='ltr'><strong>qaod</strong></span> <span class='ocrx_word' id='word_1_19' title='bbox 957 618 1118 697; x_wconf 76' lang='lat' dir='ltr'><strong>exemplar</strong></span> <span class='ocrx_word' id='word_1_20' title='bbox 1144 619 1251 680; x_wconf 84' lang='lat' dir='ltr'><strong>sedato</strong></span> <span class='ocrx_word' id='word_1_21' title='bbox 1281 620 1464 681; x_wconf 74' lang='lat' dir='ltr'><em>moliebatur</em></span> 
     </span>
     <span class='ocr_line' id='line_1_4' title="bbox 100 717 1465 800; baseline 0.004 -21"><span class='ocrx_word' id='word_1_22' title='bbox 100 717 239 779; x_wconf 69' lang='lat' dir='ltr'><strong>suadae</strong></span> <span class='ocrx_word' id='word_1_23' title='bbox 260 721 394 798; x_wconf 81' lang='lat' dir='ltr'><strong>propria</strong></span> <span class='ocrx_word' id='word_1_24' title='bbox 416 720 527 781; x_wconf 86' lang='lat' dir='ltr'><strong>Galeni</strong></span> <span class='ocrx_word' id='word_1_25' title='bbox 548 737 642 781; x_wconf 88' lang='lat' dir='ltr'><strong>mann</strong></span> <span class='ocrx_word' id='word_1_26' title='bbox 664 728 830 781; x_wconf 75' lang='lat' dir='ltr'><strong>exaratam</strong></span> <span class='ocrx_word' id='word_1_27' title='bbox 851 720 959 799; x_wconf 66' lang='lat' dir='ltr'><strong>framea.</strong></span> <span class='ocrx_word' id='word_1_28' title='bbox 1006 731 1116 782; x_wconf 83' lang='lat' dir='ltr'><strong>naotrrs</strong></span> <span class='ocrx_word' id='word_1_29' title='bbox 1138 722 1233 800; x_wconf 79' lang='lat' dir='ltr'><strong>ipitar</strong></span> <span class='ocrx_word' id='word_1_30' title='bbox 1255 723 1387 797; x_wconf 87' lang='lat' dir='ltr'><strong>tandem,</strong></span> <span class='ocrx_word' id='word_1_31' title='bbox 1409 724 1465 784; x_wconf 83' lang='lat' dir='ltr'><strong>oia</strong></span> 
     </span>
     <span class='ocr_line' id='line_1_5' title="bbox 99 821 1465 904; baseline 0.004 -23"><span class='ocrx_word' id='word_1_32' title='bbox 99 821 210 882; x_wconf 80' lang='lat' dir='ltr'><strong>maltis</strong></span> <span class='ocrx_word' id='word_1_33' title='bbox 231 821 386 900; x_wconf 69' lang='lat' dir='ltr'><strong>precibus,</strong></span> <span class='ocrx_word' id='word_1_34' title='bbox 408 824 442 884; x_wconf 91' lang='lat' dir='ltr'><strong>in</strong></span> <span class='ocrx_word' id='word_1_35' title='bbox 465 823 532 884; x_wconf 80' lang='lat' dir='ltr'><strong>dies</strong></span> <span class='ocrx_word' id='word_1_36' title='bbox 554 823 671 904; x_wconf 77' lang='lat' dir='ltr'><em>aliquot</em></span> <span class='ocrx_word' id='word_1_37' title='bbox 691 825 725 883; x_wconf 88' lang='lat' dir='ltr'><strong>id</strong></span> <span class='ocrx_word' id='word_1_38' title='bbox 740 823 834 885; x_wconf 85' lang='lat' dir='ltr'><strong>multo</strong></span> <span class='ocrx_word' id='word_1_39' title='bbox 859 822 1061 883; x_wconf 83' lang='lat' dir='ltr'><strong>emaculatias</strong></span> <span class='ocrx_word' id='word_1_40' title='bbox 1084 823 1243 902; x_wconf 83' lang='lat' dir='ltr'><strong>eaamplar</strong></span> <span class='ocrx_word' id='word_1_41' title='bbox 1265 844 1342 903; x_wconf 84' lang='lat' dir='ltr'><strong>opas</strong></span> <span class='ocrx_word' id='word_1_42' title='bbox 1364 828 1465 903; x_wconf 83' lang='lat' dir='ltr'><strong>ipsam</strong></span> 
     </span>
     <span class='ocr_line' id='line_1_6' title="bbox 100 923 1484 1014; baseline 0.002 -29"><span class='ocrx_word' id='word_1_43' title='bbox 100 941 197 1004; x_wconf 76' lang='lat' dir='ltr'><strong>paam</strong></span> <span class='ocrx_word' id='word_1_44' title='bbox 210 923 390 1002; x_wconf 74' lang='lat' dir='ltr'><strong>fidelissime</strong></span> <span class='ocrx_word' id='word_1_45' title='bbox 404 926 473 1003; x_wconf 77' lang='lat' dir='ltr'><strong>fieri</strong></span> <span class='ocrx_word' id='word_1_46' title='bbox 485 927 596 1006; x_wconf 87' lang='lat' dir='ltr'><strong>potnit,</strong></span> <span class='ocrx_word' id='word_1_47' title='bbox 619 927 756 987; x_wconf 72' lang='lat' dir='ltr'><strong>conanti</strong></span> <span class='ocrx_word' id='word_1_48' title='bbox 771 925 918 987; x_wconf 72' lang='lat' dir='ltr'><strong><em>adhibitis</em></strong></span> <span class='ocrx_word' id='word_1_49' title='bbox 935 926 1026 985; x_wconf 88' lang='lat' dir='ltr'><strong>ctiam</strong></span> <span class='ocrx_word' id='word_1_50' title='bbox 1041 927 1074 985; x_wconf 90' lang='lat' dir='ltr'><strong>in</strong></span> <span class='ocrx_word' id='word_1_51' title='bbox 1089 926 1223 987; x_wconf 87' lang='lat' dir='ltr'><strong>stadium</strong></span> <span class='ocrx_word' id='word_1_52' title='bbox 1246 927 1320 987; x_wconf 87' lang='lat' dir='ltr'><strong>aliis</strong></span> <span class='ocrx_word' id='word_1_53' title='bbox 1343 928 1464 988; x_wconf 86' lang='lat' dir='ltr'><strong>codici-</strong></span> <span class='ocrx_word' id='word_1_54' title='bbox 1480 1006 1484 1014; x_wconf 30' lang='grc' dir='ltr'>Ι</span> 
     </span>
     <span class='ocr_line' id='line_1_7' title="bbox 100 1025 1463 1109; baseline 0.002 -21"><span class='ocrx_word' id='word_1_55' title='bbox 100 1025 159 1088; x_wconf 77' lang='lat' dir='ltr'><strong>bar</strong></span> <span class='ocrx_word' id='word_1_56' title='bbox 181 1045 262 1107; x_wconf 74' lang='lat' dir='ltr'><strong>ortae</strong></span> <span class='ocrx_word' id='word_1_57' title='bbox 284 1045 402 1089; x_wconf 67' lang='lat' dir='ltr'><strong>marna</strong></span> <span class='ocrx_word' id='word_1_58' title='bbox 423 1029 503 1090; x_wconf 88' lang='lat' dir='ltr'><strong>inter</strong></span> <span class='ocrx_word' id='word_1_59' title='bbox 524 1029 734 1090; x_wconf 81' lang='lat' dir='ltr'><strong>studiosorum</strong></span> <span class='ocrx_word' id='word_1_60' title='bbox 755 1046 865 1091; x_wconf 84' lang='lat' dir='ltr'><strong>manas</strong></span> <span class='ocrx_word' id='word_1_61' title='bbox 887 1026 1071 1090; x_wconf 83' lang='lat' dir='ltr'><strong>oersantar&#39;.</strong></span> <span class='ocrx_word' id='word_1_62' title='bbox 1105 1047 1145 1091; x_wconf 89' lang='lat' dir='ltr'><strong>en</strong></span> <span class='ocrx_word' id='word_1_63' title='bbox 1169 1047 1288 1109; x_wconf 84' lang='lat' dir='ltr'><strong>magna</strong></span> <span class='ocrx_word' id='word_1_64' title='bbox 1313 1026 1463 1093; x_wconf 77' lang='lat' dir='ltr'><strong>Graeculi</strong></span> 
     </span>
     <span class='ocr_line' id='line_1_8' title="bbox 99 1124 1465 1211; baseline 0.002 -20"><span class='ocrx_word' id='word_1_65' title='bbox 99 1124 220 1211; x_wconf 80' lang='lat' dir='ltr'><strong>verba,</strong></span> <span class='ocrx_word' id='word_1_66' title='bbox 246 1127 350 1192; x_wconf 88' lang='lat' dir='ltr'><strong>maior</strong></span> <span class='ocrx_word' id='word_1_67' title='bbox 378 1135 487 1194; x_wconf 90' lang='lat' dir='ltr'><strong>autem</strong></span> <span class='ocrx_word' id='word_1_68' title='bbox 513 1129 667 1197; x_wconf 84' lang='lat' dir='ltr'><strong>Lacenae</strong></span> <span class='ocrx_word' id='word_1_69' title='bbox 698 1130 767 1196; x_wconf 89' lang='lat' dir='ltr'><strong>sive</strong></span> <span class='ocrx_word' id='word_1_70' title='bbox 795 1128 968 1196; x_wconf 82' lang='lat' dir='ltr'><strong>credulitas</strong></span> <span class='ocrx_word' id='word_1_71' title='bbox 999 1128 1067 1192; x_wconf 84' lang='lat' dir='ltr'><strong>sive</strong></span> <span class='ocrx_word' id='word_1_72' title='bbox 1098 1129 1244 1194; x_wconf 91' lang='lat' dir='ltr'><strong>audacia.</strong></span> <span class='ocrx_word' id='word_1_73' title='bbox 1291 1149 1365 1193; x_wconf 92' lang='lat' dir='ltr'><strong>nam</strong></span> <span class='ocrx_word' id='word_1_74' title='bbox 1393 1131 1465 1211; x_wconf 88' lang='lat' dir='ltr'><strong>ipsa</strong></span> 
     </span>
     <span class='ocr_line' id='line_1_9' title="bbox 102 1228 1465 1314; baseline 0.001 -21"><span class='ocrx_word' id='word_1_75' title='bbox 102 1229 255 1295; x_wconf 82' lang='lat' dir='ltr'><strong>versione</strong></span> <span class='ocrx_word' id='word_1_76' title='bbox 276 1228 320 1294; x_wconf 89' lang='lat' dir='ltr'><strong>ad</strong></span> <span class='ocrx_word' id='word_1_77' title='bbox 341 1229 495 1295; x_wconf 79' lang='lat' dir='ltr'>amussim</span> <span class='ocrx_word' id='word_1_78' title='bbox 517 1233 705 1297; x_wconf 84' lang='lat' dir='ltr'><strong>examinata</strong></span> <span class='ocrx_word' id='word_1_79' title='bbox 734 1232 905 1314; x_wconf 89' lang='lat' dir='ltr'><strong>nimiisque</strong></span> <span class='ocrx_word' id='word_1_80' title='bbox 933 1230 1104 1296; x_wconf 86' lang='lat' dir='ltr'><strong>verborum</strong></span> <span class='ocrx_word' id='word_1_81' title='bbox 1127 1230 1277 1314; x_wconf 83' lang='lat' dir='ltr'>ampullis</span> <span class='ocrx_word' id='word_1_82' title='bbox 1300 1240 1399 1313; x_wconf 89' lang='lat' dir='ltr'><strong>atque</strong></span> <span class='ocrx_word' id='word_1_83' title='bbox 1420 1231 1465 1295; x_wconf 93' lang='lat' dir='ltr'><strong>in-</strong></span> 
     </span>
     <span class='ocr_line' id='line_1_10' title="bbox 103 1330 1463 1415; baseline 0.003 -20"><span class='ocrx_word' id='word_1_84' title='bbox 103 1330 248 1396; x_wconf 81' lang='lat' dir='ltr'><strong>volnera</strong></span> <span class='ocrx_word' id='word_1_85' title='bbox 270 1331 412 1415; x_wconf 89' lang='lat' dir='ltr'><strong>remotis,</strong></span> <span class='ocrx_word' id='word_1_86' title='bbox 435 1331 513 1415; x_wconf 90' lang='lat' dir='ltr'><strong>quid</strong></span> <span class='ocrx_word' id='word_1_87' title='bbox 534 1332 665 1399; x_wconf 90' lang='lat' dir='ltr'><strong>tandem</strong></span> <span class='ocrx_word' id='word_1_88' title='bbox 688 1334 857 1400; x_wconf 78' lang='lat' dir='ltr'><strong>invenies?</strong></span> <span class='ocrx_word' id='word_1_89' title='bbox 879 1333 975 1398; x_wconf 92' lang='lat' dir='ltr'><strong>utiles</strong></span> <span class='ocrx_word' id='word_1_90' title='bbox 998 1332 1153 1397; x_wconf 89' lang='lat' dir='ltr'><strong>lectiones</strong></span> <span class='ocrx_word' id='word_1_91' title='bbox 1169 1352 1316 1415; x_wconf 90' lang='lat' dir='ltr'><strong>quaeque</strong></span> <span class='ocrx_word' id='word_1_92' title='bbox 1339 1335 1463 1400; x_wconf 87' lang='lat' dir='ltr'><strong>meliori</strong></span> 
     </span>
     <span class='ocr_line' id='line_1_11' title="bbox 104 1431 1463 1520; baseline 0.004 -23"><span class='ocrx_word' id='word_1_93' title='bbox 104 1432 211 1497; x_wconf 88' lang='lat' dir='ltr'><strong>codici</strong></span> <span class='ocrx_word' id='word_1_94' title='bbox 231 1431 371 1500; x_wconf 81' lang='lat' dir='ltr'><strong>fortasse</strong></span> <span class='ocrx_word' id='word_1_95' title='bbox 393 1433 552 1501; x_wconf 81' lang='lat' dir='ltr'><strong>debentur</strong></span> <span class='ocrx_word' id='word_1_96' title='bbox 574 1434 710 1520; x_wconf 89' lang='lat' dir='ltr'><strong>(sedne</strong></span> <span class='ocrx_word' id='word_1_97' title='bbox 731 1436 766 1500; x_wconf 92' lang='lat' dir='ltr'><strong>id</strong></span> <span class='ocrx_word' id='word_1_98' title='bbox 788 1435 917 1519; x_wconf 91' lang='lat' dir='ltr'><strong>quidem</strong></span> <span class='ocrx_word' id='word_1_99' title='bbox 940 1436 1076 1516; x_wconf 89' lang='lat' dir='ltr'><strong>eertum)</strong></span> <span class='ocrx_word' id='word_1_100' title='bbox 1097 1434 1339 1518; x_wconf 88' lang='lat' dir='ltr'><strong>paucissimas¹,</strong></span> <span class='ocrx_word' id='word_1_101' title='bbox 1362 1439 1463 1502; x_wconf 91' lang='lat' dir='ltr'><strong>multo</strong></span> 
     </span>
     <span class='ocr_line' id='line_1_12' title="bbox 105 1533 1462 1621; baseline 0.004 -22"><span class='ocrx_word' id='word_1_102' title='bbox 105 1533 240 1618; x_wconf 87' lang='lat' dir='ltr'><strong>saepius</strong></span> <span class='ocrx_word' id='word_1_103' title='bbox 261 1540 389 1602; x_wconf 89' lang='lat' dir='ltr'><strong>veteres</strong></span> <span class='ocrx_word' id='word_1_104' title='bbox 405 1536 582 1602; x_wconf 88' lang='lat' dir='ltr'><strong>editionum</strong></span> <span class='ocrx_word' id='word_1_105' title='bbox 598 1538 740 1621; x_wconf 82' lang='lat' dir='ltr'><strong>priorum</strong></span> <span class='ocrx_word' id='word_1_106' title='bbox 756 1536 891 1603; x_wconf 76' lang='lat' dir='ltr'><strong>sordes²</strong></span> <span class='ocrx_word' id='word_1_107' title='bbox 906 1536 1087 1603; x_wconf 76' lang='lat' dir='ltr'><strong>incredibili</strong></span> <span class='ocrx_word' id='word_1_108' title='bbox 1108 1536 1286 1621; x_wconf 87' lang='lat' dir='ltr'><strong>pertinacia</strong></span> <span class='ocrx_word' id='word_1_109' title='bbox 1308 1545 1462 1604; x_wconf 81' lang='lat' dir='ltr'><strong>recoctus.</strong></span> 
     </span>
     <span class='ocr_line' id='line_1_13' title="bbox 102 1634 1463 1722; baseline 0.004 -22"><span class='ocrx_word' id='word_1_110' title='bbox 102 1635 203 1718; x_wconf 75' lang='lat' dir='ltr'><strong>qnid?</strong></span> <span class='ocrx_word' id='word_1_111' title='bbox 233 1634 320 1718; x_wconf 90' lang='lat' dir='ltr'><strong>quod</strong></span> <span class='ocrx_word' id='word_1_112' title='bbox 353 1636 551 1705; x_wconf 91' lang='lat' dir='ltr'><strong>Basileensis</strong></span> <span class='ocrx_word' id='word_1_113' title='bbox 585 1639 737 1706; x_wconf 88' lang='lat' dir='ltr'><strong>editionis</strong></span> <span class='ocrx_word' id='word_1_114' title='bbox 769 1639 964 1706; x_wconf 88' lang='lat' dir='ltr'><strong>certissimas</strong></span> <span class='ocrx_word' id='word_1_115' title='bbox 988 1640 1232 1706; x_wconf 86' lang='lat' dir='ltr'><strong>emendationes</strong></span> <span class='ocrx_word' id='word_1_116' title='bbox 1265 1637 1368 1722; x_wconf 85' lang='lat' dir='ltr'><strong>(velat</strong></span> <span class='ocrx_word' id='word_1_117' title='bbox 1393 1661 1420 1704; x_wconf 92' lang='lat' dir='ltr'><strong>o.</strong></span> <span class='ocrx_word' id='word_1_118' title='bbox 1444 1642 1463 1705; x_wconf 85' lang='lat'>3</span> 
     </span>
     <span class='ocr_line' id='line_1_14' title="bbox 102 1737 1465 1825; baseline 0.003 -22"><span class='ocrx_word' id='word_1_119' title='bbox 102 1737 441 1821; x_wconf 63' lang='lat' dir='ltr'><strong>praetermiseritis</strong></span> <span class='ocrx_word' id='word_1_120' title='bbox 466 1739 584 1806; x_wconf 84' lang='lat' dir='ltr'><strong>falsum</strong></span> <span class='ocrx_word' id='word_1_121' title='bbox 615 1763 733 1809; x_wconf 89' lang='lat' dir='ltr'><strong>nomen</strong></span> <span class='ocrx_word' id='word_1_122' title='bbox 759 1742 825 1808; x_wconf 91' lang='lat' dir='ltr'><strong>illio</strong></span> <span class='ocrx_word' id='word_1_123' title='bbox 859 1743 902 1807; x_wconf 91' lang='lat' dir='ltr'><strong>ad</strong></span> <span class='ocrx_word' id='word_1_124' title='bbox 937 1743 1114 1824; x_wconf 81' lang='lat' dir='ltr'><strong>marginem</strong></span> <span class='ocrx_word' id='word_1_125' title='bbox 1141 1742 1173 1806; x_wconf 92' lang='lat' dir='ltr'><strong>in</strong></span> <span class='ocrx_word' id='word_1_126' title='bbox 1198 1740 1370 1825; x_wconf 74' lang='grc' dir='ltr'>Μενέδημον</span> <span class='ocrx_word' id='word_1_127' title='bbox 1399 1763 1465 1807; x_wconf 90' lang='lat' dir='ltr'><strong>eor-</strong></span> 
     </span>
     <span class='ocr_line' id='line_1_15' title="bbox 100 1839 1465 1927; baseline 0.001 -23"><span class='ocrx_word' id='word_1_128' title='bbox 100 1846 226 1906; x_wconf 86' lang='lat' dir='ltr'><strong>rectum</strong></span> <span class='ocrx_word' id='word_1_129' title='bbox 250 1847 283 1906; x_wconf 89' lang='lat' dir='ltr'><strong>et</strong></span> <span class='ocrx_word' id='word_1_130' title='bbox 304 1839 384 1924; x_wconf 87' lang='lat' dir='ltr'><strong>alia)</strong></span> <span class='ocrx_word' id='word_1_131' title='bbox 405 1861 485 1924; x_wconf 92' lang='lat' dir='ltr'><strong>prae</strong></span> <span class='ocrx_word' id='word_1_132' title='bbox 501 1842 619 1910; x_wconf 79' lang='lat' dir='ltr'><strong>Galeni</strong></span> <span class='ocrx_word' id='word_1_133' title='bbox 634 1846 757 1911; x_wconf 88' lang='lat' dir='ltr'><strong>scilicet</strong></span> <span class='ocrx_word' id='word_1_134' title='bbox 778 1844 988 1927; x_wconf 85' lang='lat' dir='ltr'><strong>autographo</strong></span> <span class='ocrx_word' id='word_1_135' title='bbox 1012 1850 1204 1927; x_wconf 88' lang='lat' dir='ltr'><strong>aspernatus</strong></span> <span class='ocrx_word' id='word_1_136' title='bbox 1227 1848 1286 1907; x_wconf 91' lang='lat' dir='ltr'><strong>est.</strong></span> <span class='ocrx_word' id='word_1_137' title='bbox 1310 1843 1387 1925; x_wconf 86' lang='lat' dir='ltr'><strong>quid</strong></span> <span class='ocrx_word' id='word_1_138' title='bbox 1409 1844 1465 1926; x_wconf 82' lang='lat' dir='ltr'><strong>igi-</strong></span> 
     </span>
     <span class='ocr_line' id='line_1_16' title="bbox 103 1941 1464 2014; baseline 0.003 -8"><span class='ocrx_word' id='word_1_139' title='bbox 103 1948 158 2006; x_wconf 87' lang='lat' dir='ltr'><strong>tur</strong></span> <span class='ocrx_word' id='word_1_140' title='bbox 185 1942 228 2008; x_wconf 90' lang='lat' dir='ltr'><strong>de</strong></span> <span class='ocrx_word' id='word_1_141' title='bbox 255 1941 388 2008; x_wconf 90' lang='lat' dir='ltr'><strong>mirifico</strong></span> <span class='ocrx_word' id='word_1_142' title='bbox 415 1943 472 2010; x_wconf 95' lang='lat' dir='ltr'><strong>illo</strong></span> <span class='ocrx_word' id='word_1_143' title='bbox 495 1947 653 2014; x_wconf 89' lang='lat' dir='ltr'><strong>Hadriani</strong></span> <span class='ocrx_word' id='word_1_144' title='bbox 687 1947 821 2013; x_wconf 76' lang='lat' dir='ltr'><strong>codiee?</strong></span> <span class='ocrx_word' id='word_1_145' title='bbox 855 1945 1065 2011; x_wconf 89' lang='lat' dir='ltr'><strong>mentitumne</strong></span> <span class='ocrx_word' id='word_1_146' title='bbox 1098 1945 1267 2010; x_wconf 89' lang='lat' dir='ltr'><strong>credamus</strong></span> <span class='ocrx_word' id='word_1_147' title='bbox 1299 1944 1464 2010; x_wconf 84' lang='lat' dir='ltr'><strong>Lacunam</strong></span> 
     </span>
     <span class='ocr_line' id='line_1_17' title="bbox 103 2042 1464 2132; baseline 0.002 -24"><span class='ocrx_word' id='word_1_148' title='bbox 103 2042 266 2109; x_wconf 90' lang='lat' dir='ltr'><strong>medicum</strong></span> <span class='ocrx_word' id='word_1_149' title='bbox 300 2044 543 2114; x_wconf 88' lang='lat' dir='ltr'><strong>celeberrimum</strong></span> <span class='ocrx_word' id='word_1_150' title='bbox 577 2070 616 2115; x_wconf 92' lang='lat' dir='ltr'><strong>ac</strong></span> <span class='ocrx_word' id='word_1_151' title='bbox 649 2049 808 2131; x_wconf 82' lang='lat' dir='ltr'><strong>dignitate</strong></span> <span class='ocrx_word' id='word_1_152' title='bbox 840 2047 928 2132; x_wconf 91' lang='lat' dir='ltr'><strong>apud</strong></span> <span class='ocrx_word' id='word_1_153' title='bbox 962 2045 1203 2129; x_wconf 88' lang='lat' dir='ltr'><strong>potentissimos</strong></span> <span class='ocrx_word' id='word_1_154' title='bbox 1235 2045 1321 2110; x_wconf 92' lang='lat' dir='ltr'><strong>illius</strong></span> <span class='ocrx_word' id='word_1_155' title='bbox 1347 2047 1464 2113; x_wconf 91' lang='lat' dir='ltr'><strong>aetatis</strong></span> 
     </span>
     <span class='ocr_line' id='line_1_18' title="bbox 104 2144 1463 2237; baseline 0.002 -27"><span class='ocrx_word' id='word_1_156' title='bbox 104 2144 304 2212; x_wconf 83' lang='lat' dir='ltr'><strong>CarolumV</strong></span> <span class='ocrx_word' id='word_1_157' title='bbox 327 2155 358 2215; x_wconf 91' lang='lat' dir='ltr'><strong>et</strong></span> <span class='ocrx_word' id='word_1_158' title='bbox 381 2149 497 2216; x_wconf 88' lang='lat' dir='ltr'><strong>lulium</strong></span> <span class='ocrx_word' id='word_1_159' title='bbox 512 2151 561 2216; x_wconf 93' lang='grc' dir='ltr'><strong>ΠΙ</strong></span> <span class='ocrx_word' id='word_1_160' title='bbox 583 2170 703 2237; x_wconf 91' lang='lat' dir='ltr'><strong>papam</strong></span> <span class='ocrx_word' id='word_1_161' title='bbox 725 2148 1005 2214; x_wconf 76' lang='lat' dir='ltr'><strong>florentissimum?</strong></span> <span class='ocrx_word' id='word_1_162' title='bbox 1032 2167 1075 2211; x_wconf 89' lang='lat' dir='ltr'><strong>an</strong></span> <span class='ocrx_word' id='word_1_163' title='bbox 1097 2147 1297 2212; x_wconf 86' lang='lat' dir='ltr'><strong>Hadrianum</strong></span> <span class='ocrx_word' id='word_1_164' title='bbox 1319 2148 1463 2229; x_wconf 81' lang='lat' dir='ltr'><strong>ignotum</strong></span> 
     </span>
     <span class='ocr_line' id='line_1_19' title="bbox 104 2247 1464 2332; baseline 0.001 -20"><span class='ocrx_word' id='word_1_165' title='bbox 104 2247 272 2314; x_wconf 89' lang='lat' dir='ltr'><strong>hominem</strong></span> <span class='ocrx_word' id='word_1_166' title='bbox 305 2256 338 2316; x_wconf 90' lang='lat' dir='ltr'><strong>et</strong></span> <span class='ocrx_word' id='word_1_167' title='bbox 371 2270 411 2317; x_wconf 86' lang='lat' dir='ltr'><strong>ex</strong></span> <span class='ocrx_word' id='word_1_168' title='bbox 443 2251 681 2318; x_wconf 88' lang='lat' dir='ltr'><strong>Simonidarum</strong></span> <span class='ocrx_word' id='word_1_169' title='bbox 713 2251 937 2332; x_wconf 87' lang='lat' dir='ltr'><strong>Minarumque</strong></span> <span class='ocrx_word' id='word_1_170' title='bbox 970 2248 1076 2332; x_wconf 89' lang='lat' dir='ltr'><strong>patria</strong></span> <span class='ocrx_word' id='word_1_171' title='bbox 1106 2255 1299 2332; x_wconf 81' lang='lat' dir='ltr'><strong>prognatum</strong></span> <span class='ocrx_word' id='word_1_172' title='bbox 1333 2249 1464 2314; x_wconf 88' lang='lat' dir='ltr'><strong>crimine</strong></span> 
     </span>
     <span class='ocr_line' id='line_1_20' title="bbox 103 2349 1465 2435; baseline 0 -19"><span class='ocrx_word' id='word_1_173' title='bbox 103 2349 180 2417; x_wconf 83' lang='lat' dir='ltr'><strong>falsi</strong></span> <span class='ocrx_word' id='word_1_174' title='bbox 203 2351 460 2435; x_wconf 78' lang='lat' dir='ltr'><strong>postulabimus?</strong></span> <span class='ocrx_word' id='word_1_175' title='bbox 489 2354 566 2418; x_wconf 94' lang='lat' dir='ltr'><strong>nolo</strong></span> <span class='ocrx_word' id='word_1_176' title='bbox 593 2373 726 2419; x_wconf 89' lang='lat' dir='ltr'><strong>causam</strong></span> <span class='ocrx_word' id='word_1_177' title='bbox 751 2353 908 2419; x_wconf 85' lang='lat' dir='ltr'><strong>incertam</strong></span> <span class='ocrx_word' id='word_1_178' title='bbox 938 2349 1130 2417; x_wconf 87' lang='lat' dir='ltr'><strong>coniecturis</strong></span> <span class='ocrx_word' id='word_1_179' title='bbox 1151 2349 1346 2432; x_wconf 89' lang='lat' dir='ltr'><strong>diiudicare,</strong></span> <span class='ocrx_word' id='word_1_180' title='bbox 1375 2370 1465 2433; x_wconf 90' lang='lat' dir='ltr'><strong>prae-</strong></span> 
     </span>
     <span class='ocr_line' id='line_1_21' title="bbox 103 2451 1464 2539; baseline 0 -22"><span class='ocrx_word' id='word_1_181' title='bbox 103 2451 216 2517; x_wconf 84' lang='lat' dir='ltr'><strong>sertim</strong></span> <span class='ocrx_word' id='word_1_182' title='bbox 238 2472 311 2517; x_wconf 88' lang='lat' dir='ltr'><strong>cum</strong></span> <span class='ocrx_word' id='word_1_183' title='bbox 341 2453 383 2519; x_wconf 91' lang='lat' dir='ltr'><strong>de</strong></span> <span class='ocrx_word' id='word_1_184' title='bbox 409 2453 523 2519; x_wconf 89' lang='lat' dir='ltr'><strong>similis</strong></span> <span class='ocrx_word' id='word_1_185' title='bbox 549 2455 770 2539; x_wconf 88' lang='lat' dir='ltr'><strong>praestantiae</strong></span> <span class='ocrx_word' id='word_1_186' title='bbox 802 2453 912 2519; x_wconf 92' lang='lat' dir='ltr'><strong>codice</strong></span> <span class='ocrx_word' id='word_1_187' title='bbox 936 2451 1151 2533; x_wconf 90' lang='lat' dir='ltr'><strong>Dioscoridis,</strong></span> <span class='ocrx_word' id='word_1_188' title='bbox 1178 2470 1273 2533; x_wconf 92' lang='lat' dir='ltr'><strong>quem</strong></span> <span class='ocrx_word' id='word_1_189' title='bbox 1301 2472 1383 2516; x_wconf 89' lang='lat' dir='ltr'><strong>unus</strong></span> <span class='ocrx_word' id='word_1_190' title='bbox 1405 2453 1464 2517; x_wconf 93' lang='lat' dir='ltr'><strong>La·</strong></span> 
     </span>
     <span class='ocr_line' id='line_1_22' title="bbox 102 2553 1464 2641; baseline 0.001 -21"><span class='ocrx_word' id='word_1_191' title='bbox 102 2573 190 2620; x_wconf 89' lang='lat' dir='ltr'><strong>cuna</strong></span> <span class='ocrx_word' id='word_1_192' title='bbox 205 2553 387 2639; x_wconf 87' lang='lat' dir='ltr'><strong>usurpavit,</strong></span> <span class='ocrx_word' id='word_1_193' title='bbox 410 2555 492 2622; x_wconf 92' lang='lat' dir='ltr'><strong>nihil</strong></span> <span class='ocrx_word' id='word_1_194' title='bbox 506 2557 645 2625; x_wconf 90' lang='lat' dir='ltr'><strong>babeam</strong></span> <span class='ocrx_word' id='word_1_195' title='bbox 661 2555 890 2641; x_wconf 80' lang='lat' dir='ltr'><strong>compertum.⁸</strong></span> <span class='ocrx_word' id='word_1_196' title='bbox 912 2555 940 2620; x_wconf 89' lang='lat' dir='ltr'><strong>si</strong></span> <span class='ocrx_word' id='word_1_197' title='bbox 955 2555 1106 2621; x_wconf 81' lang='lat' dir='ltr'><strong>Graeculi</strong></span> <span class='ocrx_word' id='word_1_198' title='bbox 1122 2553 1289 2619; x_wconf 84' lang='lat' dir='ltr'><strong>fraudibus</strong></span> <span class='ocrx_word' id='word_1_199' title='bbox 1309 2555 1464 2639; x_wconf 88' lang='lat' dir='ltr'><strong>deeeptus</strong></span> 
     </span>
     <span class='ocr_line' id='line_1_23' title="bbox 104 2655 1464 2740; baseline 0.001 -19"><span class='ocrx_word' id='word_1_200' title='bbox 104 2662 169 2740; x_wconf 89' lang='lat' dir='ltr'><strong>est,</strong></span> <span class='ocrx_word' id='word_1_201' title='bbox 191 2676 235 2723; x_wconf 91' lang='lat' dir='ltr'><strong>ne</strong></span> <span class='ocrx_word' id='word_1_202' title='bbox 257 2655 353 2722; x_wconf 90' lang='lat' dir='ltr'><strong>nimis</strong></span> <span class='ocrx_word' id='word_1_203' title='bbox 375 2655 567 2725; x_wconf 86' lang='lat' dir='ltr'><strong>irrideamus</strong></span> <span class='ocrx_word' id='word_1_204' title='bbox 589 2659 658 2726; x_wconf 89' lang='lat' dir='ltr'><strong>eius</strong></span> <span class='ocrx_word' id='word_1_205' title='bbox 680 2657 913 2724; x_wconf 89' lang='lat' dir='ltr'><strong>credulitatem.</strong></span> <span class='ocrx_word' id='word_1_206' title='bbox 946 2678 1022 2722; x_wconf 91' lang='lat' dir='ltr'><strong>nam</strong></span> <span class='ocrx_word' id='word_1_207' title='bbox 1043 2663 1135 2722; x_wconf 89' lang='lat' dir='ltr'><strong>tanta</strong></span> <span class='ocrx_word' id='word_1_208' title='bbox 1156 2656 1216 2721; x_wconf 92' lang='lat' dir='ltr'><strong>fuit</strong></span> <span class='ocrx_word' id='word_1_209' title='bbox 1237 2656 1324 2721; x_wconf 91' lang='lat' dir='ltr'><strong>illius</strong></span> <span class='ocrx_word' id='word_1_210' title='bbox 1346 2658 1464 2723; x_wconf 89' lang='lat' dir='ltr'><strong>aetatis</strong></span> 
     </span>
     <span class='ocr_line' id='line_1_24' title="bbox 103 2756 1464 2842; baseline 0.001 -20"><span class='ocrx_word' id='word_1_211' title='bbox 103 2756 136 2822; x_wconf 92' lang='lat' dir='ltr'><strong>in</strong></span> <span class='ocrx_word' id='word_1_212' title='bbox 158 2758 451 2842; x_wconf 87' lang='lat' dir='ltr'><strong>manuscriptorum</strong></span> <span class='ocrx_word' id='word_1_213' title='bbox 473 2761 636 2827; x_wconf 89' lang='lat' dir='ltr'><strong>aetatibus</strong></span> <span class='ocrx_word' id='word_1_214' title='bbox 658 2759 839 2825; x_wconf 90' lang='lat' dir='ltr'><strong>iudicandis</strong></span> <span class='ocrx_word' id='word_1_215' title='bbox 854 2759 1025 2842; x_wconf 91' lang='lat' dir='ltr'><strong>imperitia,</strong></span> <span class='ocrx_word' id='word_1_216' title='bbox 1048 2765 1084 2822; x_wconf 93' lang='lat' dir='ltr'><strong>ut</strong></span> <span class='ocrx_word' id='word_1_217' title='bbox 1106 2758 1233 2823; x_wconf 87' lang='lat' dir='ltr'><strong>codices</strong></span> <span class='ocrx_word' id='word_1_218' title='bbox 1256 2760 1386 2823; x_wconf 88' lang='lat' dir='ltr'><strong>saeculo</strong></span> <span class='ocrx_word' id='word_1_219' title='bbox 1409 2759 1464 2824; x_wconf 83' lang='lat' dir='ltr'><strong>vix</strong></span> 
     </span>
     <span class='ocr_line' id='line_1_25' title="bbox 103 2859 1463 2944; baseline 0.001 -20"><span class='ocrx_word' id='word_1_220' title='bbox 103 2860 290 2944; x_wconf 90' lang='lat' dir='ltr'><strong>superiores</strong></span> <span class='ocrx_word' id='word_1_221' title='bbox 312 2859 486 2926; x_wconf 81' lang='lat' dir='ltr'><strong>infularum</strong></span> <span class='ocrx_word' id='word_1_222' title='bbox 508 2863 581 2928; x_wconf 92' lang='lat' dir='ltr'><strong>loco</strong></span> <span class='ocrx_word' id='word_1_223' title='bbox 605 2861 810 2928; x_wconf 89' lang='lat' dir='ltr'><strong>haberentur.</strong></span> <span class='ocrx_word' id='word_1_224' title='bbox 838 2861 915 2943; x_wconf 91' lang='lat' dir='ltr'><strong>quid</strong></span> <span class='ocrx_word' id='word_1_225' title='bbox 941 2861 1054 2926; x_wconf 89' lang='lat' dir='ltr'><strong>mirum</strong></span> <span class='ocrx_word' id='word_1_226' title='bbox 1083 2860 1111 2925; x_wconf 91' lang='lat' dir='ltr'><strong>si</strong></span> <span class='ocrx_word' id='word_1_227' title='bbox 1132 2861 1302 2942; x_wconf 88' lang='lat' dir='ltr'><strong>aequalem</strong></span> <span class='ocrx_word' id='word_1_228' title='bbox 1326 2861 1463 2927; x_wconf 87' lang='lat' dir='ltr'><strong>fortasse</strong></span> 
     </span>
     <span class='ocr_line' id='line_1_26' title="bbox 103 2960 1464 3046; baseline 0.001 -19"><span class='ocrx_word' id='word_1_229' title='bbox 103 2960 316 3028; x_wconf 86' lang='lat' dir='ltr'><strong>Laurentiani</strong></span> <span class='ocrx_word' id='word_1_230' title='bbox 330 2961 359 3028; x_wconf 86' lang='grc' dir='ltr'>Α</span> <span class='ocrx_word' id='word_1_231' title='bbox 382 2964 590 3032; x_wconf 89' lang='lat' dir='ltr'><strong>venerandas</strong></span> <span class='ocrx_word' id='word_1_232' title='bbox 612 2963 783 3032; x_wconf 86' lang='lat' dir='ltr'><strong>vetustatis</strong></span> <span class='ocrx_word' id='word_1_233' title='bbox 797 2963 975 3031; x_wconf 88' lang='lat' dir='ltr'><strong>censebant</strong></span> <span class='ocrx_word' id='word_1_234' title='bbox 989 2969 1086 3045; x_wconf 87' lang='lat' dir='ltr'><strong>atque</strong></span> <span class='ocrx_word' id='word_1_235' title='bbox 1102 2961 1219 3028; x_wconf 79' lang='lat' dir='ltr'><strong>Galeni</strong></span> <span class='ocrx_word' id='word_1_236' title='bbox 1235 2962 1261 3026; x_wconf 91' lang='lat' dir='ltr'><strong>si</strong></span> <span class='ocrx_word' id='word_1_237' title='bbox 1284 2963 1335 3028; x_wconf 92' lang='lat' dir='ltr'><strong>dis</strong></span> <span class='ocrx_word' id='word_1_238' title='bbox 1358 2964 1464 3046; x_wconf 89' lang='lat' dir='ltr'><strong>placet</strong></span> 
     </span>
     <span class='ocr_line' id='line_1_27' title="bbox 99 3061 1463 3151; baseline 0.002 -24"><span class='ocrx_word' id='word_1_239' title='bbox 99 3061 352 3148; x_wconf 79' lang='lat' dir='ltr'><strong>idiographum?</strong></span> <span class='ocrx_word' id='word_1_240' title='bbox 386 3084 488 3148; x_wconf 90' lang='lat' dir='ltr'><strong>quare</strong></span> <span class='ocrx_word' id='word_1_241' title='bbox 513 3087 579 3132; x_wconf 95' lang='lat' dir='ltr'><strong>non</strong></span> <span class='ocrx_word' id='word_1_242' title='bbox 608 3088 689 3151; x_wconf 92' lang='lat' dir='ltr'><strong>opus</strong></span> <span class='ocrx_word' id='word_1_243' title='bbox 717 3073 767 3132; x_wconf 91' lang='lat' dir='ltr'><strong>est</strong></span> <span class='ocrx_word' id='word_1_244' title='bbox 794 3066 995 3132; x_wconf 90' lang='lat' dir='ltr'><strong>Hadrianum</strong></span> <span class='ocrx_word' id='word_1_245' title='bbox 1025 3065 1174 3131; x_wconf 89' lang='lat' dir='ltr'><strong>incusare</strong></span> <span class='ocrx_word' id='word_1_246' title='bbox 1203 3064 1291 3147; x_wconf 88' lang='lat' dir='ltr'><strong>quod</strong></span> <span class='ocrx_word' id='word_1_247' title='bbox 1313 3066 1463 3148; x_wconf 91' lang='lat' dir='ltr'><strong>antiquos</strong></span> 
     </span>
     <span class='ocr_line' id='line_1_28' title="bbox 102 3165 1463 3251; baseline 0.001 -21"><span class='ocrx_word' id='word_1_248' title='bbox 102 3165 213 3249; x_wconf 81' lang='lat' dir='ltr'><strong>apices</strong></span> <span class='ocrx_word' id='word_1_249' title='bbox 235 3166 379 3232; x_wconf 91' lang='lat' dir='ltr'><strong>imitatus</strong></span> <span class='ocrx_word' id='word_1_250' title='bbox 401 3168 475 3251; x_wconf 89' lang='lat' dir='ltr'><strong>ipse</strong></span> <span class='ocrx_word' id='word_1_251' title='bbox 497 3167 664 3234; x_wconf 89' lang='lat' dir='ltr'><strong>mirificum</strong></span> <span class='ocrx_word' id='word_1_252' title='bbox 680 3169 822 3235; x_wconf 90' lang='lat' dir='ltr'><strong>codicem</strong></span> <span class='ocrx_word' id='word_1_253' title='bbox 838 3167 1016 3233; x_wconf 86' lang='lat' dir='ltr'><strong>fabricatus</strong></span> <span class='ocrx_word' id='word_1_254' title='bbox 1031 3166 1082 3250; x_wconf 93' lang='lat' dir='ltr'><strong>sit,</strong></span> <span class='ocrx_word' id='word_1_255' title='bbox 1106 3166 1167 3232; x_wconf 90' lang='lat' dir='ltr'><strong>etsi</strong></span> <span class='ocrx_word' id='word_1_256' title='bbox 1183 3170 1357 3248; x_wconf 82' lang='lat' dir='ltr'><strong>antiquarii</strong></span> <span class='ocrx_word' id='word_1_257' title='bbox 1376 3167 1463 3231; x_wconf 92' lang='lat' dir='ltr'><strong>illias</strong></span> 
     </span>
     <span class='ocr_line' id='line_1_29' title="bbox 102 3265 1462 3354; baseline 0.002 -24"><span class='ocrx_word' id='word_1_258' title='bbox 102 3265 231 3332; x_wconf 90' lang='lat' dir='ltr'><strong>artificii</strong></span> <span class='ocrx_word' id='word_1_259' title='bbox 253 3289 320 3335; x_wconf 93' lang='lat' dir='ltr'><strong>non</strong></span> <span class='ocrx_word' id='word_1_260' title='bbox 341 3268 445 3352; x_wconf 76' lang='lat' dir='ltr'><strong>ignari</strong></span> <span class='ocrx_word' id='word_1_261' title='bbox 469 3269 617 3335; x_wconf 88' lang='lat' dir='ltr'><strong>solebant</strong></span> <span class='ocrx_word' id='word_1_262' title='bbox 640 3290 721 3337; x_wconf 88' lang='lat' dir='ltr'><strong>csse.</strong></span> <span class='ocrx_word' id='word_1_263' title='bbox 756 3272 815 3337; x_wconf 93' lang='lat' dir='ltr'><strong>sed</strong></span> <span class='ocrx_word' id='word_1_264' title='bbox 838 3270 1070 3354; x_wconf 90' lang='lat' dir='ltr'><strong>qualiscunque</strong></span> <span class='ocrx_word' id='word_1_265' title='bbox 1091 3267 1152 3333; x_wconf 86' lang='lat' dir='ltr'><strong>tuit</strong></span> <span class='ocrx_word' id='word_1_266' title='bbox 1173 3268 1235 3334; x_wconf 91' lang='lat' dir='ltr'><strong>iste</strong></span> <span class='ocrx_word' id='word_1_267' title='bbox 1258 3269 1375 3353; x_wconf 84' lang='lat' dir='ltr'><strong>codex,</strong></span> <span class='ocrx_word' id='word_1_268' title='bbox 1397 3289 1462 3335; x_wconf 91' lang='lat' dir='ltr'><strong>non</strong></span> 
     </span>
     <span class='ocr_line' id='line_1_30' title="bbox 101 3367 1463 3456; baseline 0.001 -23"><span class='ocrx_word' id='word_1_269' title='bbox 101 3367 227 3435; x_wconf 86' lang='lat' dir='ltr'><strong>inutilis</strong></span> <span class='ocrx_word' id='word_1_270' title='bbox 248 3369 310 3436; x_wconf 85' lang='lat' dir='ltr'><strong>fuit</strong></span> <span class='ocrx_word' id='word_1_271' title='bbox 331 3372 494 3455; x_wconf 84' lang='lat' dir='ltr'><strong>Lacenae,</strong></span> <span class='ocrx_word' id='word_1_272' title='bbox 517 3372 637 3456; x_wconf 89' lang='lat' dir='ltr'><strong>quippe</strong></span> <span class='ocrx_word' id='word_1_273' title='bbox 660 3393 723 3455; x_wconf 92' lang='lat' dir='ltr'><strong>quo</strong></span> <span class='ocrx_word' id='word_1_274' title='bbox 746 3373 898 3439; x_wconf 90' lang='lat' dir='ltr'><strong>Martiani</strong></span> <span class='ocrx_word' id='word_1_275' title='bbox 914 3372 1018 3437; x_wconf 89' lang='lat' dir='ltr'><strong>Rotae</strong></span> <span class='ocrx_word' id='word_1_276' title='bbox 1041 3369 1212 3436; x_wconf 90' lang='lat' dir='ltr'><strong>audaciam</strong></span> <span class='ocrx_word' id='word_1_277' title='bbox 1235 3376 1267 3436; x_wconf 90' lang='lat' dir='ltr'><strong>st</strong></span> <span class='ocrx_word' id='word_1_278' title='bbox 1289 3370 1463 3454; x_wconf 90' lang='lat' dir='ltr'><strong>interpola-</strong></span> 
     </span>
     <span class='ocr_line' id='line_1_31' title="bbox 101 3468 1300 3559; baseline 0.002 -26"><span class='ocrx_word' id='word_1_279' title='bbox 101 3468 226 3537; x_wconf 86' lang='lat' dir='ltr'><strong>tionem</strong></span> <span class='ocrx_word' id='word_1_280' title='bbox 248 3472 456 3556; x_wconf 81' lang='lat' dir='ltr'><strong>perspiceret,</strong></span> <span class='ocrx_word' id='word_1_281' title='bbox 479 3492 563 3555; x_wconf 87' lang='lat' dir='ltr'><strong>quae</strong></span> <span class='ocrx_word' id='word_1_282' title='bbox 586 3474 703 3540; x_wconf 75' lang='lat' dir='ltr'><strong>estem</strong></span> <span class='ocrx_word' id='word_1_283' title='bbox 725 3475 879 3559; x_wconf 89' lang='lat' dir='ltr'><strong>deinceps</strong></span> <span class='ocrx_word' id='word_1_284' title='bbox 902 3473 1080 3540; x_wconf 88' lang='lat' dir='ltr'><strong>editoribus</strong></span> <span class='ocrx_word' id='word_1_285' title='bbox 1102 3471 1208 3536; x_wconf 85' lang='lat' dir='ltr'><strong>fraudi</strong></span> <span class='ocrx_word' id='word_1_286' title='bbox 1231 3471 1300 3536; x_wconf 87' lang='lat' dir='ltr'><strong>fuit.</strong></span> 
     </span>
    </p>

    <p class='ocr_par' dir='ltr' id='par_1_3' title="bbox 101 3570 1464 3865">
     <span class='ocr_line' id='line_1_32' title="bbox 188 3570 1462 3659; baseline 0 -22"><span class='ocrx_word' id='word_1_287' title='bbox 188 3570 283 3649; x_wconf 85' lang='lat' dir='ltr'><strong>Quod</strong></span> <span class='ocrx_word' id='word_1_288' title='bbox 304 3593 390 3638; x_wconf 92' lang='lat' dir='ltr'><strong>nnnc</strong></span> <span class='ocrx_word' id='word_1_289' title='bbox 411 3573 452 3639; x_wconf 90' lang='lat' dir='ltr'><strong>de</strong></span> <span class='ocrx_word' id='word_1_290' title='bbox 474 3576 692 3659; x_wconf 91' lang='lat' dir='ltr'><strong>compluribus</strong></span> <span class='ocrx_word' id='word_1_291' title='bbox 715 3576 832 3644; x_wconf 82' lang='lat' dir='ltr'><strong>Galeni</strong></span> <span class='ocrx_word' id='word_1_292' title='bbox 861 3575 950 3641; x_wconf 91' lang='lat' dir='ltr'><strong>libris</strong></span> <span class='ocrx_word' id='word_1_293' title='bbox 978 3580 1105 3640; x_wconf 90' lang='lat' dir='ltr'><strong>constat</strong></span> <span class='ocrx_word' id='word_1_294' title='bbox 1133 3580 1263 3657; x_wconf 88' lang='lat' dir='ltr'><strong>praeter</strong></span> <span class='ocrx_word' id='word_1_295' title='bbox 1284 3573 1462 3657; x_wconf 92' lang='lat' dir='ltr'><strong>principem</strong></span> 
     </span>
     <span class='ocr_line' id='line_1_33' title="bbox 101 3673 1463 3762; baseline 0.002 -25"><span class='ocrx_word' id='word_1_296' title='bbox 101 3673 226 3738; x_wconf 90' lang='lat' dir='ltr'><strong>nullum</strong></span> <span class='ocrx_word' id='word_1_297' title='bbox 247 3674 403 3741; x_wconf 89' lang='lat' dir='ltr'><strong>editorem</strong></span> <span class='ocrx_word' id='word_1_298' title='bbox 426 3677 735 3762; x_wconf 88' lang='lat' dir='ltr'><strong>manuscriptorum</strong></span> <span class='ocrx_word' id='word_1_299' title='bbox 756 3679 909 3744; x_wconf 80' lang='lat' dir='ltr'><strong>auxilium</strong></span> <span class='ocrx_word' id='word_1_300' title='bbox 925 3676 1123 3760; x_wconf 88' lang='lat' dir='ltr'><strong>adhibuisse,</strong></span> <span class='ocrx_word' id='word_1_301' title='bbox 1145 3676 1232 3741; x_wconf 91' lang='lat' dir='ltr'><strong>idem</strong></span> <span class='ocrx_word' id='word_1_302' title='bbox 1255 3673 1298 3742; x_wconf 90' lang='lat' dir='ltr'><strong>de</strong></span> <span class='ocrx_word' id='word_1_303' title='bbox 1320 3675 1463 3740; x_wconf 90' lang='lat' dir='ltr'><strong>Historia</strong></span> 
     </span>
     <span class='ocr_line' id='line_1_34' title="bbox 104 3773 1464 3865; baseline 0.003 -27"><span class='ocrx_word' id='word_1_304' title='bbox 104 3773 299 3860; x_wconf 88' lang='lat' dir='ltr'><strong>philosopha</strong></span> <span class='ocrx_word' id='word_1_305' title='bbox 320 3776 557 3844; x_wconf 86' lang='lat' dir='ltr'><strong>dissertationis</strong></span> <span class='ocrx_word' id='word_1_306' title='bbox 580 3779 687 3863; x_wconf 90' lang='lat' dir='ltr'><strong>priore</strong></span> <span class='ocrx_word' id='word_1_307' title='bbox 710 3787 803 3865; x_wconf 92' lang='lat' dir='ltr'><strong>parte</strong></span> <span class='ocrx_word' id='word_1_308' title='bbox 826 3781 902 3846; x_wconf 92' lang='lat' dir='ltr'><strong>olim</strong></span> <span class='ocrx_word' id='word_1_309' title='bbox 924 3780 1147 3846; x_wconf 88' lang='lat' dir='ltr'><strong>demonstrare</strong></span> <span class='ocrx_word' id='word_1_310' title='bbox 1162 3776 1281 3842; x_wconf 90' lang='lat' dir='ltr'><strong>studui.</strong></span> <span class='ocrx_word' id='word_1_311' title='bbox 1304 3797 1389 3843; x_wconf 91' lang='lat' dir='ltr'><strong>nunc</strong></span> <span class='ocrx_word' id='word_1_312' title='bbox 1409 3776 1464 3842; x_wconf 91' lang='lat' dir='ltr'><strong>do·</strong></span> 
     </span>
    </p>
   </div>
   <div class='ocr_carea' id='block_1_3' title="bbox 91 3964 1465 4988">
    <p class='ocr_par' dir='ltr' id='par_1_4' title="bbox 103 3964 1462 4381">
     <span class='ocr_line' id='line_1_35' title="bbox 173 3964 1462 4039; baseline 0.001 -22"><span class='ocrx_word' id='word_1_313' title='bbox 173 3964 183 3996; x_wconf 89' lang='lat'>¹</span> <span class='ocrx_word' id='word_1_314' title='bbox 202 3977 232 4018; x_wconf 85' lang='lat' dir='ltr'><strong>nt</strong></span> <span class='ocrx_word' id='word_1_315' title='bbox 250 3970 369 4033; x_wconf 85' lang='lat' dir='ltr'><strong>exempla</strong></span> <span class='ocrx_word' id='word_1_316' title='bbox 386 3972 514 4034; x_wconf 82' lang='lat' dir='ltr'><strong>proteram</strong></span> <span class='ocrx_word' id='word_1_317' title='bbox 534 3986 554 4020; x_wconf 91' lang='lat' dir='ltr'><strong>c.</strong></span> <span class='ocrx_word' id='word_1_318' title='bbox 569 3967 585 4020; x_wconf 99' lang='grc'><strong>2</strong></span> <span class='ocrx_word' id='word_1_319' title='bbox 603 3988 628 4035; x_wconf 86' lang='lat' dir='ltr'><strong>p.</strong></span> <span class='ocrx_word' id='word_1_320' title='bbox 642 3968 693 4022; x_wconf 76' lang='lat'><strong>224</strong></span> <span class='ocrx_word' id='word_1_321' title='bbox 712 3968 861 4039; x_wconf 63' lang='grc' dir='ltr'>σαφέστερον</span> <span class='ocrx_word' id='word_1_322' title='bbox 879 3980 907 4020; x_wconf 87' lang='lat' dir='ltr'><strong>ut</strong></span> <span class='ocrx_word' id='word_1_323' title='bbox 925 3973 978 4035; x_wconf 88' lang='lat' dir='ltr'><strong>ipsc</strong></span> <span class='ocrx_word' id='word_1_324' title='bbox 998 3972 1158 4020; x_wconf 80' lang='lat' dir='ltr'><strong>contererem</strong></span> <span class='ocrx_word' id='word_1_325' title='bbox 1178 3972 1284 4029; x_wconf 89' lang='lat' dir='ltr'><strong>omittit,</strong></span> <span class='ocrx_word' id='word_1_326' title='bbox 1303 3967 1350 4018; x_wconf 90' lang='lat' dir='ltr'><strong>c.l</strong></span> <span class='ocrx_word' id='word_1_327' title='bbox 1372 3985 1396 4033; x_wconf 90' lang='lat' dir='ltr'><strong>p.</strong></span> <span class='ocrx_word' id='word_1_328' title='bbox 1411 3965 1462 4018; x_wconf 85' lang='grc'><strong>223</strong></span> 
     </span>
     <span class='ocr_line' id='line_1_36' title="bbox 103 4049 1462 4124; baseline 0.001 -21"><span class='ocrx_word' id='word_1_329' title='bbox 103 4049 283 4122; x_wconf 62' lang='lat' dir='ltr'><strong>bammum</strong></span> <span class='ocrx_word' id='word_1_330' title='bbox 301 4056 362 4105; x_wconf 86' lang='lat' dir='ltr'><strong>olim</strong></span> <span class='ocrx_word' id='word_1_331' title='bbox 381 4059 503 4108; x_wconf 87' lang='lat' dir='ltr'><strong>omissam</strong></span> <span class='ocrx_word' id='word_1_332' title='bbox 522 4058 594 4108; x_wconf 82' lang='lat' dir='ltr'><strong>addit</strong></span> <span class='ocrx_word' id='word_1_333' title='bbox 612 4056 854 4124; x_wconf 72' lang='lat' dir='ltr'><strong>(exploratricem),</strong></span> <span class='ocrx_word' id='word_1_334' title='bbox 873 4055 924 4108; x_wconf 79' lang='grc' dir='ltr'><strong>ο.2</strong></span> <span class='ocrx_word' id='word_1_335' title='bbox 942 4077 967 4124; x_wconf 90' lang='lat' dir='ltr'><strong>p.</strong></span> <span class='ocrx_word' id='word_1_336' title='bbox 981 4054 1031 4108; x_wconf 86' lang='grc'><strong>224</strong></span> <span class='ocrx_word' id='word_1_337' title='bbox 1051 4051 1199 4124; x_wconf 68' lang='grc' dir='ltr'>χρηστοήθη</span> <span class='ocrx_word' id='word_1_338' title='bbox 1218 4058 1295 4104; x_wconf 81' lang='lat' dir='ltr'><strong>vertit</strong></span> <span class='ocrx_word' id='word_1_339' title='bbox 1312 4054 1420 4120; x_wconf 78' lang='lat' dir='ltr'><strong>inpenia</strong></span> <span class='ocrx_word' id='word_1_340' title='bbox 1438 4062 1462 4104; x_wconf 91' lang='lat' dir='ltr'><strong>et</strong></span> 
     </span>
     <span class='ocr_line' id='line_1_37' title="bbox 104 4139 1462 4210; baseline 0.001 -20"><span class='ocrx_word' id='word_1_341' title='bbox 104 4155 186 4191; x_wconf 77' lang='lat' dir='ltr'><strong>nores</strong></span> <span class='ocrx_word' id='word_1_342' title='bbox 207 4139 395 4195; x_wconf 72' lang='lat' dir='ltr'><strong>exanimatae.</strong></span> <span class='ocrx_word' id='word_1_343' title='bbox 420 4161 441 4194; x_wconf 87' lang='lat' dir='ltr'><strong>e.</strong></span> <span class='ocrx_word' id='word_1_344' title='bbox 458 4142 474 4193; x_wconf 93' lang='grc'><strong>2</strong></span> <span class='ocrx_word' id='word_1_345' title='bbox 492 4155 557 4196; x_wconf 86' lang='lat' dir='ltr'><strong>extr.</strong></span> <span class='ocrx_word' id='word_1_346' title='bbox 581 4142 622 4196; x_wconf 71' lang='lat' dir='ltr'><strong>tat</strong></span> <span class='ocrx_word' id='word_1_347' title='bbox 644 4141 723 4196; x_wconf 75' lang='grc' dir='ltr'><strong>ταύτά</strong></span> <span class='ocrx_word' id='word_1_348' title='bbox 747 4162 793 4210; x_wconf 91' lang='lat' dir='ltr'><strong>pro</strong></span> <span class='ocrx_word' id='word_1_349' title='bbox 816 4145 896 4194; x_wconf 73' lang='grc' dir='ltr'>ταῦτα</span> <span class='ocrx_word' id='word_1_350' title='bbox 921 4142 1079 4208; x_wconf 74' lang='lat' dir='ltr'><strong>(similiter).</strong></span> <span class='ocrx_word' id='word_1_351' title='bbox 1111 4146 1232 4208; x_wconf 86' lang='lat' dir='ltr'><strong>optimam</strong></span> <span class='ocrx_word' id='word_1_352' title='bbox 1256 4142 1462 4191; x_wconf 87' lang='lat' dir='ltr'><strong>emendationem</strong></span> 
     </span>
     <span class='ocr_line' id='line_1_38' title="bbox 104 4224 1462 4296; baseline 0.001 -20"><span class='ocrx_word' id='word_1_353' title='bbox 104 4226 128 4287; x_wconf 83' lang='lat' dir='ltr'><strong>(a</strong></span> <span class='ocrx_word' id='word_1_354' title='bbox 141 4224 178 4278; x_wconf 85' lang='lat'><strong>35</strong></span> <span class='ocrx_word' id='word_1_355' title='bbox 197 4227 363 4292; x_wconf 78' lang='lat' dir='ltr'><strong>Diagoras</strong></span> <span class='ocrx_word' id='word_1_356' title='bbox 381 4234 477 4281; x_wconf 86' lang='lat' dir='ltr'><strong>omissa</strong></span> <span class='ocrx_word' id='word_1_357' title='bbox 494 4233 592 4296; x_wconf 88' lang='lat' dir='ltr'><strong>patriae</strong></span> <span class='ocrx_word' id='word_1_358' title='bbox 610 4235 715 4283; x_wconf 88' lang='lat' dir='ltr'><strong>nominc</strong></span> <span class='ocrx_word' id='word_1_359' title='bbox 733 4233 884 4293; x_wconf 87' lang='lat' dir='ltr'><strong>restituitur)</strong></span> <span class='ocrx_word' id='word_1_360' title='bbox 903 4248 955 4282; x_wconf 90' lang='lat' dir='ltr'><strong>non</strong></span> <span class='ocrx_word' id='word_1_361' title='bbox 975 4249 1008 4282; x_wconf 85' lang='lat' dir='ltr'><strong>ex</strong></span> <span class='ocrx_word' id='word_1_362' title='bbox 1027 4231 1123 4293; x_wconf 88' lang='lat' dir='ltr'><strong>codiee,</strong></span> <span class='ocrx_word' id='word_1_363' title='bbox 1142 4231 1186 4279; x_wconf 88' lang='lat' dir='ltr'><strong>sed</strong></span> <span class='ocrx_word' id='word_1_364' title='bbox 1206 4245 1238 4279; x_wconf 84' lang='lat' dir='ltr'><strong>ex</strong></span> <span class='ocrx_word' id='word_1_365' title='bbox 1257 4229 1390 4280; x_wconf 85' lang='lat' dir='ltr'><strong>Ciceronis</strong></span> <span class='ocrx_word' id='word_1_366' title='bbox 1409 4244 1462 4277; x_wconf 92' lang='lat' dir='ltr'><strong>me-</strong></span> 
     </span>
     <span class='ocr_line' id='line_1_39' title="bbox 105 4316 612 4381; baseline 0.012 -19"><span class='ocrx_word' id='word_1_367' title='bbox 105 4316 186 4364; x_wconf 81' lang='lat' dir='ltr'><strong>moria</strong></span> <span class='ocrx_word' id='word_1_368' title='bbox 204 4328 286 4378; x_wconf 81' lang='lat' dir='ltr'><strong>qnam</strong></span> <span class='ocrx_word' id='word_1_369' title='bbox 303 4318 357 4381; x_wconf 83' lang='lat' dir='ltr'><strong>ipae</strong></span> <span class='ocrx_word' id='word_1_370' title='bbox 376 4318 485 4368; x_wconf 71' lang='lat' dir='ltr'><strong>adnant</strong></span> <span class='ocrx_word' id='word_1_371' title='bbox 502 4319 612 4368; x_wconf 80' lang='lat' dir='ltr'><strong>reduxit.</strong></span> 
     </span>
    </p>

    <p class='ocr_par' dir='ltr' id='par_1_5' title="bbox 99 4397 1463 4643">
     <span class='ocr_line' id='line_1_40' title="bbox 167 4397 1463 4470; baseline -0.001 -18"><span class='ocrx_word' id='word_1_372' title='bbox 167 4397 313 4467; x_wconf 77' lang='lat' dir='ltr'><strong>’excerpo</strong></span> <span class='ocrx_word' id='word_1_373' title='bbox 337 4405 459 4468; x_wconf 77' lang='lat' dir='ltr'><strong>graviora</strong></span> <span class='ocrx_word' id='word_1_374' title='bbox 481 4406 621 4467; x_wconf 80' lang='lat' dir='ltr'><strong>quaedam:</strong></span> <span class='ocrx_word' id='word_1_375' title='bbox 644 4420 665 4454; x_wconf 90' lang='lat' dir='ltr'><strong>c.</strong></span> <span class='ocrx_word' id='word_1_376' title='bbox 682 4403 694 4453; x_wconf 97' lang='lat' dir='ltr'>l</span> <span class='ocrx_word' id='word_1_377' title='bbox 714 4402 804 4469; x_wconf 76' lang='grc' dir='ltr'>τιμίων</span> <span class='ocrx_word' id='word_1_378' title='bbox 822 4407 926 4456; x_wconf 81' lang='lat' dir='ltr'><strong>retinuit</strong></span> <span class='ocrx_word' id='word_1_379' title='bbox 948 4405 989 4455; x_wconf 89' lang='lat' dir='ltr'><strong>ed.</strong></span> <span class='ocrx_word' id='word_1_380' title='bbox 1008 4408 1088 4469; x_wconf 88' lang='lat' dir='ltr'><strong>princ.</strong></span> <span class='ocrx_word' id='word_1_381' title='bbox 1107 4406 1241 4465; x_wconf 88' lang='lat' dir='ltr'><strong>mendum,</strong></span> <span class='ocrx_word' id='word_1_382' title='bbox 1268 4400 1319 4453; x_wconf 71' lang='lat' dir='ltr'><strong>ab</strong></span> <span class='ocrx_word' id='word_1_383' title='bbox 1338 4399 1463 4470; x_wconf 75' lang='grc' dir='ltr'>σποράδην</span> 
     </span>
     <span class='ocr_line' id='line_1_41' title="bbox 99 4486 1461 4558; baseline 0.004 -21"><span class='ocrx_word' id='word_1_384' title='bbox 99 4503 154 4538; x_wconf 87' lang='lat' dir='ltr'><strong>cnm</strong></span> <span class='ocrx_word' id='word_1_385' title='bbox 174 4488 236 4538; x_wconf 82' lang='lat' dir='ltr'><strong>edd.</strong></span> <span class='ocrx_word' id='word_1_386' title='bbox 254 4491 333 4553; x_wconf 86' lang='lat' dir='ltr'><strong>prior.</strong></span> <span class='ocrx_word' id='word_1_387' title='bbox 353 4492 446 4553; x_wconf 82' lang='lat' dir='ltr'><strong>omisit,</strong></span> <span class='ocrx_word' id='word_1_388' title='bbox 465 4487 518 4542; x_wconf 87' lang='lat' dir='ltr'><strong>e.3</strong></span> <span class='ocrx_word' id='word_1_389' title='bbox 537 4507 562 4555; x_wconf 86' lang='lat' dir='ltr'><strong>p.</strong></span> <span class='ocrx_word' id='word_1_390' title='bbox 576 4488 627 4541; x_wconf 77' lang='grc'><strong>227</strong></span> <span class='ocrx_word' id='word_1_391' title='bbox 646 4487 774 4557; x_wconf 73' lang='lat' dir='ltr'><strong>iperptnip</strong></span> <span class='ocrx_word' id='word_1_392' title='bbox 793 4498 819 4540; x_wconf 89' lang='lat' dir='ltr'><strong>et</strong></span> <span class='ocrx_word' id='word_1_393' title='bbox 837 4488 853 4540; x_wconf 91' lang='grc'><strong>2</strong></span> <span class='ocrx_word' id='word_1_394' title='bbox 871 4509 897 4556; x_wconf 90' lang='lat' dir='ltr'><strong>p.</strong></span> <span class='ocrx_word' id='word_1_395' title='bbox 911 4488 962 4543; x_wconf 86' lang='grc'><strong>229</strong></span> <span class='ocrx_word' id='word_1_396' title='bbox 981 4487 1035 4558; x_wconf 78' lang='grc' dir='ltr'><strong>εἴδη</strong></span> <span class='ocrx_word' id='word_1_397' title='bbox 1055 4509 1112 4542; x_wconf 91' lang='lat' dir='ltr'><strong>cnm</strong></span> <span class='ocrx_word' id='word_1_398' title='bbox 1130 4492 1280 4551; x_wconf 85' lang='lat' dir='ltr'><strong>Basileensi,</strong></span> <span class='ocrx_word' id='word_1_399' title='bbox 1300 4506 1321 4540; x_wconf 81' lang='lat' dir='ltr'><strong>c</strong></span> <span class='ocrx_word' id='word_1_400' title='bbox 1336 4488 1352 4541; x_wconf 83' lang='lat'><strong>3</strong></span> <span class='ocrx_word' id='word_1_401' title='bbox 1371 4507 1396 4554; x_wconf 90' lang='lat' dir='ltr'><strong>p.</strong></span> <span class='ocrx_word' id='word_1_402' title='bbox 1410 4486 1461 4542; x_wconf 89' lang='grc'><strong>226</strong></span> 
     </span>
     <span class='ocr_line' id='line_1_42' title="bbox 99 4572 490 4643; baseline 0.008 -17"><span class='ocrx_word' id='word_1_403' title='bbox 99 4572 238 4627; x_wconf 78' lang='lat' dir='ltr'><strong>Crantes</strong></span> <span class='ocrx_word' id='word_1_404' title='bbox 256 4591 316 4626; x_wconf 87' lang='lat' dir='ltr'><strong>cnm</strong></span> <span class='ocrx_word' id='word_1_405' title='bbox 334 4579 393 4629; x_wconf 86' lang='lat' dir='ltr'><strong>edd.</strong></span> <span class='ocrx_word' id='word_1_406' title='bbox 411 4580 490 4643; x_wconf 86' lang='lat' dir='ltr'><strong>prior.</strong></span> 
     </span>
    </p>

    <p class='ocr_par' dir='ltr' id='par_1_6' title="bbox 91 4659 1465 4988">
     <span class='ocr_line' id='line_1_43' title="bbox 168 4659 1461 4730; baseline 0.001 -17"><span class='ocrx_word' id='word_1_407' title='bbox 168 4659 325 4728; x_wconf 76' lang='lat' dir='ltr'><strong>&#39;Sprengel</strong></span> <span class='ocrx_word' id='word_1_408' title='bbox 350 4666 429 4729; x_wconf 84' lang='lat' dir='ltr'><strong>praef.</strong></span> <span class='ocrx_word' id='word_1_409' title='bbox 453 4666 486 4714; x_wconf 87' lang='lat' dir='ltr'><strong>ad</strong></span> <span class='ocrx_word' id='word_1_410' title='bbox 511 4665 689 4715; x_wconf 89' lang='lat' dir='ltr'><strong>Dioscorid.l</strong></span> <span class='ocrx_word' id='word_1_411' title='bbox 712 4681 737 4729; x_wconf 87' lang='lat' dir='ltr'><strong>p.</strong></span> <span class='ocrx_word' id='word_1_412' title='bbox 751 4679 803 4714; x_wconf 87' lang='lat' dir='ltr'><strong>xrx</strong></span> <span class='ocrx_word' id='word_1_413' title='bbox 827 4662 938 4714; x_wconf 76' lang='lat' dir='ltr'><strong>eximias</strong></span> <span class='ocrx_word' id='word_1_414' title='bbox 956 4663 1014 4730; x_wconf 75' lang='lat' dir='ltr'><strong>fait</strong></span> <span class='ocrx_word' id='word_1_415' title='bbox 1038 4670 1062 4713; x_wconf 90' lang='lat' dir='ltr'><strong>et</strong></span> <span class='ocrx_word' id='word_1_416' title='bbox 1087 4662 1121 4712; x_wconf 90' lang='lat' dir='ltr'><strong>ab</strong></span> <span class='ocrx_word' id='word_1_417' title='bbox 1144 4662 1264 4714; x_wconf 84' lang='lat' dir='ltr'><strong>omnibns</strong></span> <span class='ocrx_word' id='word_1_418' title='bbox 1287 4663 1461 4725; x_wconf 59' lang='lat' dir='ltr'><strong>diversam)</strong></span> 
     </span>
     <span class='ocr_line' id='line_1_44' title="bbox 94 4746 1465 4818; baseline 0.001 -21"><span class='ocrx_word' id='word_1_419' title='bbox 94 4746 179 4799; x_wconf 68' lang='lat' dir='ltr'><strong>eaden</strong></span> <span class='ocrx_word' id='word_1_420' title='bbox 197 4763 273 4814; x_wconf 77' lang='lat' dir='ltr'><strong>auem</strong></span> <span class='ocrx_word' id='word_1_421' title='bbox 291 4748 322 4799; x_wconf 90' lang='lat' dir='ltr'><strong>in</strong></span> <span class='ocrx_word' id='word_1_422' title='bbox 340 4749 451 4818; x_wconf 76' lang='lat' dir='ltr'><strong>eprepiie</strong></span> <span class='ocrx_word' id='word_1_423' title='bbox 469 4748 695 4802; x_wconf 77' lang='lat' dir='ltr'><strong>emendationibus</strong></span> <span class='ocrx_word' id='word_1_424' title='bbox 714 4757 839 4815; x_wconf 78' lang='lat' dir='ltr'><strong>aequatae</strong></span> <span class='ocrx_word' id='word_1_425' title='bbox 857 4760 897 4802; x_wconf 83' lang='lat' dir='ltr'><strong>ert</strong></span> <span class='ocrx_word' id='word_1_426' title='bbox 915 4750 1002 4802; x_wconf 84' lang='lat' dir='ltr'><strong>Andr.</strong></span> <span class='ocrx_word' id='word_1_427' title='bbox 1017 4749 1127 4800; x_wconf 75' lang='lat' dir='ltr'><strong>baram</strong></span> <span class='ocrx_word' id='word_1_428' title='bbox 1144 4747 1310 4817; x_wconf 74' lang='lat' dir='ltr'><strong>Sepaoienris</strong></span> <span class='ocrx_word' id='word_1_429' title='bbox 1329 4749 1398 4802; x_wconf 88' lang='lat' dir='ltr'><strong>Ialii</strong></span> <span class='ocrx_word' id='word_1_430' title='bbox 1410 4746 1465 4799; x_wconf 87' lang='lat' dir='ltr'><strong>Ill</strong></span> 
     </span>
     <span class='ocr_line' id='line_1_45' title="bbox 91 4833 1462 4903; baseline 0.001 -19"><span class='ocrx_word' id='word_1_431' title='bbox 91 4834 228 4902; x_wconf 66' lang='lat' dir='ltr'><strong>persapieir</strong></span> <span class='ocrx_word' id='word_1_432' title='bbox 245 4834 357 4886; x_wconf 72' lang='lat' dir='ltr'><strong>marini</strong></span> <span class='ocrx_word' id='word_1_433' title='bbox 374 4835 499 4888; x_wconf 81' lang='lat' dir='ltr'><strong>medicas.</strong></span> <span class='ocrx_word' id='word_1_434' title='bbox 519 4835 621 4903; x_wconf 84' lang='lat' dir='ltr'><strong>copiam</strong></span> <span class='ocrx_word' id='word_1_435' title='bbox 640 4836 696 4887; x_wconf 85' lang='lat' dir='ltr'><strong>eius</strong></span> <span class='ocrx_word' id='word_1_436' title='bbox 708 4835 778 4901; x_wconf 87' lang='lat' dir='ltr'><strong>feeit</strong></span> <span class='ocrx_word' id='word_1_437' title='bbox 797 4833 839 4886; x_wconf 89' lang='lat' dir='ltr'><strong>Ia.</strong></span> <span class='ocrx_word' id='word_1_438' title='bbox 858 4836 975 4890; x_wconf 82' lang='lat' dir='ltr'><strong>Paeeiar</strong></span> <span class='ocrx_word' id='word_1_439' title='bbox 995 4835 1158 4899; x_wconf 78' lang='lat' dir='ltr'><strong>Castrensis,</strong></span> <span class='ocrx_word' id='word_1_440' title='bbox 1177 4836 1224 4888; x_wconf 83' lang='lat' dir='ltr'><strong>red</strong></span> <span class='ocrx_word' id='word_1_441' title='bbox 1242 4837 1289 4888; x_wconf 85' lang='lat' dir='ltr'><strong>abi</strong></span> <span class='ocrx_word' id='word_1_442' title='bbox 1310 4838 1362 4887; x_wconf 86' lang='lat' dir='ltr'><strong>iam</strong></span> <span class='ocrx_word' id='word_1_443' title='bbox 1382 4836 1462 4888; x_wconf 86' lang='lat' dir='ltr'><strong>lateat</strong></span> 
     </span>
     <span class='ocr_line' id='line_1_46' title="bbox 96 4918 1098 4988; baseline 0.001 -16"><span class='ocrx_word' id='word_1_444' title='bbox 96 4922 182 4987; x_wconf 82' lang='lat' dir='ltr'><strong>plane</strong></span> <span class='ocrx_word' id='word_1_445' title='bbox 199 4923 336 4973; x_wconf 80' lang='lat' dir='ltr'><strong>neeeirnae.</strong></span> <span class='ocrx_word' id='word_1_446' title='bbox 352 4920 489 4988; x_wconf 82' lang='lat' dir='ltr'><strong>probabile</strong></span> <span class='ocrx_word' id='word_1_447' title='bbox 508 4931 544 4972; x_wconf 81' lang='lat' dir='ltr'><strong>ea</strong></span> <span class='ocrx_word' id='word_1_448' title='bbox 563 4923 591 4972; x_wconf 88' lang='lat' dir='ltr'><strong>in</strong></span> <span class='ocrx_word' id='word_1_449' title='bbox 616 4918 745 4972; x_wconf 84' lang='lat' dir='ltr'><strong>Vaticana</strong></span> <span class='ocrx_word' id='word_1_450' title='bbox 763 4923 874 4973; x_wconf 81' lang='lat' dir='ltr'><strong>seruari.</strong></span> <span class='ocrx_word' id='word_1_451' title='bbox 904 4927 980 4975; x_wconf 81' lang='lat' dir='ltr'><strong>valde</strong></span> <span class='ocrx_word' id='word_1_452' title='bbox 1000 4927 1098 4975; x_wconf 87' lang='lat' dir='ltr'><strong>dubito.</strong></span> 
     </span>
    </p>
   </div>
   <div class='ocr_carea' id='block_1_4' title="bbox 0 0 1726 5588">
    <p class='ocr_par' dir='ltr' id='par_1_7' title="bbox 0 0 1726 5588">
     <span class='ocr_line' id='line_1_47' title="bbox 0 0 1726 5588; baseline 0 0"><span class='ocrx_word' id='word_1_453' title='bbox 0 0 1726 5588; x_wconf 95' lang='lat' dir='ltr'><strong> </strong></span> 
     </span>
    </p>
   </div>
  </div>
 </body>
</html>
