3442 5588
475 355 670 407 HIPPOLYTI
691 354 1056 408 PHILOSOPHUMENON
1074 352 1108 405 23
1120 362 1136 401 σ
1150 351 1184 404 24
1196 361 1255 400 ι--ε
1479 352 1545 433 ’573

229 525 291 588 tau.
336 526 363 587 οἱ
396 525 429 587 δὲ
450 524 483 586 τό
506 523 567 607 <οό>
590 526 699 606 μᾶλλον
729 521 910 608 προσέθεσαν
943 521 1073 603 λέγοντες
1101 521 1135 585 οὐ
1164 524 1272 604 μᾶλλον
1301 522 1335 583 τδ
1358 525 1415 604 πῦρ
1437 525 1494 604 πῦρ

228 626 300 693 εἰναι
316 627 335 710 ἦ
351 626 424 690 άλλο
443 649 480 688 τι.
518 626 553 690 οό
576 626 672 708 μέντοι
695 627 879 710 ἀπεφήναντο
901 623 972 687 αότό
988 621 1048 706 <τό>
1062 622 1091 685 τί
1112 623 1198 699 ἐστιν,
1220 623 1295 687 ἀλλὰ
1317 626 1350 687 τδ
1373 625 1492 689 τοιάνδε.

315 731 357 795 24
394 725 478 792 Ἔστι
513 730 546 792 δὲ
578 731 625 792 καὶ
659 728 738 812 παρὰ
771 725 891 796 Ἰνδοῖς
926 727 1034 810 αἰρεσις
1071 725 1329 809 φιλοσοφουμένων
1366 728 1396 791 ἐν
1433 731 1493 796 τοῖς

231 829 475 917 Βραχμάναις,
497 832 524 894 οἳ
541 832 602 916 βίον
619 831 670 913 μὲν
686 829 816 913 αὐτάρκη
832 829 1053 913 προβαλλονται,
1076 828 1217 912 ἐμψύχων
1240 829 1343 900 δὲκαὶ
1366 834 1424 892 τῶν
1447 829 1494 893 διὰ

198 933 319 1016 υπυρδς
350 934 512 1018 βρωμάτων
544 935 659 996 πάντων
692 930 868 1015 ἀπέχονται,
903 931 1073 1015 ἀκροδρύοις
1104 930 1276 1013 ἀρκούμενοι
1314 933 1390 1014 μηδὲ
1420 930 1495 994 αότά

232 1039 325 1099 ταῦτα
345 1039 513 1119 τρυγῶντες,
535 1037 610 1098 ἀλλὰ
631 1035 668 1099 τά
689 1034 829 1097 πίπτοντα
851 1033 893 1103 εἰς
914 1035 967 1116 τὴν
989 1037 1043 1116 γῆν
1065 1033 1254 1117 βαστάζοντες
1278 1037 1384 1108 ζῶσιν,
1416 1033 1494 1115 ύδωρ

229 1141 361 1219 ποταμοῦ
377 1138 401 1219 γι
416 1137 567 1223 Ταγαβενὰ
589 1137 725 1207 πίνοντες.
868 1136 1010 1220 διαβιοῦσι
1031 1135 1065 1198 δέ
1085 1135 1196 1217 γυμνοί,
1218 1136 1251 1198 τό
1277 1141 1363 1218 σῶμα
1383 1134 1492 1216 ἔνδυμα
1511 1142 1527 1194 ·2

227 1246 264 1322 τῇ
287 1245 370 1325 ψυχῇ
402 1241 532 1340 ύπό.τοῦ
556 1240 626 1302 θεοῦ
649 1241 793 1323 γεγονέναι
815 1240 955 1324 λέγοντες.
1000 1236 1079 1301 οῦτοι
1101 1240 1150 1300 τὸν
1173 1237 1242 1301 θεόν
1265 1243 1329 1324 φῶς
1351 1237 1423 1301 εἰναι
1445 1238 1490 1301 λέ·

227 1364 323 1425 γουσιν
346 1342 403 1426 οόχ
426 1344 526 1407 ὁποῖόν
550 1366 592 1412 τις
620 1345 675 1426 δρᾷ
702 1340 765 1407 οὐδ’
794 1343 855 1407 οἷον
882 1344 964 1426 ἥλιος
992 1341 1136 1422 καὶπῦρ,
1163 1338 1230 1402 ἀλλ’
1259 1338 1335 1404 ἔστιν
1357 1341 1456 1410 αὐτοῖς
1478 1343 1494 1404 i

194 1465 217 1502 ιο
236 1445 305 1514 θεός
326 1444 421 1526 λύγος,
444 1444 501 1529 οόχ
523 1447 539 1509 ὀ
562 1443 711 1529 ἔναρθρος,
734 1445 809 1508 ἀλλὰ
832 1447 848 1509 ύ
870 1448 924 1527 τῆς
945 1445 1096 1525 γνώσεως,
1125 1441 1162 1505 δι’
1190 1442 1224 1506 ού
1246 1443 1283 1504 τὰ
1305 1444 1417 1526 κρυπτά
1442 1446 1495 1526 τῆς

230 1548 345 1632 φύσεως
378 1550 522 1632 μυστήρια
550 1549 652 1632 ὁρᾶται
681 1552 791 1633 σοφοῖς.
836 1551 922 1611 τοῦτο
951 1547 985 1609 δὲ
1013 1546 1046 1608 τό
1076 1549 1157 1629 φῶς,
1188 1545 1206 1607 δ
1232 1565 1302 1628 φασι
1324 1545 1408 1627 λύγον
1432 1546 1494 1626 [τόν

229 1649 323 1731 θεύν],
346 1650 451 1719 αύτούς
473 1651 578 1732 μύνους
601 1648 707 1713 εἰδέναι
730 1647 944 1734 Βραχμᾶνες
966 1648 1079 1731 λέγουσι
1102 1648 1151 1711 διὰ
1165 1648 1199 1709 τὸ
1215 1647 1371 1731 ἀπορρῖψαι
1388 1647 1493 1730 μόνους

228 1755 279 1836 τὴν
302 1750 480 1826 κενοδοξίαν,
508 1753 540 1822 ὀς
562 1753 623 1817 ἐστι
650 1756 740 1838 χιτὼν
766 1755 819 1835 τῆς
846 1757 944 1837 ψυχῆς
971 1749 1104 1836 ἔσχατος.
1256 1748 1335 1812 οῦτοι
1363 1750 1526 1814 θανάτου3

226 1859 469 1940 καταφρονοῦσιν·
493 1856 538 1919 ἀεὶ
561 1856 594 1918 δὲ
617 1856 675 1939 ἰδίᾳ
691 1861 776 1939 φωνῇ
793 1855 862 1917 θεὸν
878 1853 1038 1930 δοξάζουσι,
1061 1855 1163 1924 καθὼς
1178 1854 1364 1938 προείπομεν.
1387 1852 1492 1935 ὕμνους

191 1978 215 2016 ιο
234 1981 266 2020 τε
287 1957 516 2040 άναπέμπουσιν.
560 1957 627 2022 οὔτε
649 1959 682 2021 δὲ
703 1962 833 2039 γυναῖκες
854 1955 922 2041 παρ’
950 1958 1049 2027 αὐτοῖς
1071 1956 1138 2021 οὔτε
1152 1957 1238 2020 τέκνα
1254 1956 1334 2019 εἰσίν.
1464 1957 1527 2018 cit

227 2061 260 2124 δὲ
282 2064 333 2123 τοῦ
357 2060 459 2143 ὁμοίου
481 2062 579 2131 αὐτοῖς
601 2063 664 2146 βίου
687 2059 858 2144 ὀρεχθέντες
881 2061 914 2124 ἐκ
936 2065 989 2144 τῆς
1005 2061 1160 2145 ἀντιπέραν
1176 2063 1276 2145 χώρας
1291 2062 1342 2122 τοῦ
1358 2064 1491 2141 ποταμοῦ

226 2165 449 2246 διαπεράσαντες
477 2165 572 2228 ἐκεῖσε
600 2163 835 2245 ἐναπομένουσιν,
864 2163 1090 2248 ἀναστρέφοντες
1122 2163 1238 2247 μηκέτι·
1272 2162 1319 2224 καὶ
1347 2160 1430 2224 αὐτοὶ
1458 2162 1491 2224 δὲ

228 2265 448 2351 Βραχμᾶνες
470 2270 634 2330 καλοῦνται.
680 2266 741 2350 βίον
765 2266 798 2329 δὲ
820 2266 877 2351 οόχ
898 2265 1007 2348 δμοίως
1029 2267 1188 2349 διάγουσιν·
1219 2265 1274 2328 εἰσί
1297 2265 1351 2347 γὰρ
1374 2265 1422 2326 καὶ
1444 2287 1490 2345 γυ·

227 2375 323 2438 ναῖκες
344 2369 374 2432 ἐν
396 2370 436 2450 τῇ
459 2373 555 2453 χώρᾳ,
578 2368 607 2437 ἐξ
631 2369 727 2452 ώνπερ
749 2368 777 2431 οἱ
800 2368 863 2430 ἐκεῖ
882 2373 1081 2438 κατοικοῦντες
1103 2375 1258 2452 γεννῶνται
1282 2368 1330 2429 καί
1346 2371 1492 2448 γεννῶσιν.

181 2491 208 2529 νο
268 2475 368 2533 τοῦτον
391 2471 424 2533 δὲ
446 2471 495 2532 τδν
518 2472 613 2553 λύγον,
636 2472 668 2534 δν
692 2470 760 2532 θεδν
782 2470 972 2553 ὀνομάζουσι,
1000 2473 1165 2555 σωματικὸν
1188 2470 1260 2535 εἰναι
1293 2468 1490 2553 περικείμενόν
1510 2478 1527 2530 5

227 2597 259 2636 τε
281 2578 368 2655 σῶμα
392 2571 500 2641 ἔξωθεν
524 2573 640 2645 ἑαυτοῦ,
662 2573 796 2656 καθάπερ
818 2570 849 2635 εί
866 2595 909 2642 τις
930 2573 963 2636 τδ
987 2573 1020 2636 ἐκ
1035 2579 1094 2636 τῶν
1108 2576 1260 2660 προβάτων
1276 2571 1385 2654 ἔνδυμα
1398 2576 1492 2654 φορεῖ,

227 2677 462 2756 ἀπεκδυσάμενον
485 2676 518 2737 δὲ
539 2676 572 2737 τό
601 2680 706 2758 σῶμα,
731 2675 748 2738 δ
771 2675 943 2758 περίκειται,
971 2676 1210 2761 ὀφθαλμοφανῶς
1231 2675 1395 2762 φαίνεσθαι.
1440 2674 1491 2737 πό·

228 2783 315 2862 λεμον
338 2779 371 2841 δὲ
394 2776 465 2840 εἰναι
488 2778 584 2862 ἐντῷ
608 2776 798 2862 περικειμένῳ
819 2777 916 2841 αὐτῶν
939 2781 1053 2861 σώματι
1076 2779 1102 2841 οἱ
1135 2777 1356 2866 Βραχμᾶνες
1379 2777 1493 2859 λέγουσι

229 2882 290 2962 [καὶ
314 2883 421 2964 πλῆρες
445 2879 516 2943 εἰναι
539 2879 676 2962 πολέμων
698 2880 796 2949 αὐτοῖς
817 2880 851 2942 τὸ
874 2886 963 2964 σῶμα
984 2882 1177 2964 νενομίκασι],
1208 2883 1279 2965 πρὸς
1306 2883 1322 2945 δ
1351 2884 1392 2949 ως
1421 2881 1493 2964 πρός

186 3004 210 3041 ιο
229 2984 383 3066 πολεμίους
405 2982 650 3067 παρατεταγμένοι
672 2983 826 3067 μάχονται,
848 2984 950 3053 καθώς
971 2985 1243 3068 προδεδηλώκαμεν.
1384 2984 1491 3052 πάντας
1511 2993 1526 3044 6

226 3086 258 3149 δὲ
282 3085 455 3168 ἀνθρώπους
477 3084 606 3166 λέγουσιν
633 3084 840 3170 αἰχμαλώτους
867 3085 941 3149 εἰναι
967 3091 1026 3150 τῶν
1055 3086 1135 3149 ἰδίων
1165 3091 1308 3170 συγγενῶν
1336 3087 1493 3168 πολεμίων,

225 3190 347 3272 γαστρὸς
383 3189 430 3250 καὶ
465 3186 583 3250 αἰδοίων
625 3190 731 3270 λαιμοῦ
771 3188 859 3271 ὀργῆς
899 3191 993 3272 χαρᾶς
1028 3189 1122 3272 λύπης
1161 3189 1317 3272 ἐπιθυμίας
1351 3189 1399 3251 καὶ
1433 3193 1492 3250 τῶν

231 3290 356 3373 ὁμοίων·
397 3290 483 3372 μύνος
505 3291 538 3353 δὲ
560 3291 631 3373 πρὸς
653 3289 702 3352 τόν
725 3289 794 3353 θεδν
817 3296 911 3375 χωρεῖ
932 3293 948 3355 ύ
972 3292 1045 3356 κατὰ
1067 3293 1177 3356 τούτων
1206 3290 1317 3374 ἐγείρας
1345 3291 1492 3374 τρόπαιον.

180 3482 192 3532 l
214 3478 243 3532 ού
262 3483 321 3531 cdd.
335 3482 437 3546 Rocpcr
451 3477 464 3547 ΙΙ
483 3477 594 3548 λέγοντες
606 3477 635 3530 τδ
647 3476 743 3548 μᾶλλον
761 3481 833 3531 libri:
886 3480 977 3542 ζῶντες
996 3481 1033 3535 ἀεὶ
1051 3480 1094 3533 τόν
1116 3478 1175 3533 θεὸν
1193 3476 1321 3540 δοξάζουσι
1341 3484 1437 3542 (cetcrc
1455 3483 1491 3532 ibi
1510 3497 1542 3532 cx

179 3585 246 3620 corr.
264 3569 368 3633 Roepcr
382 3563 395 3635 Η
410 3571 458 3635 πῦρ
477 3569 560 3636 πύρΒ
577 3568 607 3628 (εἰ
622 3575 690 3618 recte
703 3568 834 3618 conlatum
886 3570 967 3621 Suidc
986 3572 1113 3635 descriptis
1131 3571 1198 3631 suut)
1219 3571 1325 3620 ο1.Αι·τ.
1344 3570 1419 3619 cuch.
1440 3571 1493 3620 VH
1512 3568 1542 3620 3:

174 3658 236 3718 cst):
257 3659 365 3707 ultorum
383 3658 431 3724 πῦρ
451 3656 537 3706 om.C
556 3656 627 3718 quod
645 3656 704 3705 cdd.
722 3655 833 3721 Rocper‚
885 3653 970 3726 ᾄδουσι
988 3655 1014 3709 δί
1039 3655 1088 3725 ἰδίᾳ
1106 3654 1161 3708 κτλ.
1182 3658 1372 3721 Gottiugcuces.
1392 3655 1430 3707 citi
1448 3653 1475 3707 δί
1494 3653 1543 3724 ἰδίᾳ

174 3746 259 3808 potuit
281 3746 358 3794 etiam
385 3759 408 3793 τι
432 3744 480 3811 πῦρ
499 3741 559 3794 εἰναι
585 3737 598 3810 ΙΙ
631 3739 647 3792 2
670 3741 699 3793 τὸ
726 3745 779 3794 cuti
809 3742 835 3794 τί
885 3749 942 3812 φώς
953 3741 997 3794 τδν
1009 3739 1066 3794 θεὸν
1078 3741 1225 3811 ὀνομάζουσι
1238 3745 1342 3810 Rocper
1361 3741 1375 3813 ΙΙ
1395 3743 1544 3812 προείπομεν

175 3832 236 3882 cdd.
255 3832 359 3896 Rocper
378 3834 410 3882 cf.
430 3831 500 3882 Sext.
520 3831 550 3880 P.
570 3832 603 3880 11.
622 3831 635 3879 1
656 3829 688 3882 19
699 3846 754 3893 sqq.
774 3831 833 3880 cdv.
885 3833 992 3883 ἰοηεεεε
1005 3829 1046 3894 §2
1060 3834 1194 3896 respicitur
1209 3828 1222 3899 ΙΙ
1237 3831 1270 3883 15
1282 3832 1359 3883 τέκνα
1373 3831 1431 3883 εἰσίν
1440 3835 1542 3897 ccripci:

178 3918 259 3968 math.
272 3919 325 3968 vn
346 3917 394 3970 197
416 3916 428 3984 11
450 3917 466 3970 3
486 3915 685 3987 φιλοσοφουμένη
705 3920 741 3969 B:
765 3916 833 3987 φιλο·
890 3920 1016 3969 τεκνοῦσιν
1041 3919 1098 3969 libri
1124 3915 1137 3984 ΙΙ
1170 3919 1200 3970 17
1224 3917 1414 3989 διαπεράσαντες
1431 3920 1468 3970 B:
1490 3917 1542 3970 δια-

179 4005 343 4074 σοφουμένων
370 4007 391 4057 Ο
420 4008 451 4057 ci.
478 4006 537 4055 libri
565 4007 651 4056 titulus
680 4000 834 4074 Φιλοσοφυύ-
885 4003 1069 4074 περησανττςθ
1090 4002 1104 4073 ΙΙ
1123 4023 1210 4058 noune
1223 4005 1512 4072 ixcicuvcropiuoucw?
1528 4004 1541 4071 β

175 4108 239 4158 μενα
259 4090 276 4160 Η
301 4091 521 4162 φιλοσοφουμένων
538 4109 575 4149 τις
594 4087 742 4162 Βραχμᾶνες
766 4097 833 4147 coni.
888 4093 920 4145 18
944 4091 997 4160 βίον
1020 4096 1113 4159 vulgo:
1139 4092 1186 4162 βίῳ
1209 4095 1254 4146 BL
1274 4091 1289 4161 ΙΙ
1309 4092 1343 4144 20
1360 4094 1464 4160 Rocpcr
1486 4105 1541 4146 ten·

173 4179 278 4230 Usener
297 4174 311 4246 ΙΙ
331 4182 348 4233 4
372 4180 563 4251 βραχμίναιτΒ
588 4176 601 4246 ΙΙ
626 4183 641 4234 6
661 4179 686 4231 ἰν
707 4198 739 4250 τη
759 4186 790 4250 γη
810 4183 833 4232 Τ
885 4181 968 4231 tabat:
987 4179 1122 4247 ἀσώματον
1134 4179 1302 4250 εἰναι-φορεῖ
1312 4176 1446 4250 (δρᾶσθαι),
1465 4180 1542 4233 ἀποκ-

175 4281 253 4330 quum
292 4270 447 4334 elegantiam
482 4270 514 4319 ub
545 4270 687 4334 Hippolyto
722 4271 834 4320 alienam
885 4265 1020 4335 ὀυσάμινον
1038 4267 1064 4320 δί
1082 4267 1111 4320 τὸ
1129 4273 1216 4336 σῶμα,
1235 4267 1248 4320 δ
1267 4269 1414 4338 περίκειται,
1437 4267 1544 4331 (οὐκέτι)

176 4355 256 4405 credo
283 4352 299 4422 ΙΙ
322 4355 337 4408 ’ί
357 4350 454 4424 Γάγγου
478 4355 628 4413 ἰπιπίνοντες
651 4356 754 4422 Rocper
779 4353 793 4424 ΙΙ
817 4357 834 4409 8
885 4351 1090 4423 ὀφθαλμοφανῶς
1114 4352 1252 4423 φαίνεσθαι.
1281 4358 1326 4409 sed
1345 4358 1408 4408 deun
1426 4362 1482 4425 φῶς
1504 4368 1544 4408 εει

174 4436 244 4491 οῦτοι
278 4443 392 4509 Rcepcr:
421 4441 492 4495 αότοί
520 4445 577 4494 libri
606 4439 620 4509 ΙΙ
648 4443 663 4495 θ
691 4440 737 4511 δρᾷ
764 4441 777 4495 ὀ
805 4440 831 4495 δ’
886 4443 921 4505 (v.
935 4443 977 4506 8),
1001 4446 1045 4508 qui
1064 4460 1121 4494 cum
1140 4460 1243 4510 corpus,
1268 4461 1320 4509 quo
1339 4446 1403 4496 lucis
1420 4446 1544 4510 splendor

175 4523 261 4577 ὁποῖον
280 4526 350 4596 ἥλιος
367 4528 384 4598 ἢ
403 4533 452 4598 πῦρ
470 4533 493 4581 Τ
513 4527 526 4596 ΙΙ
550 4531 577 4582 11
600 4528 698 4597 φύσεως
715 4532 750 4581 T:
770 4527 834 4598 γνώ-
886 4533 1052 4593 obscuratur,
1078 4534 1150 4582 exuit
1174 4534 1254 4584 oculis
1274 4535 1369 4598 percipi
1389 4543 1482 4599 potest.
1511 4535 1542 4584 cf.

174 4628 239 4672 σεως
262 4616 284 4666 C
307 4614 321 4683 ΙΙ
350 4616 485 4686 μυστήριον
508 4619 531 4668 Τ
560 4614 575 4683 Η
605 4616 647 4669 τδν
670 4613 727 4668 θεὸν
752 4627 779 4668 ut
800 4634 834 4668 cx
886 4619 980 4684 Rhaga
997 4620 1098 4670 δεύεαι
1117 4620 1186 4685 apud
1205 4623 1390 4672 Villoicsouem
1410 4622 1443 4672 dc
1461 4620 1542 4672 Stoic.

177 4721 201 4753 ν.
216 4702 250 4754 10
268 4707 375 4755 inlatum
401 4706 485 4756 delevi
505 4701 518 4771 ΙΙ
542 4702 574 4756 12
594 4703 740 4773 βραχμάνας
757 4706 779 4755 Β
798 4705 835 4767 (et
886 4707 965 4757 theol.
985 4724 1010 4772 p.
1024 4706 1074 4761 461
1091 4703 1105 4777 ΙΙ
1120 4705 1152 4759 tl
1173 4707 1201 4760 τδ
1216 4713 1289 4776 σῶμα
1301 4726 1356 4760 non
1368 4711 1541 4760 necessarium

175 4790 244 4840 cut
269 4794 392 4855 videtum:
413 4809 478 4843 corr.
501 4792 604 4857 Roeper
629 4790 641 4858 Η
670 4790 700 4843 13
724 4788 738 4842 ὀ
762 4792 833 4842 libri:
886 4791 1063 4862 τίἀεευτβθῖ
1082 4793 1190 4863 πόλεμον
1208 4799 1239 4848 cf.
1258 4796 1369 4863 p.574,2
1387 4793 1401 4864 ΙΙ
1419 4795 1541 4849 inci-

176 4893 242 4927 corr.
266 4879 377 4946 Rccpcr.
404 4877 421 4948 ἥ
446 4880 557 4931 Wolflus
586 4876 599 4944 ΙΙ
633 4880 664 4931 14
687 4876 834 4947 ὀνομάζουσι
885 4879 1034 4949 νιμομίκασι
1053 4885 1156 4934 induxit
1165 4885 1276 4949 Rocper‚
1297 4887 1340 4947 qui
1358 4880 1485 4950 πολεμίων
1502 4901 1540 4935 rc·

179 4967 251 5017 libri:
272 4970 371 5019 correxi
391 4984 404 5018 e
423 4968 498 5018 Cedr.
518 4986 542 5034 p.
555 4965 643 5029 26ss
663 4974 763 5036 γυμνῶς
782 4966 834 5021 δια·
887 4972 988 5036 scripsit
1007 4966 1021 5040 ΙΙ
1041 4968 1076 5023 28
1093 4970 1168 5038 μόνος
1186 4986 1213 5040 γε
1231 4973 1254 5022 Β
