3442 5588
664 277 941 328 raouneommm
1438 278 1480 343 55

117 445 307 529 ήηεμονικθν,
339 443 386 530 ἀφ’
418 445 452 509 οὔ
475 448 657 508 *nnete
688 445 869 530 ulebqrqpru
895 445 1006 527 λέγεται
1039 446 1188 527 πνεύματα
1222 448 1306 532 νοερὰ
1337 451 1395 512 ἀπὸ
1429 454 1479 512 τοῦ

115 549 293 631 ἡγεμονικοῦ
315 546 363 611 ἐπὶ
386 548 421 612 τὰ
445 546 552 633 ὄργανα
574 546 725 630 τεταμένα.
771 543 884 611 ultima
911 545 990 612 mire
1020 546 1148 612 turbata
1174 568 1247 613 esse
1273 555 1305 614 et
1326 550 1412 616 illico
1434 549 1480 615 in·

116 647 285 731 tellegitur
307 654 340 714 et
355 648 535 715 Stoicorum
551 650 698 715 doctriua
719 647 885 733 probatur.
919 668 994 714 nam
1017 670 1056 714 en
1072 649 1203 715 Laertio
1227 649 1379 717 discimus
1402 652 1479 735 quid

115 750 181 815 illis
205 750 364 835 placuerit
386 751 446 815 VH
463 753 505 815 b?
527 750 663 834 αἴσθησις
686 754 718 816 δὲ
741 751 854 835 λέγεται
877 753 950 816 κατὰ
973 753 1039 822 τοὺς
1061 753 1208 822 Στωικοὺς
1229 754 1261 817 τό
1284 753 1308 815 τ’
1337 754 1387 840 ἀφ’
1416 757 1478 839 ήηε-

117 858 237 937 ρονικοῦ
259 858 373 937 πνεῦμα
394 854 442 917 ἐπὶ
465 855 515 924 τὰς
538 855 689 938 αἰσθήσεις
712 857 811 939 ὃιήκον
827 856 875 918 καὶ
896 857 914 939 ή
936 853 972 918 δι’
1001 855 1097 918 αὐτῶν
1120 857 1278 939 κατάληψις
1301 857 1348 919 καὶ
1372 860 1390 940 ή
1414 858 1477 941 περὶ

116 957 152 1020 τὰ
166 957 345 1042 αἰσθητήρια
361 959 536 1041 κατασκευή,
559 955 622 1020 καθ’
643 960 679 1041 ήν
703 981 774 1027 τινες
796 958 882 1043 πηροὶ
898 959 1031 1041 γίνονται.
1057 959 1104 1021 καί
1130 959 1148 1041 ή
1173 957 1300 1041 ἐνέργεια
1322 960 1354 1021 δὲ
1376 959 1477 1043 αἰσθη-

116 1080 159 1129 σις
185 1062 327 1123 καλεῖται.
360 1058 520 1124 consentit
546 1060 600 1142 qui
626 1059 753 1124 Aetium
781 1067 838 1124 aut
860 1061 974 1124 melius
1001 1066 1164 1126 servatum
1186 1059 1335 1125 adhibuit
1356 1067 1413 1125 aut
1434 1061 1479 1125 vi-

118 1161 232 1226 tiatum
256 1181 297 1227 ex
320 1180 380 1226 sua
401 1160 549 1227 doctrina
570 1161 756 1228 emendavit
781 1162 952 1228 Nemeeius
975 1163 1016 1227 de
1038 1169 1105 1228 nat.
1128 1161 1213 1226 hom.
1235 1183 1266 1245 p.
1283 1164 1321 1226 77
1350 1166 1477 1226 καλεῖται

115 1265 148 1327 a
171 1266 311 1335 πολλάκις
332 1263 469 1346 αἴσθησις
491 1267 539 1328 καί
562 1267 598 1329 τὰ
620 1267 805 1350 αἰσθητήρια.
834 1264 893 1330 ἔστι
916 1268 948 1330 δὲ
970 1265 1105 1349 αἴσθησις
1127 1266 1275 1350 (raupta
1297 1270 1354 1327 τῶν
1377 1266 1478 1348 αἰσθη-

114 1371 184 1429 τῶν.
212 1369 294 1430 δοκεῖ
318 1368 350 1430 δὲ
377 1365 461 1447 οὗτος
488 1369 504 1431 ὁ
533 1369 599 1452 ὅρος
626 1369 680 1431 οὐκ
706 1369 797 1452 αὐτῆς
826 1369 897 1432 εἶναι
926 1374 978 1453 τής
1004 1369 1171 1453 αἰσθήσεως
1199 1369 1273 1430 ἀλλὰ
1301 1373 1359 1430 τῶν
1386 1367 1477 1452 ἔργων

114 1468 222 1553 αὐτῆς.
258 1470 366 1532 διὸκαὶ
382 1469 475 1539 οὕτως
498 1470 639 1554 ὁρίζονται
659 1472 711 1554 τήν
727 1470 876 1554 αἴσθησιν·
894 1476 1007 1554 πνεῦμα
1029 1472 1126 1555 νοερὸν
1149 1472 1207 1533 ἀπὸ
1230 1475 1281 1532 τοῦ
1304 1472 1476 1554 ήηερονικοῦ

113 1573 163 1635 ἐπὶ
192 1573 228 1636 τὰ
252 1571 358 1656 ὄργανα
387 1573 551 1656 τεταμένον.
588 1572 663 1637 ltine
689 1574 870 1640 sententiae
900 1573 978 1638 satis
1001 1574 1081 1638 lucis
1103 1573 1249 1656 affertur,
1278 1573 1385 1638 verbis
1411 1595 1476 1639 uon

116 1673 205 1739 item.
239 1694 315 1739 nam
345 1675 443 1758 plane
465 1674 635 1740 obscurum
659 1682 707 1740 est
733 1676 808 1758 quid
836 1683 910 1759 post
935 1675 981 1761 ἀφ’
1011 1677 1044 1740 οὔ
1070 1674 1278 1741 interciderit.
1313 1675 1404 1740 nihili
1427 1682 1477 1741 est

112 1777 201 1860 quod
223 1776 395 1862 Byzantini
417 1776 542 1842 addunt
564 1778 738 1856 συνίσταται,
761 1777 847 1861 qaod
870 1777 1029 1843 emblema
1052 1786 1084 1843 et
1100 1778 1244 1843 Galenus
1266 1785 1299 1844 et
1315 1778 1475 1844 Stobaeus

115 1879 279 1961 ignaram.
323 1878 468 1945 Galenus
493 1878 589 1945 aliter
614 1880 690 1945 lusit
716 1880 762 1967 ἀφ’
796 1880 829 1944 οὔ
856 1885 937 1944 πᾶσα
963 1881 1091 1964 αἰσθητή
1119 1879 1166 1965 βία
1188 1881 1321 1963 γίγνεται.
1355 1900 1476 1945 assum·

113 1980 179 2064 psit
201 1980 289 2047 enim
311 1981 413 2048 verba
435 1985 519 2047 πάλιν
542 1983 720 2068 αἰσθητήρια
742 1985 871 2068 λέγονται
894 1982 1007 2048 eodem
1024 1982 1118 2046 modo
1142 1981 1321 2048 aStobaeo
1344 1981 1473 2048 tradita.

112 2082 172 2148 sed
196 2089 284 2149 recte
310 2083 367 2150 ille
397 2084 478 2150 vidit
500 2085 677 2171 αἰσθητήρια
700 2087 810 2169 inepto
834 2086 905 2150 loco
929 2083 1181 2149 commemorari.
1225 2102 1265 2147 ac
1286 2103 1401 2149 vereor·
1423 2104 1475 2150 re·

112 2184 284 2250 hementer
306 2206 347 2252 ne
369 2187 414 2252 ad
436 2187 584 2272 proxima
606 2190 641 2254 τὰ
664 2187 770 2273 ὄργανα
794 2186 989 2271 explicanda
1010 2186 1155 2250 additum
1177 2185 1282 2251 fuerit.
1317 2185 1392 2251 binc
1412 2187 1475 2252 sor·

111 2293 201 2353 tasse
229 2287 328 2353 etiam
355 2289 402 2376 ἀφ’
436 2289 470 2354 οὔ
497 2288 615 2355 rectius
645 2289 836 2374 paraphrasi
866 2287 1066 2354 adscribetur
1094 2296 1126 2353 et
1152 2287 1288 2372 pristina
1313 2289 1475 2355 sententia

111 2423 153 2433 -
175 2408 253 2456 uam
274 2390 376 2457 verba
398 2412 463 2457 non
488 2390 701 2475 praestiterim
726 2428 766 2436 -
790 2391 1044 2476 recuperabitur:
1073 2393 1119 2454 καὶ
1143 2390 1214 2454 αὐτὸ
1237 2393 1269 2454 τὸ
1293 2392 1473 2473 ἡγεμονικόν.

110 2494 196 2557 πάλιν
226 2493 388 2578 (uictique)
413 2493 526 2576 λέγεται
557 2494 705 2575 πνεύματα
736 2496 821 2579 νοερὰ
853 2496 911 2558 ἀπὸ
942 2499 993 2557 τοῦ
1023 2496 1195 2578 ἡγεμονικοῦ
1223 2494 1270 2557 ἐπὶ
1300 2491 1336 2555 τὰ
1367 2491 1473 2576 ὄργανα

110 2596 264 2677 τεταμένα.
288 2596 465 2680 αἰσθητήρια
480 2600 588 2660 autem
603 2595 683 2661 illud
700 2598 786 2679 quod
802 2596 978 2662 scholiasta
992 2595 1127 2679 arripuit
1143 2616 1183 2661 ex
1199 2593 1360 2661 sententia
1376 2595 1473 2677 plena

109 2717 207 2780 quam
234 2695 405 2763 Nemeeius
437 2696 568 2762 exbibet
598 2701 725 2762 καλεῖται
756 2701 788 2762 δὲ
819 2702 956 2769 πολλάκις
987 2698 1122 2781 αἴσθησις
1150 2699 1198 2763 καί
1230 2700 1266 2763 τὰ
1296 2697 1472 2783 αἰσθητήρια

109 2797 162 2885 [cf.
186 2800 295 2866 Laert.
319 2800 341 2865 l.
364 2800 405 2882 a]
429 2798 592 2864 residuum
615 2800 753 2866 videtur.

193 2903 278 2968 Huic
300 2900 346 2967 rei
369 2901 465 2966 fidem
488 2900 567 2968 facit
588 2904 674 2986 quod
697 2923 736 2969 ex
760 2910 910 2987 corrupto
933 2905 1003 2967 loco
1019 2903 1064 2968 IV
1080 2903 1154 2967 132
1180 2901 1325 2969 efficitur.
1360 2910 1471 2968 notum

108 3012 160 3071 est
182 3025 223 3071 ex
240 3002 537 3070 Herculanensibus
558 3005 775 3070 voluminibus
792 3006 981 3073 emendatas
996 3004 1152 3071 lectiones
1173 3006 1207 3069 in
1229 3004 1370 3088 antiquis
1392 3005 1473 3069 anti-

107 3104 243 3190 graphis
269 3107 354 3172 inter·
382 3127 495 3172 versus
522 3108 575 3172 vel
603 3107 636 3172 in
665 3108 729 3173 oris
758 3109 834 3173 addi
864 3108 978 3173 solere.
1023 3106 1107 3171 idem
1136 3128 1206 3172 mos
1233 3114 1347 3191 postea
1373 3107 1471 3190 valet,

109 3209 197 3274 unde
224 3208 415 3275 innumerae
446 3215 622 3275 naseuntur
652 3210 894 3294 dittographiae
922 3217 954 3275 et
980 3209 1256 3292 interpolationes.
1305 3209 1470 3292 antiquum

107 3312 293 3395 exemplum
324 3319 400 3395 peto
428 3331 469 3377 er
497 3312 582 3377 Ae‘tii
612 3312 801 3397 exemplari.
846 3311 1042 3376 mirabamur
1071 3311 1146 3377 olim
1173 3312 1255 3378 haec
1277 3312 1472 3378 Plutarehea

106 3415 156 3477 καὶ
177 3416 254 3477 κατά
275 3437 359 3477 τινων
382 3413 505 3477 ἀκτίνων
529 3412 653 3499 ἔκκρισιν
677 3413 839 3502 [coniunxi
864 3414 981 3480 Galeni
1004 3413 1124 3500 ἔκχυσιν
1147 3420 1180 3479 et
1201 3414 1346 3479 codicum
1369 3414 1471 3498 εἰσκρι-

105 3512 164 3602 σιν]
187 3517 262 3598 μετὰ
284 3518 337 3601 τήν
360 3518 431 3601 πρὸς
454 3518 486 3579 τὸ
510 3518 697 3600 ὑποκείμενον
715 3515 845 3582 ἔνστασιν
861 3519 945 3581 ποίλιν
963 3519 1205 3602 ὑποστρεφουσῶν
1228 3520 1298 3603 πρὸς
1320 3520 1372 3602 τήν
1396 3517 1471 3602 ὄψιν.

104 3618 227 3684 lemma
250 3617 453 3684 intercidisse
476 3639 548 3684 cum
572 3625 710 3703 pateret,
734 3619 880 3685 Galenus
902 3640 1006 3703 prona
1025 3619 1209 3685 coniectura
1231 3620 1358 3704 scripsit
1380 3621 1472 3706 ἕτεροι

104 3722 183 3784 κατά
194 3745 280 3785 τινων
292 3724 354 3799 κτλ,
369 3720 519 3805 idemque
531 3722 677 3788 fecerunt
689 3722 817 3788 codices
832 3723 985 3804 vulgares
1001 3730 1131 3805 praeter
1145 3720 1246 3786 hec.
1275 3725 1471 3790 recentiores

104 3845 143 3891 sc
157 3831 322 3891 torserunt
344 3824 531 3909 philosophi
555 3845 672 3890 nomen
697 3825 884 3891 dirinando.
919 3823 1108 3889 Gessendns
1130 3823 1354 3907 Pythagoreos
1376 3825 1472 3908 signi·

104 3925 279 4011 beaverat,
303 3927 342 3993 G.
370 3927 588 3994 Schneiderus
610 3926 827 3993 Aristotelem.
874 3927 958 3992 hane
982 3948 1109 3993 omnem
1130 3926 1331 3992 adolationis
1353 3927 1471 3993 nubem

107 4029 134 4093 Ι.
157 4029 356 4094 Damasceni
378 4029 568 4112 florilegium
591 4028 740 4113 dispulit,
767 4029 853 4113 quod
884 4037 958 4113 post
985 4030 1043 4094 illa
1065 4029 1180 4095 codem
1203 4029 1298 4093 modo
1323 4030 1472 4095 mutilata

104 4131 171 4195 iam
193 4130 337 4214 genuina
358 4131 440 4198 haee
464 4131 595 4197 exhibet
618 4136 675 4195 τῶν
688 4131 912 4216 Ἀκαδημαϊκῶν
927 4156 999 4202 τινες
1015 4134 1089 4195 κατυί
1111 4156 1194 4195 τινοιν
1217 4129 1313 4217 [adde
1336 4131 1470 4219 ἀκτίνων]

108 4231 228 4320 ἔκχυσιν
252 4231 283 4320 [l.
300 4232 438 4318 ἔκκρισιν]
463 4235 535 4317 μετὰ
556 4235 609 4317 τήν
632 4237 703 4317 πρὸς
724 4236 756 4298 τὸ
772 4237 959 4317 ὑποκείμενον
975 4233 1105 4299 ἔνστασιν
1121 4236 1204 4298 παλιν
1228 4235 1470 4319 ὑποστρεφουσῶν

107 4338 178 4420 πρὸς
207 4337 261 4420 τήν
292 4335 367 4421 ὄψιν.
419 4356 495 4419 ergo
525 4335 689 4402 exciderat
716 4338 834 4403 lemma
868 4338 901 4402 in
935 4358 974 4404 eo
1007 4337 1155 4420 exemplo
1185 4336 1271 4420 quod
1299 4335 1471 4420 descripsit

107 4437 304 4503 Plutarchus
326 4435 417 4503 cuius
439 4436 543 4503 vicem
566 4440 614 4501 καὶ
643 4459 683 4503 ex
704 4439 886 4521 insequenti
909 4441 983 4503 κατὰ
1005 4446 1116 4503 natum
1140 4441 1338 4522 expleverat.
1383 4438 1469 4505 idem

105 4540 272 4606 acciderat
295 4541 329 4604 in
352 4538 539 4605 Stobaeano
563 4541 721 4624 exemplo.
756 4540 815 4606 sed
836 4540 898 4606 hoc
921 4562 962 4606 ex
985 4540 1118 4606 meliore
1140 4540 1221 4606 libro
1243 4548 1372 4606 auctam
1395 4542 1471 4606 lem-

106 4648 194 4708 mate
217 4642 406 4726 opinionem
435 4641 469 4706 in
498 4641 644 4725 margine
666 4640 818 4708 habebat.
864 4642 950 4708 unde
973 4662 994 4707 a
1017 4642 1131 4725 supino
1155 4641 1310 4726 scriptore
1331 4642 1365 4708 in
1389 4642 1472 4708 ordi·

106 4763 182 4810 nem
205 4751 347 4827 utraque
368 4743 464 4808 lectio
487 4750 619 4828 recepta
641 4751 699 4811 ost.

197 4848 339 4913 Tantum
363 4845 405 4913 de
426 4844 511 4913 nerii
535 4847 753 4916 scribarumve
774 4848 978 4932 antiquorum
1003 4846 1155 4932 peccatis.
1199 4866 1283 4912 nunc
1306 4867 1376 4911 eum
1400 4866 1471 4932 pro-
