3442 5588
269 327 332 391 “39ss
695 326 794 375 AETH
816 324 915 376 ΡΙ.Αο
931 325 968 372 IV
982 321 999 374 8
1012 331 1094 369 ιιι-ιτ
1111 320 1198 373 91--σ

409 392 994 482 ι·ιυϊιιιυιιῇιίἶιυᾟῖιῖ“Λ
1002 388 1357 478 much.
1371 423 1384 470 1
1397 418 1431 471 ,τυ
1443 418 1502 482 [ιε]
1515 429 1524 466 ι

976 565 1092 650 ροίωσιν
1114 563 1144 627 ἐν
1163 564 1245 645 παίση
1260 562 1398 635 τυπώσει,
1420 557 1589 641 ἀπορροίαις

976 669 1069 732 πάντα
1092 667 1201 748 μᾶλλον
1223 664 1243 747 ῆ
1267 662 1409 731 εἰδώλοις.

935 786 967 839 12
1021 769 1062 836 Οἱ
1081 767 1231 833 Στωικαὶ
1254 769 1349 829 πᾶσαν
1364 761 1501 847 αἴσθησιν
1516 762 1589 827 εἰναι

975 872 1184 956 συγκατάθεσιν
1207 868 1255 931 καί
1277 870 1448 951 καταληψιν.

935 993 967 1046 13
1020 973 1058 1039 Οἱ
1082 971 1338 1054 Ἀκαδημαϊκοὶ
1366 970 1407 1053 μῆ
1437 967 1508 1032 εῖναι
1538 969 1624 1038 τὰςι

975 1078 1127 1160 αἰσθήσεις
1150 1076 1224 1158 μήτε
1245 1074 1419 1157 καταλήψεις
1436 1073 1509 1154 μήτε
1525 1091 1588 1152 συγ·

976 1179 1155 1246 καταθέσεις.

937 1301 966 1352 14
1020 1279 1058 1345 (λῖ
1082 1278 1359 1363 Περιπατητικοὶ
1382 1275 1436 1339 οὐκ
1450 1273 1518 1338 ἄνευ
1536 1276 1589 1357 μὲν

975 1382 1215 1467 συγκαταθέσεως
1251 1380 1302 1449 τὰς
1338 1378 1505 1462 αἰσθήσεις,
1551 1376 1586 1439 οὐ

976 1487 1072 1569 μέντοι
1094 1481 1330 1567 συγκαταθέσεις.
1599 1497 1623 1534 ιο

286 1717 315 1799 θ.
350 1735 391 1800 El
414 1738 562 1821 ἀληθεῖς
584 1738 619 1800 αἱ
641 1736 829 1820 αἰσθήσεις
851 1737 908 1800 καὶ
976 1738 1016 1805 Εἰ
1039 1741 1188 1822 ἀληθεῖς
1210 1741 1244 1804 αἱ
1267 1732 1465 1822 αἰσθήσεις.
1499 1747 1524 1795 Ι)
1554 1743 1624 1796 A27

428 1840 627 1925 φαντασίαι.
672 1849 745 1901 691

942 1987 954 2039 1
1020 1976 1231 2063 Πυθαγόρας
1255 1975 1492 2059 Ἐμπεδοκλῆς
1524 1972 1588 2036 Ξε-

974 2081 1127 2163 νοφάνης
1143 2078 1364 2161 Παρμενίδης
1379 2075 1502 2161 Ζήνων
1519 2072 1588 2138 Μέ-

974 2183 1095 2252 λισσος
1114 2179 1349 2265 Ἀναξαγόρας
1367 2178 1589 2263 Δημόκριτος

975 2281 1215 2368 Μητρόδωρος
1237 2281 1472 2368 Πρωταγόρας
1495 2279 1585 2345 Πλά-
1600 2297 1624 2334 1³

973 2408 1040 2448 τιον
1062 2388 1175 2470 ψευδεῖς
1198 2384 1269 2449 εῖναι
1292 2386 1343 2454 τὰς
1364 2383 1524 2467 αἰσθήσεις.

940 2495 957 2547 ‘2
1019 2485 1064 2552 Οἱ
1086 2489 1153 2551 ἀπὸ
1175 2491 1235 2570 τῆς
1253 2485 1470 2570 Ἀκαδημίας
1501 2485 1588 2568 ὑγιεῖς

975 2589 1043 2673 μέν,
1078 2590 1120 2652 ότι
1154 2588 1191 2651 δι’
1230 2588 1326 2652 αὐτῶν
1356 2588 1463 2652 οἴονται
1489 2587 1588 2670 λαβεῖν

974 2692 1116 2774 ἀληθινὰς
1135 2693 1303 2776 φαντασίας,
1326 2691 1360 2755 οδ
1376 2692 1433 2774 μὴν
1449 2690 1587 2774 ἀκριβεῖς.

940 2798 956 2851 3
1015 2791 1261 2878 ’Ἀριστοτέλης
1293 2794 1346 2878 τῆν
1378 2793 1514 2876 αἴσθησιν
1543 2791 1621 2874 μῆνυ

975 2895 1141 2959 πλανᾶσθαι
1164 2897 1228 2980 περὶ
1251 2898 1284 2959 τδ
1307 2895 1389 2969 ἴδιον,
1412 2897 1476 2980 περὶ
1499 2896 1587 2958 δὲτὸ

974 2997 1166 3084 συμβεβηκός.

353 3104 390 3167 Oi
418 3103 567 3165 Στωικοὶ
600 3104 651 3172 τδις
686 3105 738 3185 μὲν
772 3104 957 3188 αἰσθήσεις4
1019 3097 1061 3164 Οἱ
1088 3099 1241 3164 Στωικοὶ
1264 3102 1324 3194 ,τὰς
1358 3101 1410 3183 μὲν
1437 3099 1589 3185 αἰσθήσεις

310 3205 442 3288 ἀληθεῖς,
464 3209 522 3266 τῶν
549 3203 582 3265 δὲ
603 3210 768 3290 φαντασιῶν
794 3206 846 3275 τὰς
873 3207 924 3288 μὲν
976 3203 1112 3286 ἀληθεῖς,
1139 3208 1197 3267 τῶν
1220 3205 1252 3266 δὲ
1274 3209 1440 3288 φαντασιῶν
1461 3203 1512 3272 τὰς
1535 3204 1588 3284 μὲν

288 3309 444 3391 ιάληθεῖς,
465 3305 516 3375 τὰς
538 3307 571 3368 δὲ
593 3308 716 3390 ψευδεῖς.
974 3306 1106 3388 ἀληθεῖς,
1127 3307 1178 3376 τὰς
1201 3307 1234 3370 δὲ
1256 3308 1378 3391 ψευδεῖς.
1597 3326 1623 3364 ιι

349 3408 551 3492 Ἐπίκουρος
584 3412 679 3472 πᾶσαν
711 3408 847 3493 αἴσθησιν
875 3411 959 3482 καὶ5
1016 3404 1219 3492 Ἐπίκουρος
1249 3413 1344 3474 πᾶσαν
1373 3408 1509 3493 αἴσθησιν
1540 3409 1588 3472 καί

309 3517 404 3576 πᾶσαν
416 3511 575 3596 φαντασίαν
587 3512 698 3596 ἀληθῆ,
714 3516 771 3575 τῶν
786 3513 819 3575 δὲ
834 3511 924 3582 δοξῶν
976 3515 1071 3574 πᾶσαν
1083 3512 1241 3595 φαντασίαν
1253 3512 1364 3596 ἀληθῆ,
1379 3516 1437 3574 τῶν
1453 3513 1485 3574 δὲ
1497 3512 1588 3580 δοξῶν

312 3617 362 3685 τὰς
385 3616 436 3697 μὲν
459 3615 590 3698 ἀληθεῖς,
612 3613 663 3682 τὰς
678 3614 711 3676 δὲ
732 3617 854 3698 ψευδεῖς·
878 3615 925 3677 καὶ
976 3614 1028 3683 τὰς
1044 3613 1095 3695 μὲν
1111 3614 1242 3698 ἀληθεῖς,
1265 3614 1315 3683 τὰς
1338 3615 1371 3677 δὲ
1393 3615 1515 3698 ψευδεῖς·
1540 3616 1589 3678 καὶ

313 3721 332 3802 ῆ
357 3720 408 3801 μὲν
430 3715 581 3800 αἴσθησις,
609 3719 747 3800 μοναχῶς
776 3717 924 3800 ψευδοποι-
976 3719 996 3800 ή
1027 3717 1079 3798 μὲν
1107 3715 1244 3800 αἴσθησις
1272 3722 1409 3802 μοναχῶς
1438 3719 1587 3801 ψευδοποι·

281 3826 386 3883 ιοεῖται
420 3820 493 3883 κατὰ
525 3820 630 3903 νοητά,
664 3820 682 3902 ἡ
718 3818 750 3880 δὲ
782 3819 925 3902 φαντασία
977 3824 1050 3883 εἷται
1083 3820 1156 3882 κατὰ
1189 3820 1294 3902 νοητά,
1328 3822 1347 3903 ῆ
1381 3820 1414 3882 δὲ
1445 3821 1589 3904 φαντασία
1602 3842 1627 3878 ιο

312 3925 417 4007 διχῶς·
446 3923 494 3985 καὶ
520 3923 574 4006 γὰρ
601 3921 752 4002 αἰσθητῶν
774 3920 834 3984 ἐστι
857 3943 925 4004 φαν-
977 3924 1083 4007 διχῶς·
1119 3918 1247 4008 [νοεῖται]
1274 3922 1321 3985 καί
1354 3922 1408 4006 γὰρ
1437 3921 1588 4006 αἰσθητῶν

311 4024 397 4087 τασία
419 4024 467 4086 καλ
490 4028 611 4107 νοητῶν.
977 4025 1038 4089 ἐστι
1059 4025 1202 4110 φαντασία
1224 4026 1272 4088 καὶ
1294 4028 1416 4108 νοητῶν.

305 4216 316 4265 l
337 4214 381 4266 καλ
400 4215 463 4264 AB:
487 4213 530 4263 καὶ
553 4212 617 4263 «ic
641 4217 672 4265 εἰ.
693 4218 714 4267 G
737 4212 751 4281 ΙΙ
773 4214 804 4266 ἰθ
828 4215 871 4265 καλ
892 4214 924 4264 τδι
976 4226 1044 4281 gant.
1056 4217 1080 4268 9.
1099 4218 1168 4267 Plut.
1182 4232 1273 4266 comm.
1286 4219 1360 4266 notit.
1373 4215 1416 4265 47.
1436 4215 1497 4278 quid
1510 4216 1537 4263 in
1552 4213 1633 4263 πάντα

267 4301 381 4369 νοήματα
401 4304 436 4353 G:
460 4301 491 4352 τοὶ
510 4300 574 4352 κατὰ
596 4303 673 4370 νοητά
691 4304 726 4352 B:
751 4301 782 4351 τδι
806 4301 872 4352 κατὰ
893 4300 924 4352 τδι
975 4300 1071 4370 μᾶλλον
1094 4306 1185 4366 lateat,
1208 4306 1295 4353 nescio
1325 4299 1339 4369 Ιψ
1364 4301 1380 4354 5
1402 4298 1582 4369 ’Ἀκαδημαϊκοὶ
1602 4303 1633 4352 cs.

267 4390 345 4458 νοητά
358 4391 426 4451 (A)c
974 4394 1046 4443 Ptol.
1066 4408 1091 4456 p.
1108 4390 1156 4442 155
1177 4387 1191 4457 ΙΙ
1214 4390 1242 4440 ll
1262 4399 1398 4440 servantur
1420 4393 1447 4440 in
1471 4389 1542 4439 Stob.
1562 4387 1592 4450 ἐξ
1608 4385 1633 4438 3.

978 4479 1018 4538 10,
1030 4487 1115 4528 cetera
1125 4494 1157 4528 ex
1167 4479 1188 4527 1.
1199 4479 1275 4527 Dum.
1285 4475 1337 4538 [IV
1348 4495 1372 4542 p⁴
1381 4475 1441 4537 234,
1455 4472 1632 4538 12--236,16]

973 4568 1100 4631 completa
1112 4562 1124 4629 ΙΙ
1141 4563 1172 4614 12
1182 4566 1239 4626 ιίυψ1
1257 4565 1265 4614 ἰ
1288 4566 1319 4614 cf.
1339 4565 1409 4615 I'rol.
1423 4581 1446 4628 p.
1461 4562 1508 4612 142
1523 4557 1537 4628 ΙΙ
1553 4560 1588 4612 ‘20
1601 4564 1632 4612 ιίι·

373 4639 386 4669 ’
973 4655 987 4717 ξ
1001 4654 1017 4706 3
1031 4656 1062 4704 cs.
1076 4655 1155 4703 Arist.
1169 4655 1193 4702 d.
1207 4655 1284 4702 anim.
1300 4654 1325 4701 11
1339 4653 1355 4703 ό
1374 4668 1398 4700 v.
1417 4653 1488 4700 Ptol.
1507 4669 1532 4715 p.
1544 4648 1597 4701 215
1618 4645 1632 4716 Ιψ

974 4740 1008 4793 29
1027 4738 1168 4807 ψευδοποιιῖ
1184 4739 1215 4789 τὰ
1227 4742 1251 4790 D
1273 4734 1287 4804 Η
1307 4737 1338 4790 31
1359 4741 1449 4788 νοεῖται
1470 4739 1578 4787 fortasse
1600 4754 1633 4787 ex

976 4838 1093 4878 correcto
1119 4830 1180 4877 olim
1205 4829 1309 4877 ποιεῖται
1339 4842 1415 4890 super
1437 4821 1580 4890 ψευδοποιεῖ
1603 4823 1634 4873 τδι

975 4925 1059 4965 ortum
1080 4909 1094 4981 ψΙ
1112 4913 1155 4965 31.
1175 4912 1209 4965 32
1222 4911 1340 4982 αἰσθητόν
1358 4923 1384 4963 ει
1401 4910 1489 4979 νοητόν
1507 4914 1532 4961 Ι)
