3442 5588
630 349 905 399 Paeniteomnnh
1403 348 1441 410 1‘1

80 535 174 581 nemo
195 536 261 580 non
276 514 375 581 videt.
413 515 477 580 iam
496 536 573 582 vero
588 536 630 581 ne
645 515 722 598 quid
737 515 998 598 interpolationis
1014 515 1168 581 historiae
1184 516 1278 602 desit,
1302 521 1443 580 aetatem

80 617 175 683 addo.
211 625 349 684 metatur
371 619 456 684 enim
478 619 684 702 πεπυρωμένον
697 617 891 684 Laurentius
906 616 1017 701 Lydus
1030 617 1064 681 in
1079 616 1161 682 libro
1177 617 1219 683 de
1234 638 1336 684 mens.
1349 617 1397 681 111
1412 617 1443 699 8,

79 721 131 802 qni
148 720 230 786 liber
250 730 325 805 post
347 721 488 787 medium
511 741 536 785 ε.
554 721 598 784 Vl
620 721 821 804 conscriptus
841 728 891 786 est
913 718 963 806 [cf.
980 719 1068 784 Hase
1091 720 1142 784 ed.
1159 719 1303 786 Bekkeri
1326 742 1357 803 p.
1373 716 1443 804 ΧΙΙ.

79 844 156 905 ergo
183 823 246 889 etsi
268 830 402 908 propter
428 823 513 888 hunc
540 822 669 906 quidem
696 824 802 888 locum
833 822 950 888 Galeni
980 821 1147 887 historiam
1175 823 1259 887 ultra
1281 843 1306 887 s.
1324 822 1367 888 VI
1391 822 1445 886 de-

80 926 218 1008 primere
240 947 305 991 non
328 935 378 993 est
392 946 536 1009 necesse,
558 932 668 991 tamen
688 925 929 991 concedendum
945 933 994 990 est
1009 925 1078 991 eius
1093 925 1272 1009 exemplari
1287 925 1443 1007 quosdam

79 1027 227 1093 noviciae
249 1037 283 1095 et
306 1029 446 1095 Eusebio
469 1027 602 1092 iunioris
624 1027 884 1110 interpolationis
906 1029 1064 1094 naerulos
1086 1026 1212 1091 inustos
1233 1026 1343 1092 luisse.

166 1133 216 1197 De
240 1131 347 1216 Lydo
370 1151 475 1214 pauca
498 1129 637 1195 dicenda
658 1130 736 1194 mihi
759 1139 842 1195 sunt.
887 1131 1050 1214 excerpsit
1072 1129 1113 1195 de
1136 1151 1237 1196 mens.
1254 1131 1302 1194 Ill
1325 1132 1345 1195 8
1373 1132 1444 1196 Plu·

78 1233 183 1298 tarchi
205 1235 314 1317 capita
337 1233 451 1298 eadem
473 1232 572 1296 1125.
595 1232 647 1296 28.
670 1233 726 1316 31,
754 1234 893 1315 quaein
916 1233 1047 1300 Eusebii
1077 1234 1197 1316 eclogia
1220 1241 1343 1301 extant.
1387 1235 1445 1301 sed

78 1336 201 1401 fallitur
224 1338 250 1401 si
274 1337 346 1419 quis
367 1336 444 1401 inde
466 1334 593 1419 Lydum
621 1334 768 1400 hausisse
791 1336 948 1420 opinetur.
1000 1355 1075 1400 nam
1108 1335 1255 1417 quamvis
1283 1336 1445 1402 simillima
1506 1383 1508 1388 «

78 1440 143 1504 sint
165 1439 370 1524 exemplaria
393 1439 558 1519 utriusque
582 1445 616 1502 ut
638 1438 795 1521 vulgaria,
818 1447 928 1505 tamen
950 1446 999 1503 est
1021 1437 1076 1503 ubi
1099 1437 1227 1502 distent.
1263 1440 1374 1522 lapsus
1396 1448 1446 1504 est

79 1542 240 1607 Eusebius
262 1542 293 1606 Il
316 1544 358 1607 25
377 1554 393 1604 6
415 1545 542 1625 γεώδους
564 1540 734 1622 mutando,
762 1549 850 1607 recte
872 1543 927 1608 ille
948 1562 1020 1606 cum
1041 1540 1156 1605 ceteris
1177 1544 1346 1624 πυρώδους,
1367 1541 1444 1608 item

78 1645 110 1709 ΙΙ
126 1646 168 1709 28
188 1656 204 1706 l
228 1645 480 1728 ὑποκρυπτὸμενον
495 1643 664 1726 Eusebiae,
680 1646 933 1727 ἀποκρυπτόμενον
948 1649 984 1708 ut
997 1642 1094 1724 vulgo
1111 1643 1231 1726 Lydus
1258 1645 1317 1710 sed
1331 1644 1445 1710 fortius

79 1747 141 1811 hoe
156 1747 244 1828 qnod
260 1747 372 1830 Lydus
387 1766 426 1812 ae
442 1746 613 1831 Byzantini
629 1746 660 1809 Il
676 1747 718 1810 25
737 1755 768 1807 13
786 1746 1005 1831 περιειλημένην
1021 1744 1290 1831 (περιειλημμένην)
1305 1746 1446 1830 interpo-

78 1850 180 1914 latum
197 1849 362 1915 exhibent.
389 1870 500 1915 verum
523 1855 573 1915 est
588 1850 797 1934 περιεχομένην
813 1849 956 1914 Stobaei.
988 1867 1119 1913 causam
1142 1849 1322 1931 corrigendi
1345 1849 1446 1914 dabat

80 1953 212 2018 Eusebii
235 1957 420 2035 corruptum
442 1952 556 2017 leviter
578 1952 814 2036 περιερχομένην.
848 1951 962 2017 eodem
984 1950 1123 2034 pertinet
1144 1951 1224 2016 illud
1239 1952 1445 2036 πεπυρωμένον

80 2058 189 2139 quode
204 2056 281 2121 dixi.
316 2055 447 2119 omnino
463 2052 574 2137 Lydus
589 2060 637 2117 tot
652 2053 830 2118 illustribus
844 2053 1054 2137 scriptoribus
1069 2060 1102 2119 et
1116 2055 1242 2136 graecis
1256 2064 1290 2122 et
1304 2055 1446 2120 romanis

80 2180 158 2224 usus
179 2159 267 2224 istud
290 2157 539 2222 christianorum
561 2156 807 2240 compilatorum
829 2176 932 2239 genus
954 2155 1081 2220 ridetur
1102 2156 1311 2225 fastidivisse.

166 2262 270 2325 Huius
285 2259 414 2342 generis
429 2267 478 2324 est
497 2258 863 2344 Pseudo-lustinus,
887 2259 941 2342 qui
963 2258 1219 2325 cohortationem
1241 2260 1284 2325 ad
1306 2259 1446 2341 gentiles

79 2387 147 2431 non
162 2363 261 2429 nullis
274 2384 315 2429 ex
330 2361 504 2427 Plutarcho
521 2361 652 2427 floribus
667 2361 847 2427 exornavit.
879 2382 974 2444 quem
989 2362 1177 2445 scriptorem
1193 2363 1266 2429 ideo
1283 2367 1446 2445 postremo

80 2469 140 2533 hoo
163 2470 235 2533 loco
257 2463 401 2546 nomino,
425 2463 500 2545 quia
522 2463 563 2529 de
585 2472 695 2529 aetate
716 2464 968 2546 haudquaquam
985 2472 1120 2529 constat.
1155 2465 1216 2531 hoc
1232 2473 1341 2531 tamen
1356 2470 1447 2548 patet

80 2570 205 2654 Cyrillo
232 2567 449 2650 antiquiorem
472 2586 545 2631 eum
567 2586 653 2651 esse,
677 2566 796 2650 quippe
818 2566 872 2649 qui
895 2567 969 2633 adv.
985 2567 1044 2631 Iul.
1061 2566 1093 2630 ΙΙ
1111 2589 1142 2650 ρ.
1158 2569 1252 2633 48ιιυ
1272 2588 1313 2633 ex
1335 2587 1362 2631 c.
1379 2567 1443 2631 et

80 2692 146 2736 non
167 2673 261 2737 nulla
282 2670 326 2735 ad
353 2669 488 2734 verbum
509 2668 577 2735 lere
605 2669 812 2752 excerpserit.
846 2668 985 2734 fortasse
1014 2670 1057 2734 ab
1080 2670 1310 2753 Athenagorae
1337 2676 1446 2735 aetate

79 2773 227 2856 proxime
241 2773 352 2855 dietat,
375 2771 465 2837 cuius
487 2771 521 2836 in
537 2771 733 2855 compilandi
747 2771 898 2836 libertate
920 2770 1109 2852 reliquaque
1131 2770 1312 2837 eruditione
1334 2771 1448 2836 similis

79 2884 140 2942 est.
185 2897 262 2942 narn
284 2874 469 2940 Aristotelis
490 2875 545 2958 qui
566 2873 668 2941 fertur
692 2871 867 2938 Posidonio
890 2871 1074 2938 inferiorem
1098 2872 1241 2937 libellum
1264 2874 1306 2939 de
1327 2873 1446 2937 mundo

81 2979 273 3045 nominatim
289 2978 384 3044 affert
406 2997 433 3042 a.
449 2979 470 3041 5
485 2985 519 3044 et
532 2978 671 3043 fortasse
686 2975 729 3040 ad
743 2976 848 3059 ipsum
860 2975 1067 3040 Aristotelem
1091 2975 1132 3039 de
1147 2975 1257 3039 anima
1272 2976 1319 3039 1⁴2
1341 2997 1370 3058 p.
1383 2976 1447 3040 405

81 3079 256 3147 referenda
270 3099 355 3163 quae
370 3099 397 3144 a.
411 3080 428 3143 7
444 3079 486 3145 de
500 3080 610 3145 anima
624 3079 716 3144 varia
732 3076 853 3162 placita
868 3077 984 3143 reddit.
1013 3077 1041 3142 is
1056 3076 1153 3160 igitur
1175 3098 1201 3142 o.
1215 3079 1234 3144 3
1259 3077 1339 3142 baec
1355 3098 1448 3161 prae-

80 3182 170 3249 iatne
185 3184 291 3248 οὐκοῦν
308 3183 464 3266 ἐπειδήπερ
480 3183 538 3245 ἀπὸ
560 3188 619 3265 τῶν
640 3185 773 3246 παλαιῶν
789 3181 836 3245 καὶ
852 3183 975 3264 πρώτων
992 3179 1133 3264 ἄρξασθαι
1149 3183 1299 3265 προσήκει,
1315 3181 1448 3244 ἐντεῦθεν

80 3286 242 3370 ἀρξάμενος
269 3288 322 3370 τὴν
354 3287 477 3349 ἑκάστου
503 3284 587 3353 δόξαν
617 3285 781 3368 ἐκθήσομαι
812 3286 913 3367 πολλῷ
941 3282 1121 3366 γελοιοτέραν
1151 3289 1202 3366 τῆς
1230 3289 1288 3345 τῶν
1319 3290 1448 3367 ποιητῶν
1537 3274 1539 3278 ’

82 3390 236 3472 δεολοηῖας
258 3388 347 3454 οὖσαν
370 3388 484 3454 ΡΙυῖ.Ι
509 3388 529 3452 3
554 3397 575 3448 1.
595 3394 620 3447 3.
639 3397 664 3446 4.
686 3398 723 3448 11.
742 3394 766 3448 ο.
786 3398 811 3449 6.
830 3396 855 3447 7.
874 3395 898 3447 8.
920 3393 960 3447 18.
980 3392 1014 3446 20
1042 3384 1242 3466 compilavit,
1271 3385 1317 3450 ita
1339 3393 1449 3451 tamen

82 3499 118 3555 ut
149 3511 217 3556 non
247 3493 352 3557 solum
387 3489 501 3555 ordine
534 3495 657 3555 mutato
685 3487 883 3554 Heraclitum
913 3485 997 3552 inter
1029 3484 1156 3551 Ionicos
1186 3486 1357 3571 reciperet,
1391 3487 1449 3552 sed

81 3593 182 3659 etiam
210 3594 388 3661 orationem
417 3613 476 3658 suo
499 3591 631 3656 arbitrio
653 3597 801 3656 mutaret.
844 3590 933 3655 velut
954 3587 1121 3653 Plutarchi
1143 3589 1196 3670 §7
1221 3588 1300 3652 οὗτοι
1324 3590 1376 3670 μὲν
1399 3588 1449 3653 οὖν

82 3696 188 3782 ἑφεξῆς
214 3698 351 3781 ἀλλήλους
381 3702 442 3765 ταῖς
470 3696 619 3779 διαδοχαῖς
640 3694 786 3775 γενόμενοι
808 3693 861 3776 τὴν
888 3692 1044 3776 λεχθεῖσαν
1068 3688 1222 3775 Ἰωνικὴν
1250 3695 1449 3776 συμπληροῦσι

81 3799 257 3883 φιλοσοφίαν
287 3801 346 3863 ἀπὸ
373 3799 506 3880 Θαλητος
535 3795 674 3860 fortasse
703 3803 835 3879 propter
861 3792 1060 3858 Heraclitum
1088 3791 1134 3856 sic
1163 3794 1335 3877 expressit:
1370 3795 1449 3858 οὗτοι

82 3903 187 3970 πάντες
213 3902 274 3964 ἀπὸ
301 3902 398 3965 Θαλοῦ
421 3901 472 3969 τὰς
494 3901 633 3984 διαδοχὰς
655 3900 815 3985 ἐσχηκότες
836 3898 889 3980 τὴν
912 3897 1063 3979 φυσικὴν
1086 3893 1130 3958 ὑπ’
1156 3896 1253 3960 αὐτῶν
1269 3898 1450 3981 καλουμένην

84 4004 233 4087 μετῆλθον
262 4005 443 4089 φιλοσοφίαν.
495 4001 643 4066 Thaletis
673 4000 856 4083 opinionem
882 3996 1059 4062 auctiorem
1091 3997 1221 4079 repetiit
1248 4001 1311 4064 cb
1338 4000 1451 4065 addita

85 4106 148 4187 §2
183 4104 228 4171 de
251 4105 382 4189 reliquis
406 4103 612 4189 opinionibus
634 4102 706 4167 istic
728 4099 938 4168 memoratis¹
962 4098 1005 4164 ad
1028 4098 1236 4165 Plutarchum
1259 4108 1347 4167 certo
1370 4103 1451 4167 nihil

84 4207 196 4274 reterri
222 4214 339 4292 potest,
362 4207 424 4274 nisi
447 4207 535 4290 quod
558 4226 584 4271 c.
601 4207 640 4270 31
666 4209 682 4271 ὁ
706 4207 910 4291 μεγαλόφωνος
935 4204 1055 4267 ΙΙλιὶτων
1078 4202 1191 4268 eodem
1213 4204 1308 4268 modo
1331 4204 1452 4270 ironice

84 4310 206 4376 dictum
222 4329 306 4396 esse,
329 4332 392 4395 quo
407 4310 450 4376 ab
464 4309 624 4392 Epicureo
647 4308 735 4391 apud
750 4308 862 4372 ΡΙυῖ.Ι
880 4307 896 4370 l
917 4316 948 4388 4,
971 4304 1151 4369 Hutchinus
1173 4313 1260 4372 reete
1276 4307 1452 4390 perspexit.

83 4412 210 4478 Iustino
235 4419 352 4496 postea
374 4411 538 4479 Hermiam
561 4410 642 4475 illud
666 4416 700 4474 ut
722 4410 788 4474 alia
810 4405 1004 4489 surripuisse
1027 4405 1112 4470 infra
1134 4407 1283 4474 monebo.

170 4515 288 4580 Restat
308 4515 440 4598 ignotae
461 4514 490 4578 is
512 4532 640 4595 quoque
661 4511 779 4576 aetatis
800 4509 991 4591 Achilles,
1014 4529 1109 4590 quem
1125 4508 1245 4576 Suidae
1266 4509 1381 4575 fraude
1400 4509 1454 4575 de-

87 4618 171 4702 cepti
195 4619 295 4701 vulgo
319 4619 457 4684 Statium
485 4616 538 4680 vel
560 4613 688 4679 Tatium
716 4613 919 4697 appellitant.
965 4611 1113 4675 diversus
1140 4611 1225 4677 enim
1251 4618 1301 4677 est
1321 4632 1343 4677 a
1364 4610 1453 4676 iabu-

159 4775 209 4825 ¹e.
228 4792 253 4839 g.
274 4776 327 4825 ωδ
352 4776 383 4825 de
407 4775 525 4826 Platonis
550 4773 746 4835 Aristotelisque
765 4773 875 4837 placitis,
901 4785 965 4834 quae
990 4785 1022 4819 ιιε
1049 4772 1105 4832 quis
1131 4770 1164 4820 ad
1189 4773 1322 4835 pristinum
1345 4771 1453 4819 fortasse

91 4867 242 4928 opinionum
267 4879 333 4928 opus
358 4863 464 4921 referat,
489 4877 582 4910 moneo
608 4862 765 4911 Plutarchco
789 4860 1002 4927 philosophorum
1024 4856 1130 4921 ‚delectu
1160 4873 1233 4906 usum
1257 4873 1312 4906 esse
1336 4859 1452 4907 Pseudo·

90 4952 218 5001 lustinum.
246 4960 383 5015 praetcrea
395 4958 494 5013 patrum
513 4950 618 4998 nomina
632 4948 792 5012 pbilosophis
806 4949 877 4998 nulla
889 4946 984 4997 indidit
1002 4945 1052 4993 nisi
1072 4960 1137 5007 quaa
1157 4946 1209 4994 illic
1228 4953 1325 4994 extant.
1345 4947 1376 4994 ci.
1389 4963 1413 5009 p.
1428 4944 1452 4995 2.

137 5062 230 5109 Diels.
252 5060 401 5111 Doxcgraphl
420 5061 501 5110 maol.
1232 5028 1252 5091 2
