<?xml version="1.0" encoding="UTF-8"?>
<!DOCTYPE html PUBLIC "-//W3C//DTD XHTML 1.0 Transitional//EN"
    "http://www.w3.org/TR/xhtml1/DTD/xhtml1-transitional.dtd">
<html xmlns="http://www.w3.org/1999/xhtml" xml:lang="en" lang="en">
 <head>
  <title>
</title>
<meta http-equiv="Content-Type" content="text/html;charset=utf-8" />
  <meta name='ocr-system' content='tesseract 3.04.00' />
  <meta name='ocr-capabilities' content='ocr_page ocr_carea ocr_par ocr_line ocrx_word'/>
</head>
<body>
  <div class='ocr_page' id='page_1' title='image "./doxographigraec00dielgoog/doxographigraec00dielgoog_0678.png"; bbox 0 0 3442 5588; ppageno 0'>
   <div class='ocr_carea' id='block_1_1' title="bbox 391 341 1114 397">
    <p class='ocr_par' dir='ltr' id='par_1_1' title="bbox 391 341 1114 397">
     <span class='ocr_line' id='line_1_1' title="bbox 391 341 1114 397; baseline 0.003 -5"><span class='ocrx_word' id='word_1_1' title='bbox 391 342 561 394; x_wconf 67' lang='lat' dir='ltr'><strong>naaman</strong></span> <span class='ocrx_word' id='word_1_2' title='bbox 580 342 684 394; x_wconf 71' lang='lat' dir='ltr'><strong>nilus.</strong></span> <span class='ocrx_word' id='word_1_3' title='bbox 705 343 849 395; x_wconf 76' lang='lat' dir='ltr'><strong>GENTIL.</strong></span> <span class='ocrx_word' id='word_1_4' title='bbox 867 341 1114 397; x_wconf 73' lang='lat' dir='ltr'><strong>1‘111aos.1.2.3</strong></span> 
     </span>
    </p>
   </div>
   <div class='ocr_carea' id='block_1_2' title="bbox 429 815 1066 1023">
    <p class='ocr_par' dir='ltr' id='par_1_2' title="bbox 429 815 1066 1023">
     <span class='ocr_line' id='line_1_2' title="bbox 531 815 969 885; baseline 0.005 -4"><span class='ocrx_word' id='word_1_5' title='bbox 531 815 710 884; x_wconf 83' lang='grc' dir='ltr'><strong>ΕΡΜΕΙΟΥ</strong></span> <span class='ocrx_word' id='word_1_6' title='bbox 733 816 969 885; x_wconf 81' lang='grc' dir='ltr'><strong>ΦΙΛΟΣΟΦΟΥ</strong></span> 
     </span>
     <span class='ocr_line' id='line_1_3' title="bbox 429 936 1066 1023; baseline 0.002 -23"><span class='ocrx_word' id='word_1_7' title='bbox 429 937 628 1022; x_wconf 89' lang='grc' dir='ltr'>διασυρμδς</span> <span class='ocrx_word' id='word_1_8' title='bbox 655 942 724 1002; x_wconf 81' lang='grc' dir='ltr'>τῶν</span> <span class='ocrx_word' id='word_1_9' title='bbox 751 936 820 1008; x_wconf 78' lang='grc' dir='ltr'>ἔξω</span> <span class='ocrx_word' id='word_1_10' title='bbox 847 939 1066 1023; x_wconf 89' lang='grc' dir='ltr'>φιλοσόφων.</span> 
     </span>
    </p>
   </div>
   <div class='ocr_carea' id='block_1_3' title="bbox 42 1125 1421 2034">
    <p class='ocr_par' dir='ltr' id='par_1_3' title="bbox 119 1125 1414 1724">
     <span class='ocr_line' id='line_1_4' title="bbox 205 1125 1384 1214; baseline 0.003 -24"><span class='ocrx_word' id='word_1_11' title='bbox 205 1127 225 1190; x_wconf 93' lang='grc'>1</span> <span class='ocrx_word' id='word_1_12' title='bbox 268 1125 408 1197; x_wconf 80' lang='grc' dir='ltr'>Παῦλος</span> <span class='ocrx_word' id='word_1_13' title='bbox 430 1130 446 1191; x_wconf 88' lang='grc' dir='ltr'>ό</span> <span class='ocrx_word' id='word_1_14' title='bbox 470 1127 610 1210; x_wconf 85' lang='grc' dir='ltr'>μακοίριος</span> <span class='ocrx_word' id='word_1_15' title='bbox 630 1127 792 1197; x_wconf 85' lang='grc' dir='ltr'>ἀπόστολος</span> <span class='ocrx_word' id='word_1_16' title='bbox 816 1131 876 1197; x_wconf 87' lang='grc' dir='ltr'>τοῖς</span> <span class='ocrx_word' id='word_1_17' title='bbox 899 1127 952 1211; x_wconf 81' lang='grc' dir='ltr'>τὴν</span> <span class='ocrx_word' id='word_1_18' title='bbox 973 1125 1108 1191; x_wconf 68' lang='grc' dir='ltr'>Ῥλλάδα</span> <span class='ocrx_word' id='word_1_19' title='bbox 1134 1128 1186 1212; x_wconf 80' lang='grc' dir='ltr'>τὴν</span> <span class='ocrx_word' id='word_1_20' title='bbox 1212 1130 1384 1214; x_wconf 77' lang='grc' dir='ltr'>Λακωνικὴν</span> 
     </span>
     <span class='ocr_line' id='line_1_5' title="bbox 119 1226 1385 1316; baseline 0.005 -27"><span class='ocrx_word' id='word_1_21' title='bbox 119 1233 291 1311; x_wconf 80' lang='grc' dir='ltr'>παροικοῦσι</span> <span class='ocrx_word' id='word_1_22' title='bbox 307 1226 519 1314; x_wconf 80' lang='grc' dir='ltr'>Κορινθίοις</span> <span class='ocrx_word' id='word_1_23' title='bbox 533 1231 662 1314; x_wconf 83' lang='grc' dir='ltr'>γράφων,</span> <span class='ocrx_word' id='word_1_24' title='bbox 681 1230 722 1292; x_wconf 72' lang='grc' dir='ltr'>“ιῦ</span> <span class='ocrx_word' id='word_1_25' title='bbox 737 1228 897 1314; x_wconf 74' lang='grc' dir='ltr'>ἀγαπήτοίξ</span> <span class='ocrx_word' id='word_1_26' title='bbox 926 1231 1095 1314; x_wconf 88' lang='grc' dir='ltr'>ἀπεφήνατο</span> <span class='ocrx_word' id='word_1_27' title='bbox 1110 1231 1219 1313; x_wconf 86' lang='grc' dir='ltr'>λέγων·</span> <span class='ocrx_word' id='word_1_28' title='bbox 1237 1232 1272 1315; x_wconf 71' lang='grc' dir='ltr'>&lt;ή</span> <span class='ocrx_word' id='word_1_29' title='bbox 1296 1233 1385 1316; x_wconf 81' lang='grc' dir='ltr'>σοφία</span> 
     </span>
     <span class='ocr_line' id='line_1_6' title="bbox 122 1330 1414 1419; baseline -0.001 -27"><span class='ocrx_word' id='word_1_30' title='bbox 122 1334 173 1393; x_wconf 88' lang='grc' dir='ltr'>τοῦ</span> <span class='ocrx_word' id='word_1_31' title='bbox 195 1330 307 1414; x_wconf 84' lang='grc' dir='ltr'>κόσμου</span> <span class='ocrx_word' id='word_1_32' title='bbox 329 1331 432 1394; x_wconf 85' lang='grc' dir='ltr'>τούτου</span> <span class='ocrx_word' id='word_1_33' title='bbox 456 1333 552 1417; x_wconf 83' lang='grc' dir='ltr'>μωρία</span> <span class='ocrx_word' id='word_1_34' title='bbox 573 1331 652 1416; x_wconf 82' lang='grc' dir='ltr'>παρὰ</span> <span class='ocrx_word' id='word_1_35' title='bbox 676 1337 718 1417; x_wconf 84' lang='grc' dir='ltr'>τῷ</span> <span class='ocrx_word' id='word_1_36' title='bbox 742 1331 821 1419; x_wconf 61' lang='grc' dir='ltr'>θεῷ,</span> <span class='ocrx_word' id='word_1_37' title='bbox 849 1333 903 1396; x_wconf 86' lang='grc' dir='ltr'>οῦκ</span> <span class='ocrx_word' id='word_1_38' title='bbox 925 1332 1064 1402; x_wconf 78' lang='grc' dir='ltr'>ἀσκόπως</span> <span class='ocrx_word' id='word_1_39' title='bbox 1092 1333 1198 1396; x_wconf 80' lang='grc' dir='ltr'>εἰπών·</span> <span class='ocrx_word' id='word_1_40' title='bbox 1229 1336 1310 1397; x_wconf 86' lang='grc' dir='ltr'>δοκεῖ</span> <span class='ocrx_word' id='word_1_41' title='bbox 1330 1336 1414 1418; x_wconf 81' lang='grc' dir='ltr'>γάρι</span> 
     </span>
     <span class='ocr_line' id='line_1_7' title="bbox 124 1433 1383 1519; baseline 0.002 -23"><span class='ocrx_word' id='word_1_42' title='bbox 124 1457 173 1515; x_wconf 87' lang='grc' dir='ltr'>μοι</span> <span class='ocrx_word' id='word_1_43' title='bbox 195 1433 247 1517; x_wconf 85' lang='grc' dir='ltr'>τὴν</span> <span class='ocrx_word' id='word_1_44' title='bbox 270 1434 366 1518; x_wconf 80' lang='grc' dir='ltr'>ἀρχὴν</span> <span class='ocrx_word' id='word_1_45' title='bbox 389 1433 538 1518; x_wconf 80' lang='grc' dir='ltr'>εἰληφέναι</span> <span class='ocrx_word' id='word_1_46' title='bbox 560 1435 620 1498; x_wconf 83' lang='grc' dir='ltr'>ἀπὸ</span> <span class='ocrx_word' id='word_1_47' title='bbox 641 1439 694 1519; x_wconf 85' lang='grc' dir='ltr'>τής</span> <span class='ocrx_word' id='word_1_48' title='bbox 715 1438 774 1499; x_wconf 86' lang='grc' dir='ltr'>τῶν</span> <span class='ocrx_word' id='word_1_49' title='bbox 797 1435 927 1518; x_wconf 90' lang='grc' dir='ltr'>ἀγγέλων</span> <span class='ocrx_word' id='word_1_50' title='bbox 950 1434 1139 1505; x_wconf 87' lang='grc' dir='ltr'>ἀπυστασίας.</span> <span class='ocrx_word' id='word_1_51' title='bbox 1176 1435 1212 1499; x_wconf 78' lang='grc' dir='ltr'>δι’</span> <span class='ocrx_word' id='word_1_52' title='bbox 1234 1437 1269 1519; x_wconf 86' lang='grc' dir='ltr'>ἣν</span> <span class='ocrx_word' id='word_1_53' title='bbox 1289 1435 1383 1500; x_wconf 83' lang='grc' dir='ltr'>αἰτίαν</span> 
     </span>
     <span class='ocr_line' id='line_1_8' title="bbox 122 1533 1384 1623; baseline 0.003 -26"><span class='ocrx_word' id='word_1_54' title='bbox 122 1533 190 1597; x_wconf 84' lang='grc' dir='ltr'>οὔτε</span> <span class='ocrx_word' id='word_1_55' title='bbox 209 1535 352 1620; x_wconf 81' lang='grc' dir='ltr'>σύμφωνα</span> <span class='ocrx_word' id='word_1_56' title='bbox 372 1533 440 1599; x_wconf 84' lang='grc' dir='ltr'>οὔτε</span> <span class='ocrx_word' id='word_1_57' title='bbox 461 1535 590 1619; x_wconf 81' lang='grc' dir='ltr'>ὁμόλογα</span> <span class='ocrx_word' id='word_1_58' title='bbox 611 1539 639 1601; x_wconf 80' lang='grc' dir='ltr'>οἱ</span> <span class='ocrx_word' id='word_1_59' title='bbox 654 1537 809 1623; x_wconf 90' lang='grc' dir='ltr'>φιλόσοφοι</span> <span class='ocrx_word' id='word_1_60' title='bbox 824 1537 897 1622; x_wconf 85' lang='grc' dir='ltr'>πρὸς</span> <span class='ocrx_word' id='word_1_61' title='bbox 912 1537 1059 1622; x_wconf 88' lang='grc' dir='ltr'>ἀλλήλους</span> <span class='ocrx_word' id='word_1_62' title='bbox 1072 1538 1202 1621; x_wconf 83' lang='grc' dir='ltr'>λέγοντες</span> <span class='ocrx_word' id='word_1_63' title='bbox 1224 1538 1384 1603; x_wconf 84' lang='grc' dir='ltr'>ἐκτίθενται</span> 
     </span>
     <span class='ocr_line' id='line_1_9' title="bbox 121 1636 760 1724; baseline 0.005 -26"><span class='ocrx_word' id='word_1_64' title='bbox 121 1636 158 1700; x_wconf 84' lang='grc' dir='ltr'>τὰ</span> <span class='ocrx_word' id='word_1_65' title='bbox 179 1637 322 1719; x_wconf 88' lang='grc' dir='ltr'>δόγματα.</span> <span class='ocrx_word' id='word_1_66' title='bbox 755 1713 760 1724; x_wconf 32' lang='lat'>⁸</span> 
     </span>
    </p>

    <p class='ocr_par' dir='ltr' id='par_1_4' title="bbox 207 1737 1383 1828">
     <span class='ocr_line' id='line_1_10' title="bbox 207 1737 1383 1828; baseline 0.003 -24"><span class='ocrx_word' id='word_1_67' title='bbox 207 1741 228 1804; x_wconf 85' lang='lat'>2</span> <span class='ocrx_word' id='word_1_68' title='bbox 272 1737 309 1804; x_wconf 88' lang='grc' dir='ltr'>Οί</span> <span class='ocrx_word' id='word_1_69' title='bbox 333 1740 386 1822; x_wconf 81' lang='grc' dir='ltr'>μὲν</span> <span class='ocrx_word' id='word_1_70' title='bbox 409 1742 462 1825; x_wconf 87' lang='grc' dir='ltr'>γάρ</span> <span class='ocrx_word' id='word_1_71' title='bbox 485 1761 572 1826; x_wconf 91' lang='grc' dir='ltr'>φασιν</span> <span class='ocrx_word' id='word_1_72' title='bbox 595 1741 692 1806; x_wconf 82' lang='grc' dir='ltr'>αὐτῶν</span> <span class='ocrx_word' id='word_1_73' title='bbox 715 1744 814 1827; x_wconf 79' lang='grc' dir='ltr'>ψυχήν</span> <span class='ocrx_word' id='word_1_74' title='bbox 836 1741 908 1806; x_wconf 79' lang='grc' dir='ltr'>εἶναι</span> <span class='ocrx_word' id='word_1_75' title='bbox 930 1742 964 1805; x_wconf 85' lang='grc' dir='ltr'>τὸ</span> <span class='ocrx_word' id='word_1_76' title='bbox 986 1746 1054 1827; x_wconf 88' lang='grc' dir='ltr'>πῦρ,</span> <span class='ocrx_word' id='word_1_77' title='bbox 1076 1745 1104 1805; x_wconf 83' lang='lat' dir='ltr'>oi</span> <span class='ocrx_word' id='word_1_78' title='bbox 1119 1744 1153 1806; x_wconf 84' lang='grc' dir='ltr'>δὲ</span> <span class='ocrx_word' id='word_1_79' title='bbox 1173 1745 1223 1808; x_wconf 81' lang='grc' dir='ltr'>τὸν</span> <span class='ocrx_word' id='word_1_80' title='bbox 1246 1744 1319 1828; x_wconf 90' lang='grc' dir='ltr'>ἀέρα</span> <span class='ocrx_word' id='word_1_81' title='bbox 1341 1745 1383 1826; x_wconf 84' lang='lat' dir='ltr'>[ol</span> 
     </span>
    </p>

    <p class='ocr_par' dir='ltr' id='par_1_5' title="bbox 42 1841 1421 2034">
     <span class='ocr_line' id='line_1_11' title="bbox 42 1841 1421 1930; baseline -0.001 -24"><span class='ocrx_word' id='word_1_82' title='bbox 42 1852 44 1855; x_wconf 82' lang='grc'><strong>’</strong></span> <span class='ocrx_word' id='word_1_83' title='bbox 119 1841 271 1922; x_wconf 85' lang='grc' dir='ltr'>Στωικοί],</span> <span class='ocrx_word' id='word_1_84' title='bbox 293 1843 321 1904; x_wconf 81' lang='grc' dir='ltr'>οἱ</span> <span class='ocrx_word' id='word_1_85' title='bbox 343 1843 376 1905; x_wconf 80' lang='grc' dir='ltr'>δὲ</span> <span class='ocrx_word' id='word_1_86' title='bbox 397 1843 446 1907; x_wconf 86' lang='grc' dir='ltr'>τδν</span> <span class='ocrx_word' id='word_1_87' title='bbox 469 1847 546 1922; x_wconf 90' lang='grc' dir='ltr'>νοῦν,</span> <span class='ocrx_word' id='word_1_88' title='bbox 569 1846 596 1907; x_wconf 79' lang='lat' dir='ltr'>ol</span> <span class='ocrx_word' id='word_1_89' title='bbox 619 1845 652 1907; x_wconf 79' lang='grc' dir='ltr'>δὲ</span> <span class='ocrx_word' id='word_1_90' title='bbox 673 1846 726 1929; x_wconf 82' lang='grc' dir='ltr'>τήν</span> <span class='ocrx_word' id='word_1_91' title='bbox 749 1845 873 1928; x_wconf 87' lang='grc' dir='ltr'>κίνήσιν,</span> <span class='ocrx_word' id='word_1_92' title='bbox 896 1843 1110 1929; x_wconf 72' lang='grc' dir='ltr'>ΓΗράκλειτος]</span> <span class='ocrx_word' id='word_1_93' title='bbox 1133 1847 1161 1908; x_wconf 85' lang='grc' dir='ltr'>οἱ</span> <span class='ocrx_word' id='word_1_94' title='bbox 1183 1847 1217 1910; x_wconf 77' lang='grc' dir='ltr'>δὲ</span> <span class='ocrx_word' id='word_1_95' title='bbox 1238 1847 1290 1930; x_wconf 84' lang='grc' dir='ltr'>τήν</span> <span class='ocrx_word' id='word_1_96' title='bbox 1313 1847 1379 1909; x_wconf 78' lang='grc' dir='ltr'>ἀνα·</span> <span class='ocrx_word' id='word_1_97' title='bbox 1397 1866 1421 1905; x_wconf 87' lang='lat' dir='ltr'>lo</span> 
     </span>
     <span class='ocr_line' id='line_1_12' title="bbox 119 1945 1384 2034; baseline 0.002 -26"><span class='ocrx_word' id='word_1_98' title='bbox 119 1945 265 2028; x_wconf 87' lang='grc' dir='ltr'>θυμίασιν,</span> <span class='ocrx_word' id='word_1_99' title='bbox 288 1946 316 2008; x_wconf 85' lang='grc' dir='ltr'>οἱ</span> <span class='ocrx_word' id='word_1_100' title='bbox 338 1946 372 2009; x_wconf 80' lang='grc' dir='ltr'>δὲ</span> <span class='ocrx_word' id='word_1_101' title='bbox 393 1946 513 2030; x_wconf 80' lang='grc' dir='ltr'>δύναμιν</span> <span class='ocrx_word' id='word_1_102' title='bbox 535 1948 594 2011; x_wconf 82' lang='grc' dir='ltr'>ἀπὸ</span> <span class='ocrx_word' id='word_1_103' title='bbox 616 1950 674 2011; x_wconf 85' lang='grc' dir='ltr'>τῦν</span> <span class='ocrx_word' id='word_1_104' title='bbox 697 1947 810 2032; x_wconf 88' lang='grc' dir='ltr'>ἀστρων</span> <span class='ocrx_word' id='word_1_105' title='bbox 834 1948 966 2034; x_wconf 76' lang='grc' dir='ltr'>ῥέουσαν,</span> <span class='ocrx_word' id='word_1_106' title='bbox 988 1949 1015 2010; x_wconf 86' lang='lat' dir='ltr'>ol</span> <span class='ocrx_word' id='word_1_107' title='bbox 1039 1948 1073 2010; x_wconf 80' lang='grc' dir='ltr'>δὲ</span> <span class='ocrx_word' id='word_1_108' title='bbox 1093 1948 1218 2031; x_wconf 82' lang='grc' dir='ltr'>ἀριθμὸν</span> <span class='ocrx_word' id='word_1_109' title='bbox 1241 1949 1384 2032; x_wconf 83' lang='grc' dir='ltr'>κινητικόν</span> 
     </span>
    </p>
   </div>
   <div class='ocr_carea' id='block_1_4' title="bbox 117 2045 1424 2751">
    <p class='ocr_par' dir='ltr' id='par_1_6' title="bbox 117 2045 1424 2543">
     <span class='ocr_line' id='line_1_13' title="bbox 121 2045 1385 2136; baseline 0.002 -24"><span class='ocrx_word' id='word_1_110' title='bbox 121 2047 337 2131; x_wconf 84' lang='grc' dir='ltr'>[Πυθαγόρας],</span> <span class='ocrx_word' id='word_1_111' title='bbox 359 2051 387 2111; x_wconf 84' lang='lat' dir='ltr'>ol</span> <span class='ocrx_word' id='word_1_112' title='bbox 409 2051 442 2112; x_wconf 77' lang='grc' dir='ltr'>δὲ</span> <span class='ocrx_word' id='word_1_113' title='bbox 457 2050 536 2134; x_wconf 87' lang='grc' dir='ltr'>ῦδωρ</span> <span class='ocrx_word' id='word_1_114' title='bbox 548 2049 697 2132; x_wconf 86' lang='grc' dir='ltr'>γονοπυιόν</span> <span class='ocrx_word' id='word_1_115' title='bbox 720 2045 865 2132; x_wconf 80' lang='grc' dir='ltr'>[Ίππων],</span> <span class='ocrx_word' id='word_1_116' title='bbox 887 2051 915 2112; x_wconf 89' lang='grc' dir='ltr'>οί</span> <span class='ocrx_word' id='word_1_117' title='bbox 936 2050 970 2112; x_wconf 83' lang='grc' dir='ltr'>δὲ</span> <span class='ocrx_word' id='word_1_118' title='bbox 991 2054 1134 2134; x_wconf 88' lang='grc' dir='ltr'>στοιχεῖον</span> <span class='ocrx_word' id='word_1_119' title='bbox 1157 2051 1216 2114; x_wconf 84' lang='grc' dir='ltr'>ἀπὸ</span> <span class='ocrx_word' id='word_1_120' title='bbox 1233 2052 1385 2136; x_wconf 82' lang='grc' dir='ltr'>στοιχείων</span> 
     </span>
     <span class='ocr_line' id='line_1_14' title="bbox 120 2149 1384 2238; baseline 0.002 -25"><span class='ocrx_word' id='word_1_121' title='bbox 120 2152 146 2213; x_wconf 89' lang='grc' dir='ltr'>οἱ</span> <span class='ocrx_word' id='word_1_122' title='bbox 169 2151 203 2214; x_wconf 81' lang='grc' dir='ltr'>δὲ</span> <span class='ocrx_word' id='word_1_123' title='bbox 225 2151 363 2233; x_wconf 88' lang='grc' dir='ltr'>ἁρμονίαν</span> <span class='ocrx_word' id='word_1_124' title='bbox 388 2152 585 2238; x_wconf 83' lang='grc' dir='ltr'>[Δείναρχος],</span> <span class='ocrx_word' id='word_1_125' title='bbox 607 2153 634 2215; x_wconf 82' lang='grc' dir='ltr'>οἱ</span> <span class='ocrx_word' id='word_1_126' title='bbox 658 2152 746 2215; x_wconf 80' lang='grc' dir='ltr'>δὲτὸ</span> <span class='ocrx_word' id='word_1_127' title='bbox 769 2152 844 2236; x_wconf 90' lang='grc' dir='ltr'>αίμα</span> <span class='ocrx_word' id='word_1_128' title='bbox 867 2149 1025 2236; x_wconf 82' lang='grc' dir='ltr'>[Κριτίας],</span> <span class='ocrx_word' id='word_1_129' title='bbox 1048 2155 1077 2216; x_wconf 85' lang='grc' dir='ltr'>οἱ</span> <span class='ocrx_word' id='word_1_130' title='bbox 1099 2155 1186 2217; x_wconf 82' lang='grc' dir='ltr'>δὲτὸ</span> <span class='ocrx_word' id='word_1_131' title='bbox 1210 2159 1334 2237; x_wconf 85' lang='grc' dir='ltr'>πνεῦμα,</span> <span class='ocrx_word' id='word_1_132' title='bbox 1356 2156 1384 2217; x_wconf 84' lang='lat' dir='ltr'>oi</span> 
     </span>
     <span class='ocr_line' id='line_1_15' title="bbox 118 2254 1383 2342; baseline 0.002 -25"><span class='ocrx_word' id='word_1_133' title='bbox 118 2255 224 2337; x_wconf 78' lang='grc' dir='ltr'>δὲτὴν</span> <span class='ocrx_word' id='word_1_134' title='bbox 248 2256 360 2335; x_wconf 82' lang='grc' dir='ltr'>μονάδα</span> <span class='ocrx_word' id='word_1_135' title='bbox 383 2254 597 2339; x_wconf 84' lang='grc' dir='ltr'>[Πυθαγόρας],</span> <span class='ocrx_word' id='word_1_136' title='bbox 619 2254 742 2339; x_wconf 66' lang='grc' dir='ltr'>καίγοῑ</span> <span class='ocrx_word' id='word_1_137' title='bbox 764 2256 883 2320; x_wconf 82' lang='grc' dir='ltr'>παλαιοί</span> <span class='ocrx_word' id='word_1_138' title='bbox 905 2256 942 2319; x_wconf 86' lang='grc' dir='ltr'>τὰ</span> <span class='ocrx_word' id='word_1_139' title='bbox 964 2255 1089 2318; x_wconf 80' lang='grc' dir='ltr'>ἐναντία.</span> <span class='ocrx_word' id='word_1_140' title='bbox 1123 2257 1208 2321; x_wconf 88' lang='grc' dir='ltr'>πόσοι</span> <span class='ocrx_word' id='word_1_141' title='bbox 1222 2256 1302 2340; x_wconf 91' lang='grc' dir='ltr'>λόγοι</span> <span class='ocrx_word' id='word_1_142' title='bbox 1317 2258 1383 2342; x_wconf 80' lang='grc' dir='ltr'>περὶ</span> 
     </span>
     <span class='ocr_line' id='line_1_16' title="bbox 117 2355 1424 2443; baseline 0.004 -25"><span class='ocrx_word' id='word_1_143' title='bbox 117 2357 242 2433; x_wconf 82' lang='grc' dir='ltr'>τούτων,</span> <span class='ocrx_word' id='word_1_144' title='bbox 275 2355 470 2442; x_wconf 78' lang='grc' dir='ltr'>ἐπιχειρήσεις</span> <span class='ocrx_word' id='word_1_145' title='bbox 498 2358 602 2437; x_wconf 88' lang='grc' dir='ltr'>πόσαι,</span> <span class='ocrx_word' id='word_1_146' title='bbox 635 2359 723 2423; x_wconf 90' lang='grc' dir='ltr'>πόσαι</span> <span class='ocrx_word' id='word_1_147' title='bbox 757 2357 835 2421; x_wconf 83' lang='grc' dir='ltr'>δίκαι</span> <span class='ocrx_word' id='word_1_148' title='bbox 869 2361 1015 2442; x_wconf 81' lang='grc' dir='ltr'>σοφιστῶν</span> <span class='ocrx_word' id='word_1_149' title='bbox 1044 2358 1197 2443; x_wconf 76' lang='grc' dir='ltr'>ἐριζόντων</span> <span class='ocrx_word' id='word_1_150' title='bbox 1225 2361 1334 2441; x_wconf 81' lang='grc' dir='ltr'>μᾶλλον</span> <span class='ocrx_word' id='word_1_151' title='bbox 1360 2360 1424 2443; x_wconf 69' lang='grc' dir='ltr'>ήισ</span> 
     </span>
     <span class='ocr_line' id='line_1_17' title="bbox 118 2458 474 2543; baseline 0.006 -23"><span class='ocrx_word' id='word_1_152' title='bbox 118 2458 247 2540; x_wconf 75' lang='grc' dir='ltr'>τάληθὲς</span> <span class='ocrx_word' id='word_1_153' title='bbox 268 2459 474 2543; x_wconf 69' lang='grc' dir='ltr'>εὑρισκόντωνγ</span> 
     </span>
    </p>

    <p class='ocr_par' dir='ltr' id='par_1_7' title="bbox 118 2559 1384 2751">
     <span class='ocr_line' id='line_1_18' title="bbox 207 2559 1384 2649; baseline -0.001 -23"><span class='ocrx_word' id='word_1_154' title='bbox 207 2559 228 2626; x_wconf 80' lang='grc'><strong>3</strong></span> <span class='ocrx_word' id='word_1_155' title='bbox 268 2559 357 2626; x_wconf 85' lang='grc' dir='ltr'>Ἀλλὰ</span> <span class='ocrx_word' id='word_1_156' title='bbox 379 2563 433 2646; x_wconf 85' lang='grc' dir='ltr'>γὰρ</span> <span class='ocrx_word' id='word_1_157' title='bbox 456 2560 549 2627; x_wconf 86' lang='grc' dir='ltr'>ἔστω·</span> <span class='ocrx_word' id='word_1_158' title='bbox 580 2566 766 2636; x_wconf 74' lang='grc' dir='ltr'>στασιάζουσι</span> <span class='ocrx_word' id='word_1_159' title='bbox 790 2563 842 2646; x_wconf 70' lang='grc' dir='ltr'>μὲν</span> <span class='ocrx_word' id='word_1_160' title='bbox 865 2562 931 2647; x_wconf 75' lang='grc' dir='ltr'>περὶ</span> <span class='ocrx_word' id='word_1_161' title='bbox 960 2568 1013 2648; x_wconf 79' lang='grc' dir='ltr'>τῆς</span> <span class='ocrx_word' id='word_1_162' title='bbox 1038 2569 1137 2649; x_wconf 83' lang='grc' dir='ltr'>ψυχῆς</span> <span class='ocrx_word' id='word_1_163' title='bbox 1159 2590 1180 2630; x_wconf 72' lang='grc' dir='ltr'>κ</span> <span class='ocrx_word' id='word_1_164' title='bbox 1202 2589 1223 2630; x_wconf 78' lang='grc' dir='ltr'>κ</span> <span class='ocrx_word' id='word_1_165' title='bbox 1245 2590 1265 2630; x_wconf 76' lang='lat' dir='ltr'><strong>s</strong></span> <span class='ocrx_word' id='word_1_166' title='bbox 1292 2563 1329 2626; x_wconf 88' lang='grc' dir='ltr'>τά</span> <span class='ocrx_word' id='word_1_167' title='bbox 1352 2564 1384 2626; x_wconf 81' lang='grc' dir='ltr'>δὲ</span> 
     </span>
     <span class='ocr_line' id='line_1_19' title="bbox 118 2662 1384 2751; baseline 0.005 -26"><span class='ocrx_word' id='word_1_168' title='bbox 118 2662 206 2727; x_wconf 87' lang='grc' dir='ltr'>λοιπά</span> <span class='ocrx_word' id='word_1_169' title='bbox 220 2665 286 2748; x_wconf 79' lang='grc' dir='ltr'>περὶ</span> <span class='ocrx_word' id='word_1_170' title='bbox 300 2665 392 2750; x_wconf 86' lang='grc' dir='ltr'>αδτής</span> <span class='ocrx_word' id='word_1_171' title='bbox 411 2667 599 2748; x_wconf 83' lang='grc' dir='ltr'>ὁμονοοῦντες</span> <span class='ocrx_word' id='word_1_172' title='bbox 616 2668 816 2751; x_wconf 84' lang='grc' dir='ltr'>ἀπεφήναντο·</span> <span class='ocrx_word' id='word_1_173' title='bbox 838 2662 922 2747; x_wconf 57' lang='lat' dir='ltr'>faoi</span> <span class='ocrx_word' id='word_1_174' title='bbox 944 2665 1026 2729; x_wconf 85' lang='grc' dir='ltr'>οἶλλοι</span> <span class='ocrx_word' id='word_1_175' title='bbox 1049 2667 1101 2750; x_wconf 77' lang='grc' dir='ltr'>τὴν</span> <span class='ocrx_word' id='word_1_176' title='bbox 1123 2666 1231 2750; x_wconf 85' lang='grc' dir='ltr'>ήδυνήν</span> <span class='ocrx_word' id='word_1_177' title='bbox 1255 2666 1346 2751; x_wconf 84' lang='grc' dir='ltr'>αδτής</span> <span class='ocrx_word' id='word_1_178' title='bbox 1368 2670 1384 2731; x_wconf 88' lang='grc'>6</span> 
     </span>
    </p>
   </div>
   <div class='ocr_carea' id='block_1_5' title="bbox 118 2767 1445 3060">
    <p class='ocr_par' dir='ltr' id='par_1_8' title="bbox 118 2767 1445 3060">
     <span class='ocr_line' id='line_1_20' title="bbox 118 2767 1377 2851; baseline 0.003 -22"><span class='ocrx_word' id='word_1_179' title='bbox 118 2767 169 2849; x_wconf 87' lang='grc' dir='ltr'>μέν</span> <span class='ocrx_word' id='word_1_180' title='bbox 191 2790 234 2835; x_wconf 90' lang='grc' dir='ltr'>τις</span> <span class='ocrx_word' id='word_1_181' title='bbox 256 2767 367 2848; x_wconf 84' lang='grc' dir='ltr'>ἀγαθὸν</span> <span class='ocrx_word' id='word_1_182' title='bbox 390 2771 487 2847; x_wconf 82' lang='grc' dir='ltr'>καλεῖ,</span> <span class='ocrx_word' id='word_1_183' title='bbox 510 2771 526 2833; x_wconf 88' lang='grc' dir='ltr'>ό</span> <span class='ocrx_word' id='word_1_184' title='bbox 550 2769 583 2832; x_wconf 86' lang='grc' dir='ltr'>δέ</span> <span class='ocrx_word' id='word_1_185' title='bbox 605 2794 646 2839; x_wconf 90' lang='grc' dir='ltr'>τις</span> <span class='ocrx_word' id='word_1_186' title='bbox 668 2769 774 2848; x_wconf 91' lang='grc' dir='ltr'>κακόν,</span> <span class='ocrx_word' id='word_1_187' title='bbox 804 2771 820 2833; x_wconf 88' lang='grc' dir='ltr'>ό</span> <span class='ocrx_word' id='word_1_188' title='bbox 842 2767 868 2832; x_wconf 86' lang='grc' dir='ltr'>δ’</span> <span class='ocrx_word' id='word_1_189' title='bbox 896 2767 934 2833; x_wconf 86' lang='grc' dir='ltr'>αῦ</span> <span class='ocrx_word' id='word_1_190' title='bbox 957 2768 1045 2851; x_wconf 83' lang='grc' dir='ltr'>μέσον</span> <span class='ocrx_word' id='word_1_191' title='bbox 1067 2769 1182 2851; x_wconf 89' lang='grc' dir='ltr'>ἀγαθοῦ</span> <span class='ocrx_word' id='word_1_192' title='bbox 1204 2769 1252 2831; x_wconf 81' lang='grc' dir='ltr'>καὶ</span> <span class='ocrx_word' id='word_1_193' title='bbox 1274 2775 1377 2848; x_wconf 91' lang='grc' dir='ltr'>κακοῦ,</span> 
     </span>
     <span class='ocr_line' id='line_1_21' title="bbox 118 2870 1425 2958; baseline 0 -26"><span class='ocrx_word' id='word_1_194' title='bbox 118 2871 170 2953; x_wconf 80' lang='grc' dir='ltr'>τήν</span> <span class='ocrx_word' id='word_1_195' title='bbox 193 2870 226 2933; x_wconf 85' lang='grc' dir='ltr'>δὲ</span> <span class='ocrx_word' id='word_1_196' title='bbox 249 2870 333 2954; x_wconf 87' lang='grc' dir='ltr'>φῦσιν</span> <span class='ocrx_word' id='word_1_197' title='bbox 356 2871 458 2956; x_wconf 78' lang='grc' dir='ltr'>αὐτῆς,</span> <span class='ocrx_word' id='word_1_198' title='bbox 481 2875 508 2935; x_wconf 85' lang='lat' dir='ltr'>ol</span> <span class='ocrx_word' id='word_1_199' title='bbox 531 2873 583 2955; x_wconf 83' lang='grc' dir='ltr'>μὲν</span> <span class='ocrx_word' id='word_1_200' title='bbox 607 2872 753 2936; x_wconf 87' lang='grc' dir='ltr'>ἀθάνατόν</span> <span class='ocrx_word' id='word_1_201' title='bbox 775 2893 872 2958; x_wconf 91' lang='grc' dir='ltr'>φασιν,</span> <span class='ocrx_word' id='word_1_202' title='bbox 895 2873 922 2935; x_wconf 83' lang='grc' dir='ltr'>οἱ</span> <span class='ocrx_word' id='word_1_203' title='bbox 946 2872 979 2934; x_wconf 83' lang='grc' dir='ltr'>δὲ</span> <span class='ocrx_word' id='word_1_204' title='bbox 1003 2872 1123 2956; x_wconf 87' lang='grc' dir='ltr'>θνήτήν,</span> <span class='ocrx_word' id='word_1_205' title='bbox 1146 2872 1174 2934; x_wconf 79' lang='lat' dir='ltr'>ol</span> <span class='ocrx_word' id='word_1_206' title='bbox 1189 2872 1223 2934; x_wconf 83' lang='grc' dir='ltr'>δὲ</span> <span class='ocrx_word' id='word_1_207' title='bbox 1237 2873 1310 2955; x_wconf 85' lang='grc' dir='ltr'>πρὸς</span> <span class='ocrx_word' id='word_1_208' title='bbox 1325 2872 1382 2935; x_wconf 86' lang='grc' dir='ltr'>ὀλί-</span> <span class='ocrx_word' id='word_1_209' title='bbox 1400 2893 1425 2932; x_wconf 81' lang='lat' dir='ltr'>oo</span> 
     </span>
     <span class='ocr_line' id='line_1_22' title="bbox 119 2972 1445 3060; baseline 0.002 -24"><span class='ocrx_word' id='word_1_210' title='bbox 119 2996 168 3056; x_wconf 95' lang='grc' dir='ltr'>γον</span> <span class='ocrx_word' id='word_1_211' title='bbox 184 2972 435 3054; x_wconf 74' lang='grc' dir='ltr'>ἐπιδιαμένουσαν,</span> <span class='ocrx_word' id='word_1_212' title='bbox 459 2977 486 3037; x_wconf 86' lang='lat' dir='ltr'>ol</span> <span class='ocrx_word' id='word_1_213' title='bbox 509 2975 543 3038; x_wconf 82' lang='grc' dir='ltr'>δὲ</span> <span class='ocrx_word' id='word_1_214' title='bbox 565 2975 776 3059; x_wconf 85' lang='grc' dir='ltr'>ἀπυθήριοῦσιν</span> <span class='ocrx_word' id='word_1_215' title='bbox 799 2974 902 3060; x_wconf 89' lang='grc' dir='ltr'>αδτήν,</span> <span class='ocrx_word' id='word_1_216' title='bbox 924 2975 952 3038; x_wconf 80' lang='grc' dir='ltr'>οἱ</span> <span class='ocrx_word' id='word_1_217' title='bbox 967 2975 1001 3038; x_wconf 79' lang='grc' dir='ltr'>δὲ</span> <span class='ocrx_word' id='word_1_218' title='bbox 1015 2975 1055 3045; x_wconf 86' lang='grc' dir='ltr'>εἰς</span> <span class='ocrx_word' id='word_1_219' title='bbox 1070 2972 1197 3057; x_wconf 86' lang='grc' dir='ltr'>ἀτόμους</span> <span class='ocrx_word' id='word_1_220' title='bbox 1212 2974 1385 3055; x_wconf 76' lang='grc' dir='ltr'>διαλύουσιν,</span> <span class='ocrx_word' id='word_1_221' title='bbox 1415 3052 1418 3059; x_wconf 25' lang='lat'><strong>¹</strong></span> <span class='ocrx_word' id='word_1_222' title='bbox 1444 2976 1445 2980; x_wconf 66' lang='grc'>’</span> 
     </span>
    </p>
   </div>
   <div class='ocr_carea' id='block_1_6' title="bbox 106 3209 1435 3283">
    <p class='ocr_par' dir='ltr' id='par_1_9' title="bbox 106 3209 1435 3283">
     <span class='ocr_line' id='line_1_23' title="bbox 106 3209 1435 3283; baseline 0.001 -18"><span class='ocrx_word' id='word_1_223' title='bbox 106 3209 251 3283; x_wconf 84' lang='grc' dir='ltr'>ΙἙρμιίου</span> <span class='ocrx_word' id='word_1_224' title='bbox 272 3215 318 3264; x_wconf 79' lang='grc' dir='ltr'>τοῦ</span> <span class='ocrx_word' id='word_1_225' title='bbox 341 3212 477 3282; x_wconf 86' lang='grc' dir='ltr'>φιλοσόφου</span> <span class='ocrx_word' id='word_1_226' title='bbox 498 3216 649 3265; x_wconf 84' lang='lat' dir='ltr'><strong>Dsrmsrius</strong></span> <span class='ocrx_word' id='word_1_227' title='bbox 670 3210 683 3282; x_wconf 82' lang='grc' dir='ltr'>Η</span> <span class='ocrx_word' id='word_1_228' title='bbox 708 3212 725 3266; x_wconf 85' lang='grc'>3</span> <span class='ocrx_word' id='word_1_229' title='bbox 777 3226 814 3265; x_wconf 89' lang='grc' dir='ltr'>ατ.</span> <span class='ocrx_word' id='word_1_230' title='bbox 833 3211 858 3264; x_wconf 82' lang='grc' dir='ltr'>ἀ.</span> <span class='ocrx_word' id='word_1_231' title='bbox 877 3215 940 3266; x_wconf 85' lang='lat' dir='ltr'><strong>Otto</strong></span> <span class='ocrx_word' id='word_1_232' title='bbox 961 3213 1002 3276; x_wconf 82' lang='lat' dir='ltr'><strong>[of.</strong></span> <span class='ocrx_word' id='word_1_233' title='bbox 1020 3215 1092 3264; x_wconf 83' lang='lat' dir='ltr'><strong>Astii</strong></span> <span class='ocrx_word' id='word_1_234' title='bbox 1110 3216 1200 3267; x_wconf 73' lang='lat' dir='ltr'><strong>Placia</strong></span> <span class='ocrx_word' id='word_1_235' title='bbox 1218 3215 1257 3265; x_wconf 91' lang='lat' dir='ltr'>1v</span> <span class='ocrx_word' id='word_1_236' title='bbox 1274 3212 1289 3264; x_wconf 86' lang='grc'>2</span> <span class='ocrx_word' id='word_1_237' title='bbox 1308 3214 1340 3278; x_wconf 74' lang='lat'>7].</span> <span class='ocrx_word' id='word_1_238' title='bbox 1359 3224 1386 3265; x_wconf 85' lang='lat' dir='ltr'>st</span> <span class='ocrx_word' id='word_1_239' title='bbox 1404 3217 1435 3266; x_wconf 79' lang='lat' dir='ltr'>cf.</span> 
     </span>
    </p>
   </div>
   <div class='ocr_carea' id='block_1_7' title="bbox 63 3296 1434 5037">
    <p class='ocr_par' dir='ltr' id='par_1_10' title="bbox 64 3296 1434 4143">
     <span class='ocr_line' id='line_1_24' title="bbox 65 3296 1434 3371; baseline 0 -19"><span class='ocrx_word' id='word_1_240' title='bbox 65 3302 114 3370; x_wconf 81' lang='grc' dir='ltr'>τὴν</span> <span class='ocrx_word' id='word_1_241' title='bbox 130 3296 235 3353; x_wconf 81' lang='grc' dir='ltr'>Ἑλλάδα</span> <span class='ocrx_word' id='word_1_242' title='bbox 245 3329 277 3339; x_wconf 93' lang='grc'><strong>-</strong></span> <span class='ocrx_word' id='word_1_243' title='bbox 288 3306 434 3371; x_wconf 84' lang='grc' dir='ltr'>παροικοῦσι</span> <span class='ocrx_word' id='word_1_244' title='bbox 458 3304 553 3353; x_wconf 79' lang='lat' dir='ltr'><strong>dolavit</strong></span> <span class='ocrx_word' id='word_1_245' title='bbox 575 3317 632 3351; x_wconf 85' lang='lat' dir='ltr'>oum</span> <span class='ocrx_word' id='word_1_246' title='bbox 651 3302 725 3352; x_wconf 79' lang='lat' dir='ltr'><strong>Men·</strong></span> <span class='ocrx_word' id='word_1_247' title='bbox 749 3360 755 3366; x_wconf 38' lang='grc'>,</span> <span class='ocrx_word' id='word_1_248' title='bbox 776 3303 839 3353; x_wconf 82' lang='grc' dir='ltr'>ΡτοΙ</span> <span class='ocrx_word' id='word_1_249' title='bbox 858 3318 884 3366; x_wconf 90' lang='grc' dir='ltr'>ρ.</span> <span class='ocrx_word' id='word_1_250' title='bbox 896 3298 947 3355; x_wconf 97' lang='grc'>261</span> <span class='ocrx_word' id='word_1_251' title='bbox 968 3302 1012 3352; x_wconf 89' lang='lat' dir='ltr'>ubi</span> <span class='ocrx_word' id='word_1_252' title='bbox 1032 3306 1152 3370; x_wconf 85' lang='grc' dir='ltr'>στοιχεῖον</span> <span class='ocrx_word' id='word_1_253' title='bbox 1165 3300 1212 3370; x_wconf 86' lang='grc' dir='ltr'>πρὸ</span> <span class='ocrx_word' id='word_1_254' title='bbox 1225 3300 1354 3369; x_wconf 81' lang='grc' dir='ltr'>στοιχείων</span> <span class='ocrx_word' id='word_1_255' title='bbox 1373 3318 1434 3352; x_wconf 87' lang='lat' dir='ltr'><strong>oon·</strong></span> 
     </span>
     <span class='ocr_line' id='line_1_25' title="bbox 67 3386 723 3454; baseline -0.002 -14"><span class='ocrx_word' id='word_1_256' title='bbox 67 3392 136 3441; x_wconf 83' lang='lat' dir='ltr'><strong>zolio</strong></span> <span class='ocrx_word' id='word_1_257' title='bbox 149 3391 221 3451; x_wconf 83' lang='lat' dir='ltr'><strong>Otto,</strong></span> <span class='ocrx_word' id='word_1_258' title='bbox 240 3391 286 3440; x_wconf 81' lang='lat' dir='ltr'>sad</span> <span class='ocrx_word' id='word_1_259' title='bbox 305 3393 335 3440; x_wconf 83' lang='lat' dir='ltr'>ol.</span> <span class='ocrx_word' id='word_1_260' title='bbox 350 3391 431 3441; x_wconf 69' lang='lat' dir='ltr'><strong>Clam,</strong></span> <span class='ocrx_word' id='word_1_261' title='bbox 445 3391 588 3441; x_wconf 85' lang='lat' dir='ltr'><strong>Strom.V1</strong></span> <span class='ocrx_word' id='word_1_262' title='bbox 601 3407 625 3454; x_wconf 88' lang='lat' dir='ltr'>p.</span> <span class='ocrx_word' id='word_1_263' title='bbox 636 3386 723 3442; x_wconf 72' lang='lat'><em>8261’.</em></span> 
     </span>
     <span class='ocr_line' id='line_1_26' title="bbox 67 3471 725 3545; baseline 0.002 -18"><span class='ocrx_word' id='word_1_264' title='bbox 67 3483 120 3534; x_wconf 87' lang='grc' dir='ltr'>τοῖς</span> <span class='ocrx_word' id='word_1_265' title='bbox 140 3472 292 3535; x_wconf 80' lang='grc' dir='ltr'>Ἑλλαδικοῖς</span> <span class='ocrx_word' id='word_1_266' title='bbox 320 3477 421 3536; x_wconf 81' lang='grc' dir='ltr'>ἐκείνοις</span> <span class='ocrx_word' id='word_1_267' title='bbox 446 3477 548 3545; x_wconf 81' lang='grc' dir='ltr'>γράφων</span> <span class='ocrx_word' id='word_1_268' title='bbox 575 3471 725 3543; x_wconf 75' lang='grc' dir='ltr'>Κορινθίοις.</span> 
     </span>
     <span class='ocr_line' id='line_1_27' title="bbox 65 3560 727 3634; baseline 0 -19"><span class='ocrx_word' id='word_1_269' title='bbox 65 3565 113 3634; x_wconf 72' lang='grc' dir='ltr'>τήν</span> <span class='ocrx_word' id='word_1_270' title='bbox 132 3561 287 3633; x_wconf 83' lang='grc' dir='ltr'>Λακωνικὴν</span> <span class='ocrx_word' id='word_1_271' title='bbox 309 3560 417 3616; x_wconf 81' lang='grc' dir='ltr'>Ἑλλάδα</span> <span class='ocrx_word' id='word_1_272' title='bbox 444 3581 460 3615; x_wconf 93' lang='lat' dir='ltr'><strong>a</strong></span> <span class='ocrx_word' id='word_1_273' title='bbox 485 3566 586 3630; x_wconf 83' lang='lat' dir='ltr'><strong>potiora</strong></span> <span class='ocrx_word' id='word_1_274' title='bbox 610 3568 727 3615; x_wconf 91' lang='lat' dir='ltr'><strong>nominat</strong></span> 
     </span>
     <span class='ocr_line' id='line_1_28' title="bbox 66 3653 726 3721; baseline -0.005 -17"><span class='ocrx_word' id='word_1_275' title='bbox 66 3656 288 3718; x_wconf 78' lang='lat' dir='ltr'><strong>Peloponnesum.</strong></span> <span class='ocrx_word' id='word_1_276' title='bbox 326 3654 488 3721; x_wconf 87' lang='grc' dir='ltr'>παροικοῦσι</span> <span class='ocrx_word' id='word_1_277' title='bbox 513 3660 541 3701; x_wconf 87' lang='lat' dir='ltr'>ut</span> <span class='ocrx_word' id='word_1_278' title='bbox 563 3653 656 3702; x_wconf 86' lang='lat' dir='ltr'><strong>littoris</strong></span> <span class='ocrx_word' id='word_1_279' title='bbox 684 3668 726 3702; x_wconf 87' lang='lat' dir='ltr'>ao-</span> 
     </span>
     <span class='ocr_line' id='line_1_29' title="bbox 66 3733 725 3807; baseline 0 -16"><span class='ocrx_word' id='word_1_280' title='bbox 66 3743 130 3791; x_wconf 87' lang='lat' dir='ltr'><strong>oolis</strong></span> <span class='ocrx_word' id='word_1_281' title='bbox 154 3744 184 3792; x_wconf 82' lang='lat' dir='ltr'>cl.</span> <span class='ocrx_word' id='word_1_282' title='bbox 211 3743 292 3792; x_wconf 84' lang='lat' dir='ltr'><strong>Isoor.</strong></span> <span class='ocrx_word' id='word_1_283' title='bbox 311 3741 336 3802; x_wconf 88' lang='grc'>4,</span> <span class='ocrx_word' id='word_1_284' title='bbox 356 3739 407 3793; x_wconf 92' lang='grc'>162</span> <span class='ocrx_word' id='word_1_285' title='bbox 433 3736 446 3805; x_wconf 81' lang='grc' dir='ltr'>Η</span> <span class='ocrx_word' id='word_1_286' title='bbox 471 3733 647 3805; x_wconf 85' lang='grc' dir='ltr'>4Κορινθίοις</span> <span class='ocrx_word' id='word_1_287' title='bbox 667 3740 725 3807; x_wconf 87' lang='grc' dir='ltr'>γρά·</span> 
     </span>
     <span class='ocr_line' id='line_1_30' title="bbox 64 3825 726 3898; baseline 0 -20"><span class='ocrx_word' id='word_1_288' title='bbox 64 3844 122 3896; x_wconf 90' lang='grc' dir='ltr'>φων</span> <span class='ocrx_word' id='word_1_289' title='bbox 140 3831 154 3880; x_wconf 93' lang='grc' dir='ltr'>Ι</span> <span class='ocrx_word' id='word_1_290' title='bbox 172 3828 189 3880; x_wconf 88' lang='grc'><strong>3</strong></span> <span class='ocrx_word' id='word_1_291' title='bbox 208 3839 231 3876; x_wconf 82' lang='lat' dir='ltr'>lo</span> <span class='ocrx_word' id='word_1_292' title='bbox 258 3825 272 3898; x_wconf 74' lang='lat' dir='ltr'>ll</span> <span class='ocrx_word' id='word_1_293' title='bbox 298 3828 314 3880; x_wconf 84' lang='lat'>5</span> <span class='ocrx_word' id='word_1_294' title='bbox 340 3825 584 3884; x_wconf 83' lang='grc' dir='ltr'>οδκ-ἀποστασίας</span> <span class='ocrx_word' id='word_1_295' title='bbox 607 3838 726 3894; x_wconf 79' lang='lat' dir='ltr'><strong>suspecta</strong></span> 
     </span>
     <span class='ocr_line' id='line_1_31' title="bbox 65 3915 726 3979; baseline 0.002 -13"><span class='ocrx_word' id='word_1_296' title='bbox 65 3917 208 3979; x_wconf 73' lang='lat' dir='ltr'><strong>Homolio,</strong></span> <span class='ocrx_word' id='word_1_297' title='bbox 227 3919 272 3968; x_wconf 82' lang='lat' dir='ltr'>ssd</span> <span class='ocrx_word' id='word_1_298' title='bbox 292 3920 323 3968; x_wconf 84' lang='lat' dir='ltr'>cl.</span> <span class='ocrx_word' id='word_1_299' title='bbox 343 3917 465 3967; x_wconf 81' lang='lat' dir='ltr'><strong>Naander</strong></span> <span class='ocrx_word' id='word_1_300' title='bbox 477 3917 580 3978; x_wconf 82' lang='lat' dir='ltr'><strong>allgem.</strong></span> <span class='ocrx_word' id='word_1_301' title='bbox 595 3915 687 3968; x_wconf 86' lang='lat' dir='ltr'><strong>Gesoh.</strong></span> <span class='ocrx_word' id='word_1_302' title='bbox 701 3918 726 3967; x_wconf 91' lang='lat' dir='ltr'>d.</span> 
     </span>
     <span class='ocr_line' id='line_1_32' title="bbox 64 3999 722 4069; baseline -0.002 -15"><span class='ocrx_word' id='word_1_303' title='bbox 64 4005 121 4055; x_wconf 86' lang='lat' dir='ltr'><strong>ohr.</strong></span> <span class='ocrx_word' id='word_1_304' title='bbox 140 4006 224 4068; x_wconf 79' lang='lat' dir='ltr'><strong>Relig.</strong></span> <span class='ocrx_word' id='word_1_305' title='bbox 243 4023 268 4056; x_wconf 90' lang='grc' dir='ltr'>υ.</span> <span class='ocrx_word' id='word_1_306' title='bbox 287 4006 382 4055; x_wconf 80' lang='lat' dir='ltr'><strong>Kiroho</strong></span> <span class='ocrx_word' id='word_1_307' title='bbox 397 4000 437 4052; x_wconf 85' lang='lat' dir='ltr'><strong>&#39;·&#39;t.</strong></span> <span class='ocrx_word' id='word_1_308' title='bbox 450 4000 492 4053; x_wconf 91' lang='grc'>12</span> <span class='ocrx_word' id='word_1_309' title='bbox 512 4020 536 4068; x_wconf 90' lang='lat' dir='ltr'>p.</span> <span class='ocrx_word' id='word_1_310' title='bbox 550 3999 610 4054; x_wconf 85' lang='grc'>923.</span> <span class='ocrx_word' id='word_1_311' title='bbox 624 4000 692 4055; x_wconf 85' lang='grc'>1162</span> <span class='ocrx_word' id='word_1_312' title='bbox 708 3999 722 4069; x_wconf 86' lang='grc' dir='ltr'>ΙΙ</span> 
     </span>
     <span class='ocr_line' id='line_1_33' title="bbox 65 4089 484 4143; baseline -0.007 -1"><span class='ocrx_word' id='word_1_313' title='bbox 65 4092 82 4143; x_wconf 77' lang='lat' dir='ltr'>&#39;l</span> <span class='ocrx_word' id='word_1_314' title='bbox 102 4089 262 4143; x_wconf 74' lang='grc' dir='ltr'>οῦδὲ-οῦδὲ</span> <span class='ocrx_word' id='word_1_315' title='bbox 281 4101 340 4143; x_wconf 85' lang='lat' dir='ltr'><strong>anto</strong></span> <span class='ocrx_word' id='word_1_316' title='bbox 360 4092 484 4143; x_wconf 89' lang='lat' dir='ltr'><strong>Wollium</strong></span> 
     </span>
    </p>

    <p class='ocr_par' dir='ltr' id='par_1_11' title="bbox 63 4176 722 5037">
     <span class='ocr_line' id='line_1_34' title="bbox 104 4176 720 4248; baseline -0.003 -17"><span class='ocrx_word' id='word_1_317' title='bbox 104 4181 120 4232; x_wconf 88' lang='grc'>9</span> <span class='ocrx_word' id='word_1_318' title='bbox 147 4179 171 4231; x_wconf 87' lang='lat' dir='ltr'>oi</span> <span class='ocrx_word' id='word_1_319' title='bbox 198 4178 423 4248; x_wconf 76' lang='grc' dir='ltr'>μὲν-γονοποιόν</span> <span class='ocrx_word' id='word_1_320' title='bbox 454 4195 487 4229; x_wconf 82' lang='lat' dir='ltr'>ex</span> <span class='ocrx_word' id='word_1_321' title='bbox 515 4176 632 4240; x_wconf 74' lang='lat' dir='ltr'><strong>[Iastia]</strong></span> <span class='ocrx_word' id='word_1_322' title='bbox 662 4180 720 4229; x_wconf 84' lang='lat' dir='ltr'><strong>coh.</strong></span> 
     </span>
     <span class='ocr_line' id='line_1_35' title="bbox 66 4264 721 4334; baseline -0.002 -16"><span class='ocrx_word' id='word_1_323' title='bbox 66 4269 101 4318; x_wconf 79' lang='lat' dir='ltr'>sd</span> <span class='ocrx_word' id='word_1_324' title='bbox 124 4278 192 4333; x_wconf 78' lang='lat' dir='ltr'><strong>gont.</strong></span> <span class='ocrx_word' id='word_1_325' title='bbox 217 4268 273 4320; x_wconf 77' lang='lat' dir='ltr'>ol</span> <span class='ocrx_word' id='word_1_326' title='bbox 298 4268 403 4334; x_wconf 85' lang='lat' dir='ltr'><strong>p.8oo</strong></span> <span class='ocrx_word' id='word_1_327' title='bbox 433 4269 464 4317; x_wconf 82' lang='lat' dir='ltr'>cl.</span> <span class='ocrx_word' id='word_1_328' title='bbox 492 4267 562 4317; x_wconf 89' lang='lat' dir='ltr'><strong>Prol.</strong></span> <span class='ocrx_word' id='word_1_329' title='bbox 585 4283 610 4331; x_wconf 89' lang='lat' dir='ltr'>p.</span> <span class='ocrx_word' id='word_1_330' title='bbox 629 4264 678 4319; x_wconf 90' lang='grc'>261</span> <span class='ocrx_word' id='word_1_331' title='bbox 707 4264 721 4334; x_wconf 80' lang='grc' dir='ltr'>Η</span> 
     </span>
     <span class='ocr_line' id='line_1_36' title="bbox 64 4351 721 4422; baseline -0.002 -16"><span class='ocrx_word' id='word_1_332' title='bbox 64 4357 127 4422; x_wconf 82' lang='grc' dir='ltr'>πῦρ,</span> <span class='ocrx_word' id='word_1_333' title='bbox 150 4354 173 4406; x_wconf 88' lang='lat' dir='ltr'>ol</span> <span class='ocrx_word' id='word_1_334' title='bbox 195 4353 222 4406; x_wconf 80' lang='grc' dir='ltr'>δὲ</span> <span class='ocrx_word' id='word_1_335' title='bbox 245 4357 361 4407; x_wconf 84' lang='lat' dir='ltr'><strong>Menzal:</strong></span> <span class='ocrx_word' id='word_1_336' title='bbox 386 4358 435 4422; x_wconf 86' lang='grc' dir='ltr'>πῦρ</span> <span class='ocrx_word' id='word_1_337' title='bbox 463 4351 513 4403; x_wconf 71' lang='grc' dir='ltr'>οἷον</span> <span class='ocrx_word' id='word_1_338' title='bbox 542 4362 618 4416; x_wconf 83' lang='lat' dir='ltr'><strong>atque</strong></span> <span class='ocrx_word' id='word_1_339' title='bbox 645 4351 721 4420; x_wconf 80' lang='grc' dir='ltr'>δημό-</span> 
     </span>
     <span class='ocr_line' id='line_1_37' title="bbox 64 4439 722 4510; baseline 0 -19"><span class='ocrx_word' id='word_1_340' title='bbox 64 4458 148 4510; x_wconf 89' lang='grc' dir='ltr'>κριτος</span> <span class='ocrx_word' id='word_1_341' title='bbox 171 4459 249 4508; x_wconf 83' lang='lat' dir='ltr'><strong>supra</strong></span> <span class='ocrx_word' id='word_1_342' title='bbox 274 4439 303 4491; x_wconf 88' lang='grc' dir='ltr'>τδ</span> <span class='ocrx_word' id='word_1_343' title='bbox 331 4444 380 4509; x_wconf 85' lang='grc' dir='ltr'>πῦρ</span> <span class='ocrx_word' id='word_1_344' title='bbox 404 4443 515 4506; x_wconf 88' lang='lat' dir='ltr'><strong>positum</strong></span> <span class='ocrx_word' id='word_1_345' title='bbox 539 4441 626 4491; x_wconf 85' lang='lat' dir='ltr'>VMO.</span> <span class='ocrx_word' id='word_1_346' title='bbox 663 4443 722 4492; x_wconf 87' lang='lat' dir='ltr'><strong>indo</strong></span> 
     </span>
     <span class='ocr_line' id='line_1_38' title="bbox 65 4529 721 4593; baseline -0.005 -12"><span class='ocrx_word' id='word_1_347' title='bbox 65 4533 95 4581; x_wconf 87' lang='lat' dir='ltr'>in</span> <span class='ocrx_word' id='word_1_348' title='bbox 119 4534 269 4582; x_wconf 86' lang='lat' dir='ltr'><strong>continuum</strong></span> <span class='ocrx_word' id='word_1_349' title='bbox 293 4531 449 4580; x_wconf 76' lang='lat' dir='ltr'>recentiores</span> <span class='ocrx_word' id='word_1_350' title='bbox 468 4529 542 4577; x_wconf 83' lang='lat' dir='ltr'>codd.</span> <span class='ocrx_word' id='word_1_351' title='bbox 561 4537 721 4593; x_wconf 79' lang='lat' dir='ltr'><strong>receperunt.</strong></span> 
     </span>
     <span class='ocr_line' id='line_1_39' title="bbox 64 4618 720 4681; baseline -0.006 -11"><span class='ocrx_word' id='word_1_352' title='bbox 64 4619 209 4670; x_wconf 74' lang='lat' dir='ltr'><strong>Mantalios</strong></span> <span class='ocrx_word' id='word_1_353' title='bbox 232 4622 339 4669; x_wconf 79' lang='lat' dir='ltr'><strong>nomina</strong></span> <span class='ocrx_word' id='word_1_354' title='bbox 356 4618 432 4667; x_wconf 87' lang='lat' dir='ltr'><strong>huius</strong></span> <span class='ocrx_word' id='word_1_355' title='bbox 456 4619 547 4681; x_wconf 80' lang='lat' dir='ltr'><strong>ospitis</strong></span> <span class='ocrx_word' id='word_1_356' title='bbox 571 4618 658 4667; x_wconf 83' lang='lat' dir='ltr'><strong>omnia</strong></span> <span class='ocrx_word' id='word_1_357' title='bbox 680 4633 720 4666; x_wconf 80' lang='lat' dir='ltr'>ra·</span> 
     </span>
     <span class='ocr_line' id='line_1_40' title="bbox 63 4704 720 4757; baseline -0.003 -1"><span class='ocrx_word' id='word_1_358' title='bbox 63 4710 146 4756; x_wconf 78' lang='lat' dir='ltr'>secuit</span> <span class='ocrx_word' id='word_1_359' title='bbox 168 4708 256 4757; x_wconf 82' lang='lat' dir='ltr'><strong>addita</strong></span> <span class='ocrx_word' id='word_1_360' title='bbox 278 4722 295 4756; x_wconf 79' lang='lat' dir='ltr'><strong>a</strong></span> <span class='ocrx_word' id='word_1_361' title='bbox 317 4707 455 4756; x_wconf 69' lang='lat' dir='ltr'><strong>scholiasta</strong></span> <span class='ocrx_word' id='word_1_362' title='bbox 479 4720 512 4754; x_wconf 81' lang='lat' dir='ltr'>ox</span> <span class='ocrx_word' id='word_1_363' title='bbox 535 4706 650 4754; x_wconf 82' lang='lat' dir='ltr'><strong>Nemesii</strong></span> <span class='ocrx_word' id='word_1_364' title='bbox 669 4704 720 4754; x_wconf 82' lang='lat' dir='ltr'>o.2</span> 
     </span>
     <span class='ocr_line' id='line_1_41' title="bbox 63 4789 719 4860; baseline -0.005 -16"><span class='ocrx_word' id='word_1_365' title='bbox 63 4811 88 4859; x_wconf 86' lang='lat' dir='ltr'>p.</span> <span class='ocrx_word' id='word_1_366' title='bbox 103 4792 137 4846; x_wconf 77' lang='lat'>67</span> <span class='ocrx_word' id='word_1_367' title='bbox 157 4789 171 4860; x_wconf 87' lang='grc' dir='ltr'>ΙΙ</span> <span class='ocrx_word' id='word_1_368' title='bbox 193 4791 215 4843; x_wconf 81' lang='lat' dir='ltr'>ol</span> <span class='ocrx_word' id='word_1_369' title='bbox 228 4789 338 4844; x_wconf 76' lang='grc' dir='ltr'>Στωικοὶ</span> <span class='ocrx_word' id='word_1_370' title='bbox 356 4809 405 4842; x_wconf 91' lang='lat' dir='ltr'>om.</span> <span class='ocrx_word' id='word_1_371' title='bbox 419 4793 476 4842; x_wconf 87' lang='lat' dir='ltr'><strong>cod.</strong></span> <span class='ocrx_word' id='word_1_372' title='bbox 490 4793 607 4857; x_wconf 73' lang='lat' dir='ltr'><strong>Augila:</strong></span> <span class='ocrx_word' id='word_1_373' title='bbox 627 4795 719 4842; x_wconf 83' lang='lat' dir='ltr'><strong>ortion-</strong></span> 
     </span>
     <span class='ocr_line' id='line_1_42' title="bbox 63 4861 720 4948; baseline 0 -18"><span class='ocrx_word' id='word_1_374' title='bbox 63 4883 118 4930; x_wconf 88' lang='lat' dir='ltr'>lum</span> <span class='ocrx_word' id='word_1_375' title='bbox 136 4896 187 4930; x_wconf 86' lang='lat' dir='ltr'>om.</span> <span class='ocrx_word' id='word_1_376' title='bbox 205 4883 228 4930; x_wconf 88' lang='lat' dir='ltr'>L</span> <span class='ocrx_word' id='word_1_377' title='bbox 252 4876 265 4947; x_wconf 87' lang='grc' dir='ltr'>ΙΙ</span> <span class='ocrx_word' id='word_1_378' title='bbox 293 4879 332 4931; x_wconf 89' lang='grc'>12.</span> <span class='ocrx_word' id='word_1_379' title='bbox 354 4878 385 4930; x_wconf 90' lang='grc'>13</span> <span class='ocrx_word' id='word_1_380' title='bbox 403 4878 426 4929; x_wconf 90' lang='grc' dir='ltr'>οί</span> <span class='ocrx_word' id='word_1_381' title='bbox 445 4876 471 4929; x_wconf 83' lang='grc' dir='ltr'>δὲ</span> <span class='ocrx_word' id='word_1_382' title='bbox 489 4861 511 4929; x_wconf 76' lang='grc' dir='ltr'>δ</span> <span class='ocrx_word' id='word_1_383' title='bbox 530 4878 659 4948; x_wconf 83' lang='grc' dir='ltr'>στοιχείων</span> <span class='ocrx_word' id='word_1_384' title='bbox 677 4878 720 4946; x_wconf 84' lang='grc' dir='ltr'>ἁρ-</span> 
     </span>
     <span class='ocr_line' id='line_1_43' title="bbox 63 4965 720 5037; baseline 0 -21"><span class='ocrx_word' id='word_1_385' title='bbox 63 4966 152 5037; x_wconf 84' lang='grc' dir='ltr'>μονίαν</span> <span class='ocrx_word' id='word_1_386' title='bbox 170 4968 282 5030; x_wconf 79' lang='grc' dir='ltr'>ΜεῃεεΙ,</span> <span class='ocrx_word' id='word_1_387' title='bbox 305 4970 420 5018; x_wconf 80' lang='lat' dir='ltr'><strong>similitor</strong></span> <span class='ocrx_word' id='word_1_388' title='bbox 439 4967 460 5017; x_wconf 85' lang='lat' dir='ltr'>ol</span> <span class='ocrx_word' id='word_1_389' title='bbox 479 4965 505 5019; x_wconf 80' lang='grc' dir='ltr'>δὲ</span> <span class='ocrx_word' id='word_1_390' title='bbox 524 4973 576 5018; x_wconf 83' lang='grc' dir='ltr'>τῶν</span> <span class='ocrx_word' id='word_1_391' title='bbox 595 4967 720 5037; x_wconf 81' lang='grc' dir='ltr'>τεττάρων</span> 
     </span>
    </p>
   </div>
   <div class='ocr_carea' id='block_1_8' title="bbox 772 3383 1436 5033">
    <p class='ocr_par' dir='ltr' id='par_1_12' title="bbox 777 3383 1436 4160">
     <span class='ocr_line' id='line_1_44' title="bbox 777 3383 1435 3457; baseline 0 -17"><span class='ocrx_word' id='word_1_392' title='bbox 777 3391 825 3440; x_wconf 84' lang='lat' dir='ltr'><strong>isai</strong></span> <span class='ocrx_word' id='word_1_393' title='bbox 845 3385 859 3455; x_wconf 81' lang='grc' dir='ltr'>ΙΙ</span> <span class='ocrx_word' id='word_1_394' title='bbox 887 3386 919 3438; x_wconf 85' lang='grc'>13</span> <span class='ocrx_word' id='word_1_395' title='bbox 937 3383 1072 3456; x_wconf 86' lang='grc' dir='ltr'>Δείναρχος</span> <span class='ocrx_word' id='word_1_396' title='bbox 1095 3406 1141 3454; x_wconf 86' lang='lat' dir='ltr'>pro</span> <span class='ocrx_word' id='word_1_397' title='bbox 1164 3385 1325 3457; x_wconf 88' lang='grc' dir='ltr'>Δικαίαρχος,</span> <span class='ocrx_word' id='word_1_398' title='bbox 1347 3406 1435 3440; x_wconf 83' lang='lat' dir='ltr'><strong>erroro</strong></span> 
     </span>
     <span class='ocr_line' id='line_1_45' title="bbox 777 3472 1432 3543; baseline -0.005 -14"><span class='ocrx_word' id='word_1_399' title='bbox 777 3494 794 3529; x_wconf 79' lang='lat' dir='ltr'><strong>a</strong></span> <span class='ocrx_word' id='word_1_400' title='bbox 817 3477 957 3528; x_wconf 77' lang='lat' dir='ltr'><strong>scholiasta</strong></span> <span class='ocrx_word' id='word_1_401' title='bbox 979 3492 1012 3526; x_wconf 83' lang='lat' dir='ltr'>ex</span> <span class='ocrx_word' id='word_1_402' title='bbox 1035 3477 1158 3527; x_wconf 79' lang='lat' dir='ltr'><strong>Nemesio</strong></span> <span class='ocrx_word' id='word_1_403' title='bbox 1185 3495 1210 3542; x_wconf 85' lang='grc' dir='ltr'>ρ.</span> <span class='ocrx_word' id='word_1_404' title='bbox 1233 3475 1267 3529; x_wconf 90' lang='grc'>68</span> <span class='ocrx_word' id='word_1_405' title='bbox 1296 3478 1388 3526; x_wconf 84' lang='lat' dir='ltr'><strong>tralato</strong></span> <span class='ocrx_word' id='word_1_406' title='bbox 1419 3472 1432 3543; x_wconf 75' lang='lat' dir='ltr'>ll</span> 
     </span>
     <span class='ocr_line' id='line_1_46' title="bbox 779 3560 1435 3631; baseline 0 -17"><span class='ocrx_word' id='word_1_407' title='bbox 779 3562 802 3614; x_wconf 90' lang='lat' dir='ltr'>ol</span> <span class='ocrx_word' id='word_1_408' title='bbox 820 3561 847 3614; x_wconf 81' lang='grc' dir='ltr'>δὲ</span> <span class='ocrx_word' id='word_1_409' title='bbox 865 3562 911 3631; x_wconf 83' lang='grc' dir='ltr'>τὴν</span> <span class='ocrx_word' id='word_1_410' title='bbox 930 3560 1025 3631; x_wconf 88' lang='grc' dir='ltr'>μονάδα</span> <span class='ocrx_word' id='word_1_411' title='bbox 1043 3566 1222 3631; x_wconf 75' lang='lat' dir='ltr'><strong>interpolatori</strong></span> <span class='ocrx_word' id='word_1_412' title='bbox 1234 3564 1348 3614; x_wconf 76' lang='lat' dir='ltr'><strong>vindicat</strong></span> <span class='ocrx_word' id='word_1_413' title='bbox 1360 3565 1435 3614; x_wconf 83' lang='lat' dir='ltr'><strong>Man-</strong></span> 
     </span>
     <span class='ocr_line' id='line_1_47' title="bbox 778 3648 1436 3718; baseline 0 -16"><span class='ocrx_word' id='word_1_414' title='bbox 778 3653 816 3702; x_wconf 83' lang='lat' dir='ltr'>zsl</span> <span class='ocrx_word' id='word_1_415' title='bbox 837 3648 851 3718; x_wconf 77' lang='lat' dir='ltr'>ll</span> <span class='ocrx_word' id='word_1_416' title='bbox 873 3650 917 3701; x_wconf 79' lang='grc' dir='ltr'>καὶ</span> <span class='ocrx_word' id='word_1_417' title='bbox 941 3648 1012 3702; x_wconf 87' lang='grc' dir='ltr'>ἀλλοι</span> <span class='ocrx_word' id='word_1_418' title='bbox 1029 3648 1061 3702; x_wconf 82' lang='grc' dir='ltr'>αδ</span> <span class='ocrx_word' id='word_1_419' title='bbox 1080 3650 1112 3702; x_wconf 82' lang='grc' dir='ltr'>τὰ</span> <span class='ocrx_word' id='word_1_420' title='bbox 1130 3650 1227 3702; x_wconf 77' lang='grc' dir='ltr'>ἐναντία</span> <span class='ocrx_word' id='word_1_421' title='bbox 1250 3652 1354 3702; x_wconf 81' lang='lat' dir='ltr'><strong>Menzel</strong></span> <span class='ocrx_word' id='word_1_422' title='bbox 1378 3661 1436 3716; x_wconf 86' lang='lat' dir='ltr'><strong>post</strong></span> 
     </span>
     <span class='ocr_line' id='line_1_48' title="bbox 779 3736 1436 3801; baseline -0.002 -9"><span class='ocrx_word' id='word_1_423' title='bbox 779 3741 898 3801; x_wconf 85' lang='lat' dir='ltr'><strong>Galsum,</strong></span> <span class='ocrx_word' id='word_1_424' title='bbox 917 3740 961 3791; x_wconf 79' lang='grc' dir='ltr'>καὶ</span> <span class='ocrx_word' id='word_1_425' title='bbox 979 3738 1049 3791; x_wconf 78' lang='grc' dir='ltr'>ἄλλοι</span> <span class='ocrx_word' id='word_1_426' title='bbox 1067 3737 1155 3791; x_wconf 83' lang='grc' dir='ltr'>πολλοὶ</span> <span class='ocrx_word' id='word_1_427' title='bbox 1173 3736 1204 3790; x_wconf 81' lang='grc' dir='ltr'>αδ</span> <span class='ocrx_word' id='word_1_428' title='bbox 1217 3736 1249 3789; x_wconf 78' lang='grc' dir='ltr'>τό</span> <span class='ocrx_word' id='word_1_429' title='bbox 1267 3736 1364 3790; x_wconf 80' lang='grc' dir='ltr'>ἐναντία</span> <span class='ocrx_word' id='word_1_430' title='bbox 1382 3743 1436 3791; x_wconf 84' lang='lat' dir='ltr'><strong>sive</strong></span> 
     </span>
     <span class='ocr_line' id='line_1_49' title="bbox 781 3818 1432 3893; baseline -0.002 -13"><span class='ocrx_word' id='word_1_431' title='bbox 781 3829 824 3880; x_wconf 83' lang='grc' dir='ltr'>καὶ</span> <span class='ocrx_word' id='word_1_432' title='bbox 843 3818 912 3880; x_wconf 81' lang='grc' dir='ltr'>ἀλλοι</span> <span class='ocrx_word' id='word_1_433' title='bbox 935 3826 1008 3879; x_wconf 84' lang='grc' dir='ltr'>πάλιν</span> <span class='ocrx_word' id='word_1_434' title='bbox 1031 3828 1063 3878; x_wconf 86' lang='grc' dir='ltr'>τοὶ</span> <span class='ocrx_word' id='word_1_435' title='bbox 1087 3827 1184 3878; x_wconf 81' lang='grc' dir='ltr'>ἐναντία</span> <span class='ocrx_word' id='word_1_436' title='bbox 1214 3837 1272 3893; x_wconf 87' lang='lat' dir='ltr'><strong>post</strong></span> <span class='ocrx_word' id='word_1_437' title='bbox 1295 3830 1432 3880; x_wconf 72' lang='lat' dir='ltr'><strong>Muranum</strong></span> 
     </span>
     <span class='ocr_line' id='line_1_50' title="bbox 778 3913 1435 3982; baseline -0.002 -14"><span class='ocrx_word' id='word_1_438' title='bbox 778 3918 855 3977; x_wconf 87' lang='lat' dir='ltr'><strong>Otto,</strong></span> <span class='ocrx_word' id='word_1_439' title='bbox 880 3918 949 3982; x_wconf 85' lang='lat' dir='ltr'><strong>quod</strong></span> <span class='ocrx_word' id='word_1_440' title='bbox 977 3917 1054 3967; x_wconf 83' lang='lat' dir='ltr'><strong>laudo</strong></span> <span class='ocrx_word' id='word_1_441' title='bbox 1080 3919 1102 3967; x_wconf 87' lang='lat' dir='ltr'>si</span> <span class='ocrx_word' id='word_1_442' title='bbox 1120 3918 1245 3967; x_wconf 77' lang='lat' dir='ltr'><strong>scribatur</strong></span> <span class='ocrx_word' id='word_1_443' title='bbox 1263 3913 1335 3966; x_wconf 76' lang='grc' dir='ltr'>πόλιν</span> <span class='ocrx_word' id='word_1_444' title='bbox 1354 3913 1385 3966; x_wconf 84' lang='grc' dir='ltr'>αὖ</span> <span class='ocrx_word' id='word_1_445' title='bbox 1404 3919 1435 3967; x_wconf 84' lang='lat' dir='ltr'>cf.</span> 
     </span>
     <span class='ocr_line' id='line_1_51' title="bbox 779 3999 1433 4071; baseline -0.005 -14"><span class='ocrx_word' id='word_1_446' title='bbox 779 4022 804 4070; x_wconf 88' lang='lat' dir='ltr'>p.</span> <span class='ocrx_word' id='word_1_447' title='bbox 818 4003 900 4065; x_wconf 61' lang='lat' dir='ltr'>soal</span> <span class='ocrx_word' id='word_1_448' title='bbox 920 3999 934 4071; x_wconf 81' lang='grc' dir='ltr'>ΙΙ</span> <span class='ocrx_word' id='word_1_449' title='bbox 957 4004 988 4057; x_wconf 82' lang='lat'>15</span> <span class='ocrx_word' id='word_1_450' title='bbox 1007 4002 1073 4054; x_wconf 86' lang='grc' dir='ltr'>δίκαι</span> <span class='ocrx_word' id='word_1_451' title='bbox 1092 4006 1205 4055; x_wconf 87' lang='lat' dir='ltr'><strong>Ussnor:</strong></span> <span class='ocrx_word' id='word_1_452' title='bbox 1224 4001 1251 4054; x_wconf 86' lang='grc' dir='ltr'>δὲ</span> <span class='ocrx_word' id='word_1_453' title='bbox 1270 4003 1313 4054; x_wconf 77' lang='grc' dir='ltr'>καὶ</span> <span class='ocrx_word' id='word_1_454' title='bbox 1326 4006 1404 4069; x_wconf 79' lang='lat' dir='ltr'><strong>vulgo</strong></span> <span class='ocrx_word' id='word_1_455' title='bbox 1419 4001 1433 4071; x_wconf 84' lang='grc' dir='ltr'>ΙΙ</span> 
     </span>
     <span class='ocr_line' id='line_1_52' title="bbox 779 4094 973 4160; baseline 0 -17"><span class='ocrx_word' id='word_1_456' title='bbox 779 4095 930 4160; x_wconf 82' lang='grc' dir='ltr'>σοφιστικῶν</span> <span class='ocrx_word' id='word_1_457' title='bbox 950 4094 973 4143; x_wconf 92' lang='lat' dir='ltr'>V</span> 
     </span>
    </p>

    <p class='ocr_par' dir='ltr' id='par_1_13' title="bbox 772 4176 1436 5033">
     <span class='ocr_line' id='line_1_53' title="bbox 816 4176 1433 4246; baseline 0.005 -17"><span class='ocrx_word' id='word_1_458' title='bbox 816 4178 847 4230; x_wconf 86' lang='grc'>17</span> <span class='ocrx_word' id='word_1_459' title='bbox 873 4179 928 4246; x_wconf 81' lang='grc' dir='ltr'>περὶ</span> <span class='ocrx_word' id='word_1_460' title='bbox 954 4182 1000 4246; x_wconf 80' lang='grc' dir='ltr'>τῆς</span> <span class='ocrx_word' id='word_1_461' title='bbox 1025 4176 1108 4235; x_wconf 81' lang='grc' dir='ltr'>οῦσίας</span> <span class='ocrx_word' id='word_1_462' title='bbox 1135 4182 1181 4246; x_wconf 78' lang='grc' dir='ltr'>τῆς</span> <span class='ocrx_word' id='word_1_463' title='bbox 1208 4177 1293 4246; x_wconf 77' lang='grc' dir='ltr'>ψυχῆς</span> <span class='ocrx_word' id='word_1_464' title='bbox 1317 4182 1433 4232; x_wconf 84' lang='lat' dir='ltr'><strong>Monzsl:</strong></span> 
     </span>
     <span class='ocr_line' id='line_1_54' title="bbox 777 4265 1436 4335; baseline 0.006 -18"><span class='ocrx_word' id='word_1_465' title='bbox 777 4277 837 4334; x_wconf 84' lang='lat' dir='ltr'><strong>post</strong></span> <span class='ocrx_word' id='word_1_466' title='bbox 860 4265 945 4334; x_wconf 75' lang='grc' dir='ltr'>ψυχῆς</span> <span class='ocrx_word' id='word_1_467' title='bbox 968 4268 1127 4318; x_wconf 78' lang='lat' dir='ltr'><strong>intaroitlisss</strong></span> <span class='ocrx_word' id='word_1_468' title='bbox 1149 4274 1212 4332; x_wconf 84' lang='lat' dir='ltr'><strong>puto</strong></span> <span class='ocrx_word' id='word_1_469' title='bbox 1234 4265 1259 4317; x_wconf 86' lang='grc' dir='ltr'>τί</span> <span class='ocrx_word' id='word_1_470' title='bbox 1282 4265 1347 4317; x_wconf 73' lang='grc' dir='ltr'>ἐστιν</span> <span class='ocrx_word' id='word_1_471' title='bbox 1367 4265 1380 4335; x_wconf 85' lang='grc' dir='ltr'>ΙΙ</span> <span class='ocrx_word' id='word_1_472' title='bbox 1404 4268 1436 4321; x_wconf 87' lang='grc'>18</span> 
     </span>
     <span class='ocr_line' id='line_1_55' title="bbox 776 4351 1436 4420; baseline 0.003 -15"><span class='ocrx_word' id='word_1_473' title='bbox 776 4354 824 4417; x_wconf 88' lang='grc' dir='ltr'>ναί,</span> <span class='ocrx_word' id='word_1_474' title='bbox 837 4352 900 4406; x_wconf 79' lang='grc' dir='ltr'>ἀλλα</span> <span class='ocrx_word' id='word_1_475' title='bbox 913 4359 1023 4406; x_wconf 85' lang='lat' dir='ltr'><strong>oonisoit</strong></span> <span class='ocrx_word' id='word_1_476' title='bbox 1029 4357 1137 4417; x_wconf 82' lang='lat' dir='ltr'><strong>Usener,</strong></span> <span class='ocrx_word' id='word_1_477' title='bbox 1150 4351 1180 4404; x_wconf 84' lang='grc' dir='ltr'>οδ</span> <span class='ocrx_word' id='word_1_478' title='bbox 1190 4352 1240 4420; x_wconf 82' lang='grc' dir='ltr'>μὴν</span> <span class='ocrx_word' id='word_1_479' title='bbox 1250 4351 1313 4404; x_wconf 82' lang='grc' dir='ltr'>ἀλλὰ</span> <span class='ocrx_word' id='word_1_480' title='bbox 1323 4357 1436 4418; x_wconf 70' lang='lat' dir='ltr'><strong>Maniai,</strong></span> 
     </span>
     <span class='ocr_line' id='line_1_56' title="bbox 774 4438 1435 4511; baseline 0.002 -17"><span class='ocrx_word' id='word_1_481' title='bbox 774 4444 860 4495; x_wconf 87' lang='lat' dir='ltr'><strong>Ssiler</strong></span> <span class='ocrx_word' id='word_1_482' title='bbox 872 4442 916 4493; x_wconf 78' lang='grc' dir='ltr'>καὶ</span> <span class='ocrx_word' id='word_1_483' title='bbox 934 4442 986 4511; x_wconf 81' lang='grc' dir='ltr'>μὴν</span> <span class='ocrx_word' id='word_1_484' title='bbox 1004 4439 1074 4492; x_wconf 79' lang='grc' dir='ltr'>ἄλλοι</span> <span class='ocrx_word' id='word_1_485' title='bbox 1087 4443 1117 4491; x_wconf 83' lang='lat' dir='ltr'>cs.</span> <span class='ocrx_word' id='word_1_486' title='bbox 1136 4458 1161 4505; x_wconf 91' lang='grc' dir='ltr'>ρ.</span> <span class='ocrx_word' id='word_1_487' title='bbox 1173 4438 1233 4501; x_wconf 85' lang='grc'>653,</span> <span class='ocrx_word' id='word_1_488' title='bbox 1244 4438 1286 4494; x_wconf 91' lang='grc'>26.</span> <span class='ocrx_word' id='word_1_489' title='bbox 1316 4445 1435 4495; x_wconf 79' lang='lat' dir='ltr'><strong>desidero</strong></span> 
     </span>
     <span class='ocr_line' id='line_1_57' title="bbox 774 4523 1434 4598; baseline 0.006 -19"><span class='ocrx_word' id='word_1_490' title='bbox 774 4529 856 4580; x_wconf 88' lang='grc' dir='ltr'>καίτοι</span> <span class='ocrx_word' id='word_1_491' title='bbox 877 4548 901 4581; x_wconf 88' lang='grc' dir='ltr'>τ.</span> <span class='ocrx_word' id='word_1_492' title='bbox 925 4529 950 4597; x_wconf 81' lang='grc' dir='ltr'>ἡ.</span> <span class='ocrx_word' id='word_1_493' title='bbox 972 4527 985 4596; x_wconf 83' lang='grc' dir='ltr'>ΙΙ</span> <span class='ocrx_word' id='word_1_494' title='bbox 1010 4527 1041 4580; x_wconf 90' lang='grc'>21</span> <span class='ocrx_word' id='word_1_495' title='bbox 1063 4527 1086 4578; x_wconf 87' lang='lat' dir='ltr'>oi</span> <span class='ocrx_word' id='word_1_496' title='bbox 1105 4525 1130 4578; x_wconf 79' lang='grc' dir='ltr'>δὲ</span> <span class='ocrx_word' id='word_1_497' title='bbox 1149 4523 1326 4596; x_wconf 76' lang='grc' dir='ltr'>ἀποθρριοῦσιν</span> <span class='ocrx_word' id='word_1_498' title='bbox 1339 4534 1434 4598; x_wconf 79' lang='lat' dir='ltr'><strong>Pytha-</strong></span> 
     </span>
     <span class='ocr_line' id='line_1_58' title="bbox 774 4617 1434 4683; baseline 0.005 -15"><span class='ocrx_word' id='word_1_499' title='bbox 774 4623 846 4683; x_wconf 82' lang='lat' dir='ltr'><strong>gorei</strong></span> <span class='ocrx_word' id='word_1_500' title='bbox 869 4629 896 4669; x_wconf 88' lang='lat' dir='ltr'>ut</span> <span class='ocrx_word' id='word_1_501' title='bbox 919 4618 987 4682; x_wconf 86' lang='lat' dir='ltr'><strong>apud</strong></span> <span class='ocrx_word' id='word_1_502' title='bbox 1009 4618 1185 4682; x_wconf 82' lang='lat' dir='ltr'><strong>Epiphaniam</strong></span> <span class='ocrx_word' id='word_1_503' title='bbox 1204 4617 1273 4668; x_wconf 87' lang='grc'>1118</span> <span class='ocrx_word' id='word_1_504' title='bbox 1293 4617 1390 4682; x_wconf 64' lang='lat' dir='ltr'><strong>poso,</strong></span> <span class='ocrx_word' id='word_1_505' title='bbox 1402 4617 1434 4671; x_wconf 87' lang='grc'>12</span> 
     </span>
     <span class='ocr_line' id='line_1_59' title="bbox 773 4700 1434 4773; baseline 0 -17"><span class='ocrx_word' id='word_1_506' title='bbox 773 4704 928 4773; x_wconf 84' lang='grc' dir='ltr'>μεταβαίνειν</span> <span class='ocrx_word' id='word_1_507' title='bbox 945 4704 992 4772; x_wconf 82' lang='grc' dir='ltr'>τὴν</span> <span class='ocrx_word' id='word_1_508' title='bbox 1006 4703 1090 4772; x_wconf 81' lang='grc' dir='ltr'>ψυχὴν</span> <span class='ocrx_word' id='word_1_509' title='bbox 1102 4703 1135 4761; x_wconf 86' lang='grc' dir='ltr'>είς</span> <span class='ocrx_word' id='word_1_510' title='bbox 1147 4700 1227 4753; x_wconf 85' lang='grc' dir='ltr'>πολλὰ</span> <span class='ocrx_word' id='word_1_511' title='bbox 1240 4703 1294 4772; x_wconf 78' lang='grc' dir='ltr'>ζῷα</span> <span class='ocrx_word' id='word_1_512' title='bbox 1306 4707 1434 4771; x_wconf 81' lang='lat' dir='ltr'><strong>Porphyr.</strong></span> 
     </span>
     <span class='ocr_line' id='line_1_60' title="bbox 774 4793 1432 4857; baseline 0 -13"><span class='ocrx_word' id='word_1_513' title='bbox 774 4796 806 4844; x_wconf 89' lang='lat' dir='ltr'>V.</span> <span class='ocrx_word' id='word_1_514' title='bbox 817 4795 848 4844; x_wconf 89' lang='lat' dir='ltr'>P.</span> <span class='ocrx_word' id='word_1_515' title='bbox 861 4793 901 4845; x_wconf 82' lang='lat'>19.</span> <span class='ocrx_word' id='word_1_516' title='bbox 920 4794 966 4843; x_wconf 82' lang='lat' dir='ltr'>ssd</span> <span class='ocrx_word' id='word_1_517' title='bbox 983 4794 1092 4845; x_wconf 78' lang='lat' dir='ltr'><strong>fortasse</strong></span> <span class='ocrx_word' id='word_1_518' title='bbox 1111 4795 1229 4846; x_wconf 78' lang='lat' dir='ltr'><strong>Platonis</strong></span> <span class='ocrx_word' id='word_1_519' title='bbox 1258 4810 1360 4857; x_wconf 80' lang='lat' dir='ltr'><strong>quoque</strong></span> <span class='ocrx_word' id='word_1_520' title='bbox 1378 4810 1432 4844; x_wconf 83' lang='lat' dir='ltr'>me-</span> 
     </span>
     <span class='ocr_line' id='line_1_61' title="bbox 772 4879 1433 4954; baseline 0 -23"><span class='ocrx_word' id='word_1_521' title='bbox 772 4884 845 4932; x_wconf 86' lang='lat' dir='ltr'><strong>minit</strong></span> <span class='ocrx_word' id='word_1_522' title='bbox 864 4882 897 4943; x_wconf 88' lang='grc' dir='ltr'>(ε.</span> <span class='ocrx_word' id='word_1_523' title='bbox 911 4897 935 4945; x_wconf 79' lang='lat' dir='ltr'>g.</span> <span class='ocrx_word' id='word_1_524' title='bbox 955 4882 1021 4930; x_wconf 85' lang='lat' dir='ltr'><strong>Tim.</strong></span> <span class='ocrx_word' id='word_1_525' title='bbox 1035 4879 1092 4932; x_wconf 77' lang='lat'>420</span> <span class='ocrx_word' id='word_1_526' title='bbox 1106 4882 1213 4946; x_wconf 81' lang='lat' dir='ltr'><strong>Republ.</strong></span> <span class='ocrx_word' id='word_1_527' title='bbox 1227 4882 1252 4931; x_wconf 85' lang='lat' dir='ltr'>X</span> <span class='ocrx_word' id='word_1_528' title='bbox 1273 4899 1297 4947; x_wconf 86' lang='lat' dir='ltr'>p.</span> <span class='ocrx_word' id='word_1_529' title='bbox 1312 4880 1364 4934; x_wconf 86' lang='grc'>618</span> <span class='ocrx_word' id='word_1_530' title='bbox 1374 4884 1433 4954; x_wconf 73' lang='grc' dir='ltr'>σιμ),</span> 
     </span>
     <span class='ocr_line' id='line_1_62' title="bbox 775 4971 1067 5033; baseline 0.003 -17"><span class='ocrx_word' id='word_1_531' title='bbox 775 4971 846 5018; x_wconf 85' lang='lat' dir='ltr'><strong>ouius</strong></span> <span class='ocrx_word' id='word_1_532' title='bbox 864 4976 924 5019; x_wconf 79' lang='lat' dir='ltr'><strong>sunt</strong></span> <span class='ocrx_word' id='word_1_533' title='bbox 941 4971 1067 5033; x_wconf 83' lang='lat' dir='ltr'><strong>proxima.</strong></span> 
     </span>
    </p>
   </div>
   <div class='ocr_carea' id='block_1_9' title="bbox 0 0 1726 5588">
    <p class='ocr_par' dir='ltr' id='par_1_14' title="bbox 0 0 1726 5588">
     <span class='ocr_line' id='line_1_63' title="bbox 0 0 1726 5588; baseline 0 2"><span class='ocrx_word' id='word_1_534' title='bbox 0 0 1726 5588; x_wconf 95' lang='lat' dir='ltr'> </span> 
     </span>
    </p>
   </div>
  </div>
 </body>
</html>
