3442 5588
121 1917 492 1985 ΘΕΟΦΡΑΣΤΟΥ
528 1917 651 1983 ΙΙΕΡΙ
686 1919 930 1986 ΦΥΣΙΚΩΝ
965 1917 1140 1985 ΔΟΞΩΝ
1177 1915 1405 1983 ΒΙΒΛΙΩΝ
1438 1903 1482 1982 lli

649 2191 949 2248 ΑΠΟΣΠΑΣΜΑΤΙΟΝ

576 2462 697 2518 ΠΕΡΙ
729 2462 1031 2519 ΑΙΣΘΗΣΕΩΝ

699 2943 824 2993 Codicum
842 2944 908 3006 sigis

424 3084 446 3134 P
471 3085 605 3133 Parisinus
626 3080 691 3134 1921
717 3083 797 3133 chart.
822 3099 843 3132 s.
860 3084 925 3132 XIV
945 3083 1035 3146 quadr.
1058 3078 1248 3144 [0‚29>(0‚2l]
1270 3083 1287 3131 f.
1306 3078 1378 3133 29ΊΓ
1388 3098 1443 3145 sqq.
1467 3097 1483 3130 s

526 3171 600 3220 nobis
619 3170 744 3220 conlatus.
763 3170 954 3232 distinguuntur
972 3169 1037 3218 duae
1056 3183 1147 3218 munus
1166 3185 1203 3232 pr.
1218 3170 1238 3218 P
1257 3178 1283 3216 et
1300 3169 1385 3218 sec-P

425 3256 446 3304 Il
470 3257 660 3306 Laurentianus
677 3257 834 3306 LXXXVII
847 3253 882 3306 20
905 3255 1021 3319 bombyc.
1045 3271 1065 3304 s.
1079 3256 1158 3315 XIV,
1182 3255 1271 3318 qusdr.
1291 3256 1307 3303 s.
1324 3253 1449 3318 ld'l‘sqq.
1468 3268 1484 3302 s

526 3344 597 3392 Hier.
619 3345 723 3393 Vitellio
742 3357 872 3394 excussus.
892 3343 1083 3406 distinguuntur
1100 3343 1161 3391 item
1180 3342 1252 3406 pull
1270 3350 1296 3390 et
1313 3357 1362 3390 sec.
1381 3341 1402 3389 p

514 4187 818 4239 SUPPLEMENTUM
836 4188 886 4237 DE
906 4185 1102 4238 CODIGIBUS

217 4358 292 4420 Quse
306 4361 337 4408 de
351 4361 531 4410 Laurentiano
552 4360 584 4409 ab
602 4359 761 4426 Hieronymo
780 4361 885 4409 Vitellio
905 4361 1049 4423 professore
1067 4359 1218 4407 Florentino
1237 4358 1343 4407 edoctus
1363 4373 1417 4406 eum
1437 4373 1493 4407 cum

128 4447 162 4495 sd
180 4447 373 4509 Prolegomene
392 4446 429 4510 [p.
446 4444 605 4511 115-117]
628 4448 750 4497 adhibere
769 4448 831 4496 mihi
850 4462 903 4495 non
922 4446 1036 4505 licuerit,
1063 4463 1131 4496 nunc
1159 4460 1224 4508 quse
1246 4446 1392 4494 necessario
1411 4452 1491 4494 retre-

125 4534 220 4583 ctsnda
239 4543 299 4582 sunt
319 4535 456 4594 proferam.
497 4535 603 4584 feliciter
623 4537 738 4598 contigit,
763 4542 791 4584 ut
809 4534 883 4583 simul
903 4534 968 4582 ulter
986 4534 1161 4599 Theophrasti
1184 4534 1267 4581 codex
1289 4533 1311 4582 P
1335 4532 1493 4581 Academias

127 4620 303 4670 Berolinensis
328 4630 420 4684 rogatu
445 4624 591 4685 nuperrime
614 4625 641 4672 in
665 4631 780 4671 nostrum
805 4637 878 4670 usum
897 4621 1005 4671 Parisiis
1030 4622 1078 4671 buc
1100 4622 1286 4670 transferretur.
1325 4621 1412 4682 itsqne
1433 4636 1493 4668 cum

128 4708 255 4767 Vitellius,
275 4722 341 4769 quse
361 4717 399 4756 est
418 4710 488 4758 illins
508 4711 535 4758 in
554 4711 685 4759 codicibus
708 4709 870 4760 excutiendis
882 4709 992 4756 scientia
1010 4718 1036 4757 et
1054 4710 1221 4772 experienda,
1241 4721 1294 4756 non
1313 4708 1397 4755 solum
1415 4707 1495 4756 verba

127 4796 259 4858 scriptoris
285 4795 422 4857 diligenter
443 4811 500 4844 cnm
524 4798 544 4846 [t
567 4800 729 4859 contulisset,
757 4798 801 4847 sed
825 4797 904 4845 etium
925 4795 1093 4844 librariorum
1115 4795 1314 4856 discrepantiam
1337 4794 1496 4844 distinxisset

123 4881 197 4941 (nem
216 4897 253 4946 pr.
267 4883 288 4931 It*
307 4883 422 4932 codicem
437 4885 562 4944 exaravit,
582 4882 711 4936 recentior
723 4900 772 4934 sec.
788 4885 818 4944 Il,
839 4884 926 4946 quode
939 4883 1017 4940 inire,
1037 4881 1168 4943 correxit),
1187 4882 1248 4943 quin
1262 4882 1339 4929 etism
1352 4882 1497 4930 incredibili

122 4969 212 5018 labore
237 4970 334 5018 litteras
358 4971 384 5019 in
405 4972 525 5019 extremis
545 4974 661 5022 versibus
687 4974 727 5022 vcl
753 4973 878 5022 evanidos
897 4971 939 5020 vel
963 4970 1117 5034 superducto
1137 4975 1278 5017 atramento
1298 4969 1404 5019 relectas
1424 4970 1490 5018 indi·

177 5080 269 5127 ulcis,
288 5081 432 5131 Doxogrrphl
451 5083 533 5130 groeci.
1245 5052 1286 5115 32
