3464 5586
248 297 309 359 152
571 299 611 348 xr
647 299 696 348 ua
715 298 912 350 arenosum
930 297 1276 350 numosoruuumus

247 464 364 547 dicent,
388 475 423 532 ut
443 465 626 532 Heraclidis
643 464 766 530 Pontici
783 465 920 531 obscura
941 464 1098 531 memoria
1118 466 1293 550 Ioseppum
1315 464 1490 550 deceperit,
1514 464 1606 530 cuius

247 566 289 631 dc
300 567 488 651 Pythagora
503 568 623 652 scripta
638 566 690 650 [ci.
705 564 830 633 Usener
844 569 866 632 l.
876 587 903 632 c.
918 567 998 633 432¹
1015 566 1161 650 Bemays
1173 566 1335 650 Theophr.
1351 588 1382 650 p.
1393 569 1455 634 142
1469 568 1606 633 Mueller

248 668 346 733 FHG
366 670 399 734 ΙΙ
421 670 515 751 191Ἰ
547 669 644 736 etiam
672 676 739 734 tum
766 668 911 734 Iulianus
939 667 988 755 [fr.
1011 670 1031 733 6
1057 668 1184 752 epistul.
1208 668 1258 734 ed
1281 668 1405 753 Hayler
1426 690 1456 753 p.
1474 671 1536 735 153
1564 670 1604 735 cl.

247 769 361 834 Rohde
387 770 469 836 Mus.
491 770 550 836 Rh.
574 771 704 836 XXXII
726 771 823 854 331¹]
856 771 1010 855 suspexit.
1054 770 1110 834 alii
1136 769 1340 836 meminerint
1365 768 1505 836 fortasse
1531 771 1606 855 Epi·

249 871 401 955 phanium
417 872 627 937 christianum
648 879 681 937 et
695 873 800 955 ipsum
816 872 1003 956 scriptorem
1020 871 1182 936 constanti
1201 891 1309 937 errore
1324 871 1559 955 Peripateticos
1573 881 1607 939 et

248 972 472 1058 Pythagoreos
494 973 678 1041 confudisse
697 974 966 1057 anacephalaeos.
989 996 1022 1060 p.
1039 974 1109 1040 127.
1128 975 1198 1039 129.
1216 975 1287 1039 132.
1318 973 1395 1058 quid
1416 981 1475 1058 est,
1498 974 1607 1040 dicent

247 1074 311 1158 isti,
333 1075 419 1156 quod
440 1077 624 1160 loseppum,
648 1077 745 1142 etiam
767 1076 976 1143 indoctiorem
999 1076 1198 1160 scriptorem,
1221 1075 1364 1142 eiusdem
1387 1076 1512 1160 peccati
1531 1076 1608 1142 insi·

249 1177 372 1241 mulare
393 1177 585 1260 prohibeat?
616 1177 697 1244 haec
723 1177 793 1244 fere
814 1178 950 1261 proferri
972 1184 1107 1263 possunt
1134 1177 1176 1243 de
1202 1176 1411 1260 Pythagoreo
1433 1178 1607 1245 Heraclide

249 1278 316 1343 alia
337 1278 410 1342 aliis
431 1280 659 1364 probabiliora,
682 1280 762 1345 certi
783 1285 818 1344 ut
839 1279 872 1345 in
895 1280 952 1345 tali
974 1281 1130 1364 scriptore
1150 1277 1241 1343 nihil.

337 1381 387 1446 De
409 1380 592 1448 Heraclidei
614 1381 687 1447 libri
709 1381 816 1447 indice
838 1383 936 1465 paulo
958 1381 1140 1467 expeditior
1161 1379 1316 1463 quaestio.
1340 1381 1476 1464 primum
1500 1402 1608 1448 occur·

250 1483 385 1549 rendum
411 1490 461 1549 est
487 1484 615 1568 eisqui
642 1483 755 1567 viginti
784 1491 891 1549 sectas
917 1505 989 1550 cum
1015 1504 1073 1550 sex
1095 1483 1261 1567 Epitomes
1285 1480 1375 1547 libris
1397 1502 1511 1567 parum
1533 1504 1607 1550 con·

250 1585 358 1650 cinere
380 1584 498 1652 dicant.
537 1585 595 1652 sed
617 1586 679 1652 boc
701 1587 804 1670 primo
828 1587 941 1652 obtutu
962 1592 1101 1670 apparet
1122 1605 1188 1651 uon
1212 1582 1365 1649 librorum
1388 1586 1442 1650 vel
1464 1585 1607 1670 capitum

251 1687 411 1770 quendam
436 1687 581 1754 ordinem
604 1687 744 1773 excerpi,
767 1688 825 1754 sed
848 1688 1060 1754 successionis
1083 1686 1223 1752 schema·
1259 1706 1336 1751 nam
1358 1687 1419 1752 Vll
1442 1687 1608 1771 sapientes

251 1795 325 1873 post
346 1789 499 1873 physicos
528 1790 632 1874 primo
662 1791 769 1875 capite
791 1790 959 1856 absolutos
980 1789 1112 1854 tractari
1134 1808 1200 1854 non
1222 1795 1383 1872 poterant.
1427 1795 1462 1855 at
1482 1791 1515 1855 in
1537 1812 1609 1874 pro

252 1888 356 1956 oemio
379 1891 431 1955 l.I
454 1899 582 1975 poterat
604 1913 708 1958 sermo
731 1891 873 1958 incidere
897 1892 938 1958 de
960 1891 1103 1978 physicis
1121 1890 1295 1956 aThalete
1317 1891 1512 1977 repetendis,
1535 1911 1607 1957 cum

252 2011 315 2074 quo
331 1992 554 2075 theologorum
576 1992 610 2058 id
631 2000 681 2060 est
697 1993 828 2059 Homeri
843 1993 977 2059 Hesiodi
997 1992 1175 2078 Phercydis
1198 1999 1231 2059 et
1245 1993 1307 2059 VH
1327 1993 1522 2078 sapientium
1543 2015 1609 2061 me·

252 2093 364 2176 moria,
388 2093 512 2160 utheri
535 2095 633 2176 solet,
656 2094 827 2160 coniuncta
849 2102 928 2162 erat.
973 2095 1038 2160 iam
1060 2114 1138 2160 vero
1161 2093 1237 2161 hine
1259 2096 1399 2180 corrupti
1420 2097 1455 2163 in
1476 2096 1607 2182 Ioseppi

252 2193 335 2258 tituli
359 2196 456 2277 paulo
479 2195 597 2261 certior
618 2196 748 2262 medela
769 2197 897 2280 petitur.
935 2216 1011 2263 nam
1032 2194 1214 2261 intruditis
1236 2216 1296 2263 nec
1317 2197 1423 2264 minus
1444 2199 1478 2264 in
1501 2219 1609 2266 emen·

252 2294 336 2359 datis
358 2296 400 2361 ab
416 2296 561 2364 Usenero
584 2298 691 2363 verbis
714 2298 799 2363 idem
822 2307 855 2365 et
877 2302 985 2386 βιβλίον
1008 2306 1042 2365 et
1063 2300 1253 2384 πραγματεία.
1286 2299 1490 2366 desideratur
1511 2300 1609 2383 igitur

251 2416 403 2462 numerus
425 2398 506 2464 libri.
551 2420 627 2466 ecce
649 2400 725 2483 quid
747 2399 826 2464 mihi
848 2402 992 2485 placeat:
1019 2403 1049 2466 ἐν
1076 2407 1118 2486 τῷ
1142 2405 1251 2487 πρώτῳ
1277 2407 1329 2486 τῆς
1351 2406 1416 2488 περὶ
1439 2405 1608 2490 φιλοσόφον

252 2499 391 2582 αἱρέσεων
415 2504 610 2585 πραγματείας
632 2504 721 2567 αὐτοῦ
745 2505 857 2589 βιβλίῳ.
892 2504 999 2570 differt
1021 2503 1202 2569 Heraclidis
1224 2503 1384 2570 indiculus
1406 2525 1447 2572 ea
1469 2505 1609 2572 maxime

253 2624 288 2670 re
310 2602 513 2688 aSotioneo,
535 2603 623 2688 quod
646 2611 798 2687 quattuor
821 2605 1009 2689 posterioris
1032 2605 1187 2689 temporis
1209 2611 1318 2672 sectae
1333 2607 1529 2674 Academica
1550 2609 1610 2674 Pe·

252 2705 423 2790 ripatetica
445 2705 556 2772 Stoica
576 2706 737 2791 Epicurea
763 2708 977 2774 successionis
1003 2706 1107 2772 ordini
1134 2706 1334 2791 interceptae
1361 2707 1457 2775 linem
1477 2709 1610 2776 faciunt

253 2809 414 2874 consentit
446 2828 516 2874 cum
548 2808 611 2873 hac
640 2808 766 2875 ratione
796 2809 992 2896 Hippolytus
1024 2808 1078 2893 qui
1109 2808 1248 2893 Epicuro
1275 2809 1476 2895 Pyrrhonem
1508 2811 1610 2895 addit,

253 2933 347 2997 quem
375 2911 558 2977 Heraclidis
592 2911 753 2978 successio
781 2931 854 2977 cum
887 2914 1067 2995 Protagora
1094 2910 1268 2977 coniunxit.
1316 2919 1415 2995 atque
1448 2913 1530 2978 haec
1559 2921 1611 2980 est

251 3014 395 3097 vulgaris
423 3013 633 3080 consuetudo.
676 3013 711 3078 iu
732 3013 863 3080 Laertio
893 3014 978 3081 euim
1004 3014 1242 3097 Xenophanem
1265 3012 1461 3098 Eleatesque
1489 3014 1611 3099 excipit

252 3115 435 3200 Leucippus
458 3136 530 3181 cum
552 3117 745 3199 Protagora,
773 3122 840 3181 tum
862 3116 1041 3201 Diogenem
1064 3115 1295 3201 Apolloniaten
1316 3114 1610 3200 Anaxarchumque

188 3265 199 3288 .
252 3218 448 3303 Pyrrhonei,
471 3218 556 3284 unde
578 3217 737 3300 Epicurus
759 3217 933 3285 derivatur.
977 3218 1062 3285 idom
1085 3225 1222 3285 stemma
1244 3217 1389 3285 Galenus
1411 3217 1554 3302 sequitur
1577 3218 1609 3285 lr.

253 3323 330 3407 phil.
355 3326 417 3389 c.3
440 3330 473 3389 et
497 3322 647 3388 Clemens
668 3320 719 3386 Al.
737 3320 852 3386 Strom.
875 3321 891 3385 l
913 3342 944 3404 p.
961 3322 1067 3388 352P.
1101 3339 1227 3387 summa
1248 3320 1422 3386 similitudo
1445 3340 1517 3386 oum
1532 3321 1611 3406 Hip

252 3425 385 3510 polytco
409 3425 523 3490 ordine
550 3423 645 3488 istinc
668 3429 718 3488 est
739 3423 932 3507 repetenda,
959 3423 1046 3506 quod
1073 3422 1263 3489 Heraclides
1289 3423 1510 3509 Pythagoram
1537 3423 1611 3489 Em·

251 3527 420 3611 pcdoclem
436 3525 635 3593 Heraohtum
658 3525 846 3591 coniunctos
868 3532 945 3591 anto
960 3526 1094 3592 Eleates
1116 3533 1292 3592 enumerat
1326 3545 1403 3591 nam
1424 3524 1480 3592 rix
1501 3532 1611 3611 potest

252 3629 341 3695 credi
367 3629 409 3694 ab
436 3628 501 3694 alio
531 3628 597 3693 ullo
620 3628 777 3713 scriptore
803 3627 920 3693 iterum
946 3633 1013 3692 tam
1035 3628 1192 3694 absonam
1214 3628 1472 3695 coniunctionem
1494 3649 1611 3713 propo·

252 3731 346 3797 sitam
369 3730 475 3798 esse.¹
510 3730 573 3796 hoc
599 3728 678 3796 satis
705 3736 770 3815 est,
800 3728 887 3796 unde
915 3729 1013 3796 etiam
1035 3729 1240 3796 Herachdem
1261 3731 1346 3797 inter
1372 3730 1479 3798 fontes
1508 3729 1611 3797 fuisse

252 4026 379 4063 merorum
398 4008 575 4059 inventionem
594 4005 740 4056 vindicante
759 4005 820 4054 citat
838 4005 966 4070 Porphyr.
985 4009 1011 4056 in
1030 4007 1140 4059 Ptolem.
1159 4007 1241 4056 barm.
1259 4022 1284 4071 p.
1298 4002 1349 4056 213
1368 4004 1413 4055 ur.
1425 4007 1468 4055 W.
1492 4014 1609 4070 tempora

251 4098 411 4147 conveniunt
428 4097 455 4146 iu
473 4095 638 4145 Heraclidem
655 4093 793 4143 Ponticum
811 4096 1004 4156 grammaticum
1027 4094 1073 4146 sub
1093 4095 1203 4145 Claudio
1222 4102 1248 4143 et
1264 4095 1368 4144 Nerone
1391 4093 1539 4154 florentem,
1563 4094 1610 4145 sed

251 4185 315 4235 nibil
339 4185 389 4233 nisi
412 4185 579 4247 grammatica
607 4181 629 4229 is
654 4180 804 4229 mutavisse
828 4181 937 4231 ridetur.
977 4183 1007 4232 cf.
1030 4183 1183 4246 Bernhardy
1206 4181 1239 4229 ad
1262 4179 1335 4231 Suid.
1359 4195 1379 4228 s.
1403 4197 1427 4227 v.
1447 4174 1610 4248 Ἡρακλείδης

252 4264 380 4326 Ποντικός.
421 4285 505 4334 neque
529 4268 692 4319 Heraclidem
717 4266 842 4317 Lembum
865 4271 972 4320 mruiees
1000 4272 1119 4334 isagoges
1146 4269 1297 4333 scriptorem
1322 4268 1472 4331 intellegere
1499 4267 1611 4318 debebat

250 4359 335 4409 Zeller
353 4355 383 4407 1⁴
402 4354 463 4409 3ῗῖ.
500 4372 559 4408 narn
583 4363 622 4405 est
644 4355 742 4417 aliquid
760 4357 827 4406 inter
846 4360 1036 4408 successionum
1054 4365 1080 4406 et
1097 4357 1275 4422 Pythagoreas
1294 4355 1402 4403 musices
1422 4356 1610 4421 compendium.

322 4443 330 4474 ¹
350 4446 382 4495 de
398 4446 564 4495 successionis
578 4443 722 4492 enchiridio
734 4443 767 4493 ab
779 4444 894 4494 Eusebio
908 4446 1046 4510 compilato
1061 4461 1086 4509 p.
1102 4441 1151 4495 169
1164 4443 1271 4493 dicetur.
1290 4443 1317 4492 id
1335 4444 1452 4493 similiter
1470 4445 1543 4508 ponit
1555 4445 1610 4494 He-

250 4534 365 4582 raclitum
384 4542 442 4597 post
459 4530 645 4595 Empedoclem
662 4531 689 4579 X
710 4529 782 4581 1414
805 4529 847 4581 τὸν
870 4531 915 4598 μὶν
938 4528 981 4581 οὖν
1000 4526 1148 4598 Πυθαγόραν
1172 4525 1295 4588 διεδέξατο
1314 4524 1401 4581 Θεανὼ
1425 4528 1521 4598 ἡγυνὴ
1541 4527 1567 4581 ol
1582 4549 1609 4582 τε

250 4616 297 4668 υἱοὶ
321 4614 398 4667 αὐτοῦ
421 4613 554 4686 Τηλαυγὴς
576 4614 620 4666 καὶ
643 4609 809 4687 Μνήσαρχος,
832 4613 976 4686 Τηλαυγοῦς
999 4616 1025 4669 tl
1042 4613 1212 4685 Ἐμπεδοκλῆς
1236 4616 1360 4685 ἀκουστὴς
1383 4617 1473 4685 γίνεται
1494 4612 1556 4667 καθ’
1582 4615 1609 4668 δν

246 4701 405 4773 Ἡράκλειτος
427 4701 440 4753 δ
464 4700 587 4760 σκοτεινὸς
612 4701 755 4774 ἑγνωρίζετο
769 4706 815 4768 (t).
851 4708 969 4756 Laertius
988 4705 1172 4770 Empedoclem
1195 4713 1221 4755 et
1238 4706 1396 4757 Heraclitum
1414 4709 1465 4761 τοῖς
1483 4701 1609 4773 σποράδην

250 4793 380 4854 adscribit,
404 4792 449 4842 sed
468 4799 552 4840 tamen
570 4792 643 4842 illum
656 4794 773 4844 ordinem
786 4795 898 4857 quodam
909 4793 988 4846 modo
1004 4792 1147 4844 confirmat.
1171 4793 1197 4841 in
1215 4795 1377 4844 successione
1396 4793 1527 4858 prooemii
1545 4790 1560 4853 ξ
1576 4789 1607 4844 15

250 4882 408 4930 omittuntur.
