3442 5588
653 334 928 383 rnormsonuua
1425 333 1468 396 25

108 498 260 582 scriptum
284 499 359 563 olim
384 498 491 564 fuerit.
519 506 606 565 certe
628 520 669 565 ex
692 498 759 565 alie
781 499 936 565 memoria
960 500 1018 565 illa
1039 500 1081 566 rle
1103 501 1251 583 Diogene
1273 500 1468 587 philosopho

107 600 213 666 minus
235 606 312 667 noto
334 608 456 667 novata
485 623 573 685 esse,
601 623 713 686 parum
737 599 901 668 credibile.
948 603 1061 667 ultima
1084 603 1263 669 Stoicorum
1295 604 1404 688 opinio
1427 627 1467 672 ex

106 701 286 768 enchiridio
309 704 424 788 opinor
445 705 567 770 Eudori
589 705 707 770 adsuta
729 709 788 769 est.
820 725 918 787 porro
940 705 1135 771 Plutarchea
1161 706 1192 771 ΙΙ
1217 708 1257 770 14
1279 718 1300 768 1.
1320 717 1344 769 a.
1366 718 1383 770 4
1402 729 1467 774 non

105 805 293 889 incorrupta
325 826 358 889 p.
383 807 496 871 133cu
526 814 722 873 manserunt.
767 805 824 871 sed
858 816 1048 891 compensat
1079 807 1141 873 hoc
1173 809 1389 892 interpolandi
1424 810 1468 876 vi-

106 908 186 972 tiam
213 915 438 993 excerptorum
466 930 507 975 ex
532 911 565 975 Π
585 911 628 975 20
650 931 682 994 ρ.
705 911 816 974 138nx
840 909 1012 992 singularis
1044 911 1204 994 quaedam
1237 911 1347 976 virtus.
1393 932 1467 976 nam

106 1011 195 1094 quod
227 1011 409 1076 Philolaum
439 1012 615 1078 credidisse
642 1012 689 1077 ait
720 1013 853 1096 τρισσοὺς
881 1012 953 1077 εἶναι
984 1017 1097 1099 ἡλίους,
1123 1013 1199 1078 inde
1226 1013 1390 1079 Plutarchi
1423 1013 1468 1078 iu-

103 1115 265 1179 lnscatam
287 1114 321 1179 in
335 1116 470 1197 vulgata
489 1115 675 1180 memoriam
698 1135 797 1200 supra
819 1115 942 1181 restitui
966 1139 996 1200 p.
1016 1119 1065 1182 14.
1093 1124 1207 1181 contra
1229 1136 1313 1199 qnae
1335 1138 1366 1200 p.
1381 1118 1468 1181 l38a

105 1239 146 1284 ex
168 1217 292 1283 11201
317 1219 359 1284 de
380 1218 623 1284 Anaximandro
646 1238 711 1283 non
734 1224 958 1301 excerpuntur,
982 1219 1039 1284 sed
1062 1227 1199 1286 ventosa
1222 1219 1411 1304 paraphrasi
1435 1219 1468 1283 in

105 1340 213 1386 meras
235 1320 377 1405 ineptias
398 1322 647 1405 detorquentur,
671 1339 711 1385 ea
733 1319 915 1385 accuratius
941 1321 1135 1404 pensitanda
1157 1331 1241 1388 sunt.
1274 1322 1469 1406 conscripse-

104 1442 173 1487 ram
202 1422 279 1488 olim
304 1413 457 1489 lusiorem
486 1423 755 1508 disputationem,
789 1421 865 1504 quia
892 1423 1027 1488 Achillis
1054 1425 1128 1489 sorti
1161 1423 1363 1508 impudentia
1396 1444 1466 1488 cum

102 1525 186 1590 alios
209 1533 276 1590 tum
300 1525 460 1590 Zellerum
484 1526 656 1609 deceptum
679 1524 840 1590 videbam.
863 1526 921 1590 sed
944 1534 1115 1609 postquam
1135 1526 1382 1592 Teichmnelleri
1397 1527 1469 1592 Stu-

101 1627 164 1692 diis
186 1626 234 1691 illi
263 1626 465 1710 aliquantum
489 1627 563 1693 fidei
587 1628 752 1710 demptum
775 1633 834 1705 est,
858 1648 1051 1711 quamquam
1067 1629 1295 1694 Plutarcheam
1312 1628 1467 1711 originem

102 1751 144 1796 ne
168 1731 224 1795 ille
252 1729 382 1812 quidem
416 1730 530 1815 sensit,
559 1729 730 1814 profligata
756 1751 822 1794 uon
849 1737 970 1813 repeto.
1004 1731 1246 1797 Anaximandro
1268 1731 1366 1814 igitur
1388 1731 1467 1796 haec
1547 1796 1549 1801 .

102 1835 234 1917 placent
265 1833 307 1897 de
335 1832 439 1897 astris.
486 1833 577 1915 lingit
608 1832 744 1898 circulos
776 1833 854 1897 solis
886 1840 919 1896 et
951 1838 1131 1899 ceterorum
1166 1842 1326 1900 astrorum
1364 1855 1469 1918 neque

103 1936 227 2001 solidos
256 1956 363 2017 neque
393 1936 619 2018 adumbratos,
657 1934 715 2000 sed
749 1953 825 1999 aere
854 1934 990 1999 densato
1023 1936 1128 2002 sectos
1154 1955 1295 2021 aereque
1323 1938 1465 2022 pulsos¹

103 2037 376 2120 quemadmodum
398 2046 518 2104 terram
532 2039 632 2122 plano
648 2036 794 2122 cylindro
810 2044 988 2120 comparat,
1012 2037 1057 2103 sio
1080 2039 1157 2104 solis
1180 2040 1269 2105 illum
1291 2040 1467 2106 folliculum

102 2140 163 2204 suh
186 2147 279 2205 rotae
301 2139 387 2205 orbis
410 2139 505 2226 (ἁψίς)
527 2140 630 2224 figura
652 2146 887 2224 repraesentat.
921 2140 1102 2206 sicutenim
1118 2162 1159 2207 ex
1182 2149 1355 2209 curvatura
1378 2151 1468 2208 rotae

102 2242 185 2307 radii
209 2243 350 2308 medium
373 2250 501 2327 petunt,
528 2242 574 2307 ita
596 2243 674 2308 solis
696 2242 846 2308 flammae
873 2263 912 2307 ex
940 2243 1123 2310 interiore
1152 2246 1261 2311 circuli
1289 2252 1381 2329 parte
1411 2265 1468 2329 per

103 2366 202 2410 unum
232 2345 379 2412 toramen
405 2353 578 2429 erumpunt
605 2353 638 2412 et
667 2368 724 2428 per·
750 2349 855 2427 πυροί
880 2349 997 2410 circum
1025 2353 1188 2430 spiracalo
1215 2347 1350 2413 nrundi²
1376 2347 1469 2430 ignes

101 2448 190 2514 intus
212 2451 358 2515 reclusos
379 2449 412 2513 in
436 2456 554 2515 terram
576 2469 689 2515 versus
711 2448 832 2515 elllant.
867 2447 1004 2514 circulus
1026 2458 1182 2536 perpetuo
1198 2473 1234 2518 se
1249 2451 1334 2518 circa
1349 2458 1467 2516 terram

103 2558 258 2635 torquens
298 2552 406 2636 quoad
445 2572 542 2636 super
578 2551 667 2617 illam
703 2553 850 2618 toramen
895 2552 1047 2634 exhibet,
1083 2554 1190 2637 rhem,
1230 2555 1337 2638 quoad
1374 2553 1467 2634 infra,

100 2660 231 2719 noctem
247 2654 353 2721 elficit.
377 2654 536 2719 obturatis
549 2654 718 2738 spiraculis
729 2654 929 2720 deiectiones
940 2654 1092 2720 existunt.
1127 2663 1261 2722 eatenus
1272 2656 1467 2721 adumbrare

101 2776 237 2822 necesse
252 2764 322 2823 erat
343 2758 561 2823 astronomiae
577 2776 715 2840 graecae
729 2755 832 2839 initia,
856 2776 939 2839 quae
954 2758 1066 2840 quanti
1083 2760 1234 2823 momenti
1252 2767 1370 2842 essent,
1393 2779 1466 2824 sero

101 2859 249 2942 intellegi
283 2867 432 2944 coeptum
459 2867 518 2926 est.
558 2861 615 2926 sed
649 2860 700 2924 his
731 2857 860 2941 plenius
887 2859 1088 2942 explicandis
1118 2881 1195 2924 snus
1225 2861 1354 2926 dabitur
1385 2861 1465 2926 dies.

102 2963 200 3030 redeo
226 2964 270 3030 all
292 2963 418 3029 Placila
440 2964 561 3029 11201
596 2961 941 3045 Ἀναίίμανδρος”κύκλον
968 2962 1040 3025 εἶναι
1064 3005 1072 3020 ·
1096 3005 1103 3020 ·
1128 3006 1135 3020 ·
1158 2966 1253 3048 πλήρη
1281 2966 1370 3048 πυρὸς
1393 2967 1467 3027 κατά

102 3090 125 3128 τι
148 3067 237 3150 μέρος
259 3067 450 3151 ἐκφαίνουσαν
473 3069 522 3130 διὰ
544 3069 663 3149 στομίου
686 3068 718 3128 τὸ
742 3070 798 3149 πῦρ
828 3067 942 3148 ὥσπερ
971 3065 1026 3127 ord
1048 3072 1245 3150 πρηστῆρος
1266 3069 1384 3131 αὐλοῦ.
1418 3067 1465 3129 καὶ

102 3168 173 3232 τοῖοί
200 3168 275 3232 εἶναι
298 3171 347 3233 τὸν
369 3172 462 3254 ἥλιον.
485 3189 525 3234 ex
548 3168 595 3235 eis
618 3188 703 3253 quae
726 3166 794 3232 dixi
809 3167 915 3231 elucet
931 3171 1078 3248 prestera
1094 3166 1184 3232 illum
1208 3191 1271 3234 non
1294 3189 1366 3234 esse
1389 3175 1466 3233 tur-

100 3271 223 3337 hinem
246 3272 414 3356 igneum,
437 3293 535 3355 quem
560 3272 686 3338 Seneca
710 3271 750 3334 N.
774 3268 835 3347 Qu.
860 3269 945 3333 V13
965 3278 981 3329 3
1000 3268 1237 3352 interpretatur.
1273 3271 1362 3335 cuius
1389 3270 1466 3355 quid

101 3375 142 3440 sit
163 3375 273 3440 fistula
293 3395 336 3440 ne
350 3375 541 3441 somniando
563 3375 635 3457 quis
651 3373 815 3439 divinarit.
850 3371 947 3437 miror
962 3372 1181 3456 Schnsternm,
1205 3372 1258 3456 qui
1281 3372 1466 3439 Heraclitea

100 3477 332 3562 interpretatus
355 3499 385 3562 p.
403 3479 464 3543 125
498 3484 670 3561 postquam
696 3477 730 3541 in
757 3496 870 3542 rernm
897 3474 980 3539 sorte
1006 3474 1118 3540 incidit
1146 3475 1206 3540 hoo
1232 3476 1380 3558 neglecto
1408 3475 1465 3540 t'al·

101 3580 229 3647 decima
249 3581 317 3645 aha
339 3580 525 3664 excogitare
546 3579 669 3645 maluit.
701 3577 856 3664 πρηστῆρυι
879 3577 963 3643 enim
986 3575 1097 3641 flatum
1120 3598 1192 3643 esse
1215 3579 1300 3661 vult,
1324 3599 1387 3661 quo
1409 3579 1466 3643 im·

100 3683 208 3766 plotae
231 3682 331 3750 tibiae
346 3704 444 3749 sonos
459 3683 570 3749 edunt.
600 3683 743 3748 concedo
758 3679 1002 3765 significationis
1017 3679 1195 3745 novitatem
1209 3681 1252 3745 ab
1267 3681 1465 3765 etymologia

99 3784 176 3849 sads
205 3784 409 3868 prohabilem
439 3806 521 3852 esse.
559 3784 619 3849 sed
649 3783 726 3868 ipsi,
763 3784 948 3869 prinsquam
979 3787 1102 3866 utatur,
1136 3783 1332 3849 Placitoram
1363 3784 1465 3849 verba

99 3887 312 3953 coniectando
335 3896 461 3954 mutare
477 3887 566 3971 libet,
590 3907 649 3953 nec
672 3887 783 3969 semel,
807 3885 865 3950 sed
887 3884 1013 3949 duobus
1036 3885 1124 3951 loeis.
1158 3906 1233 3951 nam
1249 3891 1378 3970 praeter
1393 3887 1465 3951 Plu·

99 3989 198 4054 tarchi
223 3990 331 4055 locum
355 3991 440 4057 unde
463 3988 598 4074 profecti
626 4009 750 4071 sumus,
778 3988 875 4054 etiam
904 3985 1063 4052 Stobaeus
1087 3988 1173 4051 Plae.
1190 3988 1278 4053 1125
1302 4000 1310 4049 1
1337 3996 1463 4074 πρηστῆ·

100 4115 142 4175 ρος
172 4093 266 4157 αὐλόν
295 4113 361 4158 non
391 4093 478 4176 quod
510 4091 685 4157 Sohustero
712 4091 821 4173 placet
852 4095 1006 4173 πρηστῆρα
1037 4091 1129 4153 αὐλοῦ
1159 4091 1332 4155 testatur.³
1383 4091 1465 4157 haee

165 4336 172 4366 ¹
194 4341 226 4389 rt.
248 4341 371 4403 Hippocr.
391 4341 423 4388 de
442 4351 511 4389 rent.
531 4338 547 4389 3
566 4337 617 4402 [Vl
637 4338 671 4390 94
684 4337 715 4401 L]
741 4334 805 4388 ἀλλὰ
828 4335 879 4404 μὴν
897 4335 969 4404 ἡλίου
987 4355 1014 4388 rr
1037 4339 1080 4389 καλ
1104 4337 1208 4406 σελήνης
1231 4340 1274 4390 καὶ
1294 4339 1391 4408 ἄστρων
1410 4339 1464 4399 ὁδὸς

98 4422 131 4473 ra
148 4428 196 4474 τοῦ
215 4422 357 4490 πνεύματός
375 4424 446 4475 ἐστιν.
476 4431 513 4494 τῷ
532 4427 577 4494 γὰρ
597 4426 654 4492 πυρί
674 4424 702 4476 τὸ
721 4428 818 4490 πνεῦμα
836 4423 916 4492 τροφή
937 4461 943 4474 .
963 4461 969 4474 .
990 4462 996 4475 .
1016 4422 1081 4475 ὥστε
1100 4427 1142 4476 καλ
1161 4425 1202 4477 τὸν
1221 4431 1266 4478 τοῦ
1285 4425 1355 4496 ἡλίου
1375 4426 1464 4495 δρόμου

98 4511 194 4562 iimcc
213 4509 228 4561 ὁ
248 4512 298 4580 ἀὴρ
317 4511 417 4570 dimoc
436 4515 478 4564 acl
497 4511 586 4570 λεπτὸς
605 4512 655 4563 ἐὼν
673 4512 816 4580 παρέχεται.
844 4531 868 4562 v.
887 4516 964 4563 etiarn
985 4515 1037 4563 ind.
1057 4516 1190 4565 Aristotel.
1210 4534 1234 4580 p.
1248 4515 1317 4568 822⁸
1333 4515 1375 4566 2²0.

161 4597 172 4629 ²
191 4603 296 4651 lauerat.
311 4601 416 4653 V1493
434 4606 514 4668 ipsius
529 4603 717 4652 Anaximandri
731 4602 874 4650 doctrinam
895 4605 988 4666 opinor
1007 4605 1146 4665 explicans,
1167 4620 1242 4666 qnam
1258 4607 1384 4669 Epicureo
1406 4609 1458 4656 oui·

97 4689 148 4737 dam
172 4689 321 4737 enchiridio
347 4690 435 4751 debet,
467 4693 542 4752 quale
569 4707 600 4739 ex
631 4691 745 4752 priorum
770 4684 870 4753 placitis
895 4691 1015 4753 compilat
1038 4691 1165 4755 Epicurus
1190 4694 1263 4755 epist.
1287 4694 1320 4742 ad
1343 4695 1462 4757 l'ythocl.

98 4773 273 4825 LaertX84.
302 4779 491 4826 Anaximandri
523 4780 611 4842 opinio
638 4793 690 4825 non
711 4776 800 4825 dubito
820 4779 881 4838 quin
901 4793 933 4826 ex
952 4780 1119 4826 animantium
1139 4780 1313 4835 similitudine,
1334 4791 1361 4829 nt
1379 4783 1463 4830 solent

97 4871 200 4921 reterre,
220 4864 350 4911 arcessita
368 4865 409 4912 stt.

162 4946 364 5000 ‘Schnateram
383 4951 449 5000 male
468 4957 582 5017 sequitur
601 4951 780 5010 Susamihlins‚
798 4951 991 5001 dahresbericht
1009 4952 1036 5002 11
1055 4953 1096 5002 lll
1115 4951 1131 5003 ἱ)
1150 4971 1174 5017 p.
1189 4951 1277 5004 '274¹l.
