3464 5586
179 328 221 392 62
639 333 675 381 1v
713 333 763 381 un
784 331 1068 382 serumserum

179 497 212 560 δέ
244 495 398 578 correxit,
425 497 581 562 audacius
608 497 779 582 Byzantiui
804 501 835 569 ὃς
862 499 892 569 ἐξ
919 501 1032 571 ὕδατος.
1066 519 1177 567 vemm
1203 501 1259 582 γάρ
1289 518 1372 562 1111
1399 498 1543 565 Iustinus

184 597 328 663 servavit
356 599 588 664 sententiarum
612 621 736 666 conexu
762 602 909 668 restituto
936 603 991 686 qni
1017 608 1091 686 post
1111 600 1255 686 Μιλήσιος
1275 600 1368 665 addit
1388 603 1405 664 ὁ
1427 605 1543 685 πρῶτος

183 705 236 783 τῆς
258 706 382 785 φυσικῆς
404 703 575 788 φιλοσοφίας
597 703 684 788 dotas
702 706 797 790 ἀρχὴν
813 742 851 750 --
869 707 902 768 τὸ
924 707 1002 788 ὕδωρ
1019 707 1188 789 ἀπεφήνατο
1202 724 1210 739 ·
1222 702 1252 771 ἐξ
1275 705 1378 773 ὕδατος
1399 705 1453 787 γάρ
1478 706 1541 767 κτλ.

181 801 222 867 de
250 803 391 884 genuina
418 805 555 870 lectione
581 805 666 869 Aetli
695 806 833 871 conlatis
854 807 990 871 [aar.
1011 817 1040 867 11
1064 805 1206 872 dubitari
1233 805 1354 888 nequit.
1399 811 1542 871 ceterum

182 904 384 970 confirmavit
405 906 475 989 ipse
491 907 684 973 Plutarchus
701 908 847 973 fraudem
870 909 923 991 §l
948 908 1145 993 circumcisa,
1168 915 1204 973 ut
1225 926 1309 991 quae
1331 914 1430 974 antea
1451 926 1544 993 prae

182 1013 315 1091 ceperat
348 1028 390 1073 ue
424 1011 559 1075 moleste
591 1019 739 1094 repetere
772 1011 946 1077 videretur.
995 1010 1143 1077 similiter
1175 1010 1352 1079 Metrodori
1384 1030 1426 1076 ex
1453 1012 1542 1075 154

184 1109 380 1176 mentionem
402 1111 437 1176 in
457 1113 489 1176 Π
512 1114 528 1176 1
551 1122 568 1175 3
590 1113 729 1197 repetiit,
757 1113 811 1178 uhi
834 1113 994 1179 Stobaeus
1016 1133 1056 1179 ac
1077 1113 1301 1180 Theoderetns
1323 1133 1435 1180 veram
1456 1112 1542 1179 usui

186 1213 358 1279 lectionem
381 1222 558 1279 servarunt.

268 1317 433 1381 Plutarchi
462 1317 559 1399 igitur
591 1318 785 1384 emblemata
806 1339 912 1402 pauca
934 1325 1023 1402 sunt,
1051 1325 1138 1385 certe
1167 1320 1268 1385 multo
1297 1319 1423 1387 minora
1444 1337 1542 1402 quam

185 1418 390 1483 librariorum
413 1426 490 1485 ante
508 1420 683 1486 Eusebium
706 1429 739 1487 et
761 1428 835 1505 post
855 1442 928 1487 eum
949 1421 1157 1488 licentissime
1179 1430 1408 1505 grassatorum.
1443 1441 1543 1505 quan·

182 1527 251 1585 tum
267 1520 432 1587 breviator
447 1520 590 1587 omiserit
604 1544 670 1588 non
685 1544 813 1607 semper
827 1530 977 1589 accurate
992 1531 1101 1607 potest
1115 1524 1238 1608 dispici.
1273 1543 1379 1609 neque
1399 1524 1487 1590 idem
1507 1523 1543 1589 in

183 1623 331 1689 omuibus
354 1623 532 1688 consilium
566 1645 666 1708 saepe
689 1625 822 1691 dimidia
844 1645 921 1709 pars
943 1625 1063 1692 omissa
1079 1626 1218 1710 videtur,
1240 1627 1323 1693 alias
1337 1625 1429 1710 nihil,
1452 1645 1542 1709 pror·

183 1747 237 1791 sus
261 1726 417 1808 neglect-a·
433 1733 508 1792 sunt
530 1746 634 1810 pauca
657 1729 775 1813 capita.
806 1729 853 1794 sic
868 1748 889 1792 a
903 1727 1046 1793 Stobaeo
1067 1730 1083 1794 I
1101 1732 1139 1795 11
1157 1739 1226 1793 6-8
1248 1728 1346 1813 capiti
1361 1729 1426 1813 περὶ
1440 1728 1542 1792 αἰτίων

181 1829 369 1893 adiunctum
399 1835 449 1895 est
477 1832 542 1914 περὶ
572 1835 623 1894 τοῦ
652 1835 770 1916 πρώτου
799 1832 892 1895 αίτίου
922 1831 1075 1896 omissum
1100 1830 1143 1896 ab
1170 1830 1237 1896 illo.
1281 1832 1449 1916 postlla
1476 1831 1542 1915 περὶ

182 1934 350 2018 χρωμάτων
374 1930 407 1997 iu
424 1931 566 1998 Stobaec
589 1933 794 1999 continuatur
816 1932 1056 2017 quaestionum
1078 1934 1163 2019 φύσει
1184 1932 1250 1998 sint
1264 1933 1390 1999 coleres
1403 1952 1442 1998 ac
1457 1951 1543 2015 quae

183 2036 233 2101 his
264 2041 339 2100 suut
368 2034 508 2100 confinia
534 2038 575 2116 ἓξ
595 2037 720 2101 8-11.
763 2037 796 2101 11
826 2033 1000 2103 Plutarcho
1028 2055 1069 2101 ea
1094 2034 1336 2101 interciderunt.
1380 2033 1462 2100 haec
1491 2052 1544 2099 ca·

184 2138 253 2221 pita
278 2137 313 2201 in
340 2136 483 2203 Stobaee
511 2137 612 2203 titulis
638 2147 750 2204 carent
778 2139 837 2205 sed
864 2137 992 2203 codices
1021 2137 1150 2204 omuino
1173 2137 1302 2221 parcius
1324 2155 1365 2201 ea
1386 2137 1542 2203 lemmata

184 2238 396 2304 tradiderunt.
434 2260 535 2322 quare
557 2260 622 2305 uon
649 2248 776 2306 constat
796 2261 874 2305 num
895 2239 988 2304 iustis
1009 2238 1111 2328 titulis
1132 2239 1167 2304 in
1188 2239 1283 2305 Aetio
1306 2237 1455 2323 praedita
1476 2237 1544 2305 fue

187 2342 250 2406 rint
275 2360 318 2405 au
345 2341 505 2405 corollarii
533 2341 634 2407 instar
664 2342 840 2408 maioribus
865 2342 1003 2407 adnexa.
1047 2347 1082 2405 at
1108 2361 1206 2406 unum
1233 2346 1320 2406 certe
1347 2345 1445 2424 caput
1467 2347 1544 2424 pest

182 2444 214 2508 il
230 2446 252 2507 4
269 2453 301 2503 14
322 2443 466 2525 neglexit
485 2444 688 2527 epitomata,
711 2445 797 2527 quod
813 2443 946 2511 Stobaei
962 2442 1091 2509 codices
1106 2442 1295 2525 inscriptum
1310 2447 1471 2508 testantur
1484 2446 1542 2506 ποῦ

183 2545 247 2631 ἔχει
269 2548 302 2608 τὸ
324 2547 495 2628 ἡηεμυνικὸν
516 2547 665 2629 baiogas.
698 2553 772 2629 pest
794 2546 877 2610 1119
899 2547 964 2630 περὶ
984 2551 1038 2630 γῆς
1059 2545 1140 2610 nihil
1154 2544 1189 2609 in
1204 2543 1378 2609 Plutarcho
1400 2542 1545 2627 sequitur

183 2648 269 2730 quod
291 2646 489 2731 respondeat
510 2647 643 2713 Stobaei
666 2655 810 2715 extremo
832 2648 938 2714 titulo:
966 2648 1030 2733 περὶ
1057 2653 1110 2732 γῆς
1136 2648 1163 2710 εἰ
1190 2647 1242 2729 μία
1268 2647 1317 2710 καὶ
1338 2645 1543 2732 πεπερασμένη

183 2752 231 2814 καὶ
254 2750 354 2814 ποίου
377 2751 557 2832 μεγέθους.
601 2772 678 2835 ergo
705 2752 746 2817 de
768 2748 989 2832 magnitudine
1015 2756 1122 2833 caput,
1146 2749 1233 2832 quod
1254 2748 1359 2815 simile
1379 2747 1544 2814 invenitur

183 2854 224 2919 de
247 2854 316 2918 sole
337 2857 370 2917 et
392 2852 471 2916 luna
492 2853 523 2916 11
547 2854 586 2918 21
610 2854 641 2918 11
664 2854 716 2937 26,
739 2850 941 2935 excerpeutis
965 2850 1114 2915 socordia
1135 2852 1288 2917 omissum
1310 2856 1369 2917 est.

269 2952 434 3036 Cognatus
457 2955 617 3020 11111111
639 2955 681 3020 de
703 2953 844 3038 capitum
870 2952 952 3019 falso
976 2953 1098 3020 ordine.
1128 2953 1219 3019 mitto
1246 2973 1304 3019 eas
1320 2950 1438 3018 turbas
1460 2969 1543 3033 quas

182 3056 296 3121 A'c'tius
318 3054 389 3139 ipse
411 3056 527 3121 alicnis
543 3056 694 3122 admixtis
709 3057 742 3121 iu
758 3054 955 3121 Placitorum
970 3076 1095 3122 conexu
1117 3055 1265 3122 ediderit.
1298 3061 1334 3120 at
1348 3052 1544 3119 Plutarchus

182 3159 197 3223 Ι
222 3160 262 3223 16
284 3160 348 3243 περὶ
370 3164 463 3241 τομῆς
485 3161 629 3241 σωμάτων
651 3158 793 3224 absurde
813 3178 835 3224 a
856 3179 883 3224 c.
900 3159 941 3223 12
968 3159 1033 3242 περὶ
1060 3160 1205 3239 σωμάτων
1228 3156 1366 3223 diremit.
1410 3175 1544 3221 consen·

183 3268 314 3326 taneum
337 3260 482 3326 ordinem
505 3268 615 3327 servat
637 3260 807 3328 Stohacus.
843 3260 902 3327 sed
924 3259 1022 3325 etiam
1044 3259 1130 3325 iutra
1145 3259 1253 3344 capita
1275 3258 1396 3326 similes
1417 3257 1544 3342 turbae,

185 3383 266 3446 quas
292 3382 392 3446 saepe
419 3361 558 3429 haereas
584 3370 689 3429 utrum
711 3362 798 3429 Astii
823 3382 867 3427 au
888 3361 1055 3427 Plutarchi
1075 3381 1120 3428 an
1141 3362 1344 3429 hhrariorum
1366 3379 1477 3428 errore
1497 3364 1544 3425 11

183 3465 315 3530 tribuas.

268 3567 317 3632 III
341 3568 416 3631 114
446 3567 648 3634 Parmeuidis
675 3566 717 3632 de
745 3567 834 3633 zonis
861 3566 971 3650 opinio
992 3566 1102 3650 inepte
1124 3566 1256 3632 additur
1278 3573 1423 3634 extreme
1445 3564 1545 3650 capiti

184 3671 248 3754 περὶ
280 3670 390 3741 θέσεως
416 3677 478 3755 γῆς.
518 3670 695 3753 releganda
728 3675 777 3734 est
803 3668 845 3734 ad
873 3688 899 3734 c.
924 3670 965 3733 14
991 3669 1056 3752 περὶ
1084 3669 1251 3753 διαιρέσεως
1276 3674 1339 3754 γῆς.
1374 3688 1448 3734 cum
1480 3666 1545 3734 hec

184 3779 281 3856 caput
302 3772 336 3836 in
358 3771 421 3838 line
443 3780 625 3838 truncatum
648 3771 700 3856 sit,
721 3771 790 3836 veri
812 3770 918 3837 simile
939 3778 990 3837 est
1006 3769 1158 3835 laciniam
1171 3769 1240 3837 folii
1263 3770 1430 3837 cuiusdam
1452 3768 1546 3837 scissi

184 3895 262 3941 casu
283 3875 360 3939 illuc
381 3877 573 3941 translatam
596 3894 678 3940 esse.

269 3978 406 4043 11134
436 3977 591 4060 Diogenis
621 3977 663 4042 de
694 3973 771 4040 solis
798 3975 960 4041 exstinctu
988 3974 1142 4060 placitum
1174 3975 1328 4041 inseritur
1354 3974 1455 4060 capiti
1479 3976 1547 4060 rapi

183 4086 298 4165 τροπῶν
323 4080 416 4163 ἡλίου.
439 4079 624 4162 ambiguum
647 4097 712 4141 non
735 4083 785 4142 est
799 4076 875 4159 quiu
891 4075 1151 4143 transferendum
1165 4076 1207 4142 sit
1221 4084 1295 4160 post
1316 4079 1402 4145 124
1420 4089 1446 4141 4.
1467 4078 1549 4145 talia

183 4182 301 4249 fuerint
324 4180 498 4247 Plutarchi.
532 4186 711 4246 esttamen
733 4177 788 4242 ubi
809 4179 922 4246 111111
945 4200 1073 4263 queque
1093 4177 1327 4247 dormitaverit

268 4287 301 4351 II
323 4287 399 4351 262
430 4284 613 4369 Παρμενίδης
645 4282 710 4366 ἴσην
743 4286 786 4366 τῷ
813 4283 889 4368 sulp
923 4280 1055 4369 [lunam]
1089 4283 1138 4346 καὶ
1171 4279 1217 4346 ἀπ’
1255 4282 1346 4347 αὐτοῦ
1379 4281 1547 4367 φωτίζεται.

184 4388 345 4454 Stobaeus
366 4385 458 4452 addit
479 4387 549 4469 γάρ,
575 4384 661 4450 idem
688 4383 827 4450 fortasse
849 4384 963 4451 habuit
984 4385 1144 4452 Eusebius
1167 4381 1271 4471 [codd
1294 4381 1465 4469 DEFG],
1487 4382 1548 4450 sed

184 4511 298 4574 parum
325 4488 401 4555 fidei
424 4487 674 4555 Gaisscrdianae
704 4485 838 4553 editioni
861 4495 894 4554 et
920 4495 1009 4553 caret
1031 4486 1192 4572 particula
1218 4484 1364 4552 Galenus
1386 4504 1458 4550 cum
1479 4485 1549 4550 vul·

184 4593 278 4674 gatis.
324 4591 365 4657 de
387 4591 589 4657 absurditate
612 4589 773 4673 opinionis
795 4589 877 4655 nihil
897 4589 1010 4657 11111.ι
1054 4609 1115 4657 111
1140 4587 1249 4654 sanior
1275 4586 1411 4654 efficitur
1431 4606 1549 4653 sensus

257 4831 265 4861 ¹
284 4833 390 4881 omniuo
409 4830 835 4882 11111111111111111111111811111
854 4833 940 4881 Lacrt.
955 4828 1008 4877 vn
1024 4825 1072 4877 144
1093 4825 1172 4892 μείζω
1195 4825 1221 4879 δὲ
1244 4829 1289 4895 τῆς
1311 4829 1357 4895 γῆς
1379 4826 1487 4892 [selem]
1508 4831 1546 4896 τῷ

186 4924 267 4970 πᾶσαν
286 4914 326 4970 ὑπ’
348 4915 425 4969 αὑτοῦ
444 4912 603 4984 φωτίζεσθαι.
