3464 5586
257 286 319 352 168
406 291 474 340 xrrr
508 290 558 339 un
578 287 834 340 rnnornansur
852 288 892 340 ru
910 286 1069 340 sonuum
1087 288 1252 341 aroanna
1272 287 1475 341 nxcnunms

258 457 317 523 hus
340 456 407 522 dixi
429 477 461 541 p.
477 454 560 523 128ι
582 457 616 522 in
638 454 793 522 Heraoliti
815 455 906 522 fonte
926 455 1105 540 biographo
1127 462 1296 523 reourrunt
1316 458 1410 521 πάντα
1425 460 1529 543 ψυχῶν
1544 455 1618 522 εἶναι

257 560 304 624 καὶ
332 560 477 641 δαιμόνων
505 563 603 645 πλήρη
639 560 692 642 [ex
719 557 816 623 Arist.
839 557 870 623 d.
893 565 977 642 part.
999 579 1051 625 an.
1075 559 1091 623 I
1113 559 1134 623 5
1156 578 1186 642 p.
1203 558 1286 623 645·
1310 558 1374 640 17].
1418 556 1618 643 biographus

257 661 355 726 etiam
377 661 659 747 Xenophanes,
682 660 904 743 undsoumque
925 660 1061 745 aooopit,
1083 659 1169 726 male
1190 658 1344 726 mulcavit
1364 659 1413 724 IX
1429 659 1470 726 19
1492 661 1564 746 φησὶ
1584 663 1618 726 δὲ

256 762 379 848 τέτταρα
404 763 475 828 εἶναι
497 768 556 828 τῶν
578 762 669 828 ῦντιυν
697 767 829 850 στοιχεῖα
851 761 881 844 [θ
902 760 942 827 us.
962 763 1068 828 Zaller
1090 760 1124 826 1⁴
1145 762 1209 828 498
1222 762 1255 847 “],
1277 762 1404 845 κόσμους
1426 762 1460 825 δὲ
1481 763 1618 847 ἀπείρους

257 865 291 930 οῦ
313 867 532 950 παραλλάκτους
554 865 587 929 δέ
609 865 636 947 [l
652 863 691 929 uf.
707 864 814 930 Zeller
828 862 865 928 1⁴
880 861 987 945 500¹}
1021 864 1058 927 τὰ
1079 864 1153 949 νέφη
1176 865 1364 929 συνίστασθαι
1386 869 1440 948 τῆς
1460 864 1509 950 ἀφ’
1531 864 1618 948 ἡλίου

257 967 376 1049 ἀτμίδος
402 969 620 1053 ἀναφερομένης
646 967 695 1030 καὶ
717 967 854 1051 αἰρούσης
881 964 956 1028 αὐτὰ
977 965 1019 1034 εἰς
1040 967 1074 1029 τὸ
1095 967 1230 1053 περιέχον
1252 966 1435 1051 [intelleges
1456 965 1533 1050 quid
1556 965 1618 1032 sibi

256 1070 337 1136 velit
358 1090 400 1136 ox
420 1069 493 1135 Aet.
508 1070 593 1136 1114
610 1070 650 1152 4].
685 1067 785 1132 οὐσίαν
808 1068 879 1131 θεοῦ
902 1069 1071 1153 σφαιροειδῆ
1095 1069 1185 1152 μηδὲν
1201 1068 1301 1151 ύμοιον
1316 1066 1442 1152 ἔχουσαν
1457 1068 1617 1153 ἀνθρώπῳ.

257 1171 325 1236 ύλον
347 1171 372 1235 δ’
395 1174 465 1256 ύρυῖν
487 1173 535 1236 καὶ
558 1173 624 1237 ύλον
647 1171 762 1236 ἀκούειν
785 1171 826 1253 μὴ
850 1168 947 1252 μέντοι
970 1171 1103 1234 ἀναπνεῖν
1125 1170 1160 1252 [l
1181 1168 1220 1235 os.
1242 1170 1349 1236 Zeller
1363 1169 1398 1234 1⁴
1412 1168 1520 1252 490'}
1548 1170 1619 1252 σύμ

257 1276 352 1337 παντά
373 1274 401 1336 τ’
424 1273 496 1337 εἶναι
518 1279 584 1337 νοῦν
607 1274 655 1338 καὶ
677 1275 815 1359 φρόνησιν
838 1273 886 1337 καὶ
908 1272 1011 1337 ἀίδιον.
1044 1272 1180 1357 πρῶτός
1200 1272 1228 1335 τ’
1250 1274 1420 1358 ἀπεφήνατο
1442 1272 1485 1337 ύτι
1505 1274 1563 1335 πᾶν
1584 1273 1618 1335 τὸ

257 1376 404 1460 γινόμενον
426 1375 555 1460 φθαρτόν
576 1378 637 1442 ἐστι
660 1376 735 1461 [nisi
750 1382 864 1461 πρῶτος
878 1374 958 1440 illud
972 1373 1083 1459 inepte
1104 1373 1243 1458 positum
1265 1374 1357 1460 valis,
1377 1372 1618 1440 rescribendum

258 1478 407 1563 ἄφθαρτον
432 1477 492 1541 ἐστι
515 1479 653 1544 eonlatis
672 1477 804 1545 Plaoitis
823 1478 854 1543 II
873 1479 929 1542 47
953 1481 986 1542 et
1008 1485 1049 1542 11.
1079 1476 1137 1542 sed
1159 1495 1274 1542 vereor
1295 1496 1337 1541 ns
1359 1475 1439 1542 talia
1454 1477 1546 1540 ὅτιτὸ
1561 1479 1619 1541 πᾶν

257 1580 325 1645 οὔτε
340 1581 487 1664 γινόμενον
502 1579 570 1643 οῦτε
584 1582 714 1666 φθαρτόν
729 1582 790 1651 ἐστι
805 1599 960 1664 perversa
974 1578 1051 1660 sint]
1074 1578 1122 1642 καὶ
1137 1581 1157 1663 ῆ
1180 1581 1262 1666 ψυχὴ
1284 1584 1398 1663 πνεῦμα
1420 1578 1472 1663 [2].
1505 1577 1563 1665 ἔφη
1586 1580 1620 1643 δὲ

258 1684 365 1748 καὶτὰ
387 1684 481 1747 πολλὰ
503 1685 588 1766 ἧσσον
610 1688 661 1746 νοῦ
683 1683 755 1748 εἶναι
779 1685 876 1770 [ῆσσιυ
898 1683 962 1752 ἑνὸς
976 1679 1155 1765 Μυυυςὶιιυ,
1178 1686 1213 1745 at
1227 1680 1266 1746 of.
1282 1681 1389 1747 Zoller
1404 1680 1438 1745 1⁴
1452 1679 1547 1764 491¹]
1569 1682 1619 1746 καλ

257 1791 317 1857 τοῖς
339 1788 485 1870 τυράννοις
507 1785 688 1870 ἐντυγχάνειν
711 1788 731 1871 ῆ
755 1791 796 1858 uh<
817 1785 957 1872 ἧκισταῆ
980 1787 1021 1853 ὡς
1043 1785 1157 1867 ῆῦιστα.
1183 1782 1275 1849 vides
1295 1784 1419 1848 nullum
1441 1802 1514 1849 esso
1536 1783 1620 1849 ordi-

256 1907 332 1953 nem
348 1895 381 1954 et
395 1885 683 1973 apophthegmata,
698 1909 783 1973 quae
798 1888 1026 1954 oontinuantur·
1047 1887 1067 1964 ξ
1082 1885 1134 1968 20,
1156 1883 1269 1950 addita
1284 1904 1366 1951 esse.
1388 1905 1461 1950 oum
1475 1883 1567 1951 Sotio
1584 1892 1619 1952 et

258 1990 335 2071 §18
358 1996 391 2056 et
414 1990 457 2054 20
479 1987 531 2071 [oi.
555 2009 653 2073 supra
674 2011 705 2074 p.
719 1993 779 2056 147
790 1991 813 2073 ¹]
837 1996 869 2055 et
889 1990 924 2053 in
946 1987 1116 2053 eoniunoto
1139 1986 1246 2070 eapite
1260 1985 1302 2052 de
1324 1987 1517 2054 Parmenide
1539 1989 1615 2068 §21

258 2091 388 2176 uitetur,
411 2089 509 2155 etiam
529 2089 588 2155 illa
610 2091 860 2176 biographornm
882 2090 1029 2156 indoetas
1051 2107 1166 2153 manus
1185 2107 1292 2171 «passa
1316 2109 1389 2155 esse
1415 2089 1484 2156 veri
1511 2089 1618 2156 simile

257 2199 316 2259 est.
350 2213 390 2259 ex
406 2192 584 2277 biographo
601 2194 769 2260 Philolai
784 2212 912 2278 quoqne
926 2190 1071 2256 manavit
1089 2195 1196 2274 eaput
1230 2189 1285 2274 qui
1301 2210 1372 2256 oum
1387 2190 1465 2257 dieit
1480 2192 1558 2258 v111
1573 2192 1616 2258 85

258 2297 339 2360 δοκεῖ
359 2294 383 2359 θ’
411 2296 492 2382 αὐτῷ
516 2300 609 2363 πάντα
631 2299 743 2380 ἀνάγκη
770 2297 818 2360 καὶ
841 2294 964 2379 ἁρμονία
985 2294 1115 2377 γίνεσθαι
1142 2294 1191 2356 καὶ
1218 2295 1271 2377 τῆν
1298 2298 1351 2378 γῆν
1378 2294 1520 2358 κινεῖσθαι
1542 2295 1617 2358 κατὰ

258 2398 361 2461 κύκλον
377 2403 491 2483 πρῶτος
508 2398 835 2483 [euoebiographusl]
858 2396 951 2460 εἶπεν·
975 2398 1007 2459 οἱ
1031 2394 1055 2459 δ’
1079 2395 1209 2459 Ἱκέταν
1232 2396 1291 2458 τὸν
1313 2392 1532 2479 Συρακόσιόν
1553 2420 1617 2481 φα·

257 2521 325 2575 σιν,
347 2499 607 2586 Theophrastum
628 2501 679 2587 (fr.
698 2499 751 2586 18)
773 2497 924 2583 inspexit.
958 2496 1073 2562 melior
1087 2502 1166 2562 nota
1186 2495 1360 2562 Melissei
1382 2496 1497 2582 eapitis
1510 2497 1560 2564 IX
1574 2500 1617 2564 24

257 2602 352 2666 ἐδόκει
374 2602 400 2665 δ’
422 2604 503 2690 αὐτῷ
527 2607 560 2669 τὸ
581 2608 638 2667 πάν
660 2602 778 2687 άπειρον
801 2601 872 2666 εἶναι
895 2601 943 2664 καὶ
966 2600 1160 2664 ἀναλλοίωτον
1175 2600 1224 2662 καὶ
1243 2599 1377 2682 ἀκίνητον
1397 2600 1446 2664 καλ
1465 2600 1496 2665 ἓν
1516 2601 1616 2684 ύμοιον

257 2706 352 2789 ἑαυτῷ
381 2707 430 2769 καὶ
457 2710 573 2792 πλῆρες.
608 2706 718 2790 κίνησίν
744 2727 775 2768 τε
803 2705 843 2788 μῆ
866 2701 954 2780 εἶναι,
980 2704 1074 2766 δοκεῖν
1102 2701 1130 2765 δ’
1158 2700 1240 2765 εἶναι.
1272 2702 1348 2765 ἀλλὰ
1373 2704 1422 2767 καὶ
1449 2704 1514 2789 περὶ
1536 2704 1616 2768 θεῶν

257 2805 338 2890 ἔλεγε
360 2808 401 2890 μὴ
424 2809 483 2871 δεῖν
506 2808 729 2892 ἀποφαίνεσθαι.
763 2808 805 2891 μὴ
827 2806 881 2890 γὰρ
903 2804 974 2869 εἶναι
996 2809 1101 2888 γνῶσιν
1122 2804 1230 2869 αὐτῶν.
1262 2822 1339 2869 nam
1362 2805 1487 2890 speeies
1502 2805 1616 2871 similis

257 2914 307 2974 est
328 2907 386 2992 eis,
409 2928 492 2993 quae
514 2909 555 2975 de
577 2909 750 2994 Hippaso
773 2914 928 2973 notantur
949 2907 1027 2973 VIII
1046 2906 1088 2972 84
1113 2905 1172 2992 ἔφη
1200 2907 1240 2970 δὲ
1266 2907 1392 2992 χρόνον
1420 2908 1615 2995 ὡρισμένον

257 3010 347 3075 εἶναι
369 3016 431 3095 τῆς
452 3015 512 3074 τοῦ
535 3011 669 3094 κόσμου
692 3011 891 3096 μεταβολῆς
913 3010 970 3072 καὶ
992 3010 1254 3094 πεπερασμένον
1281 3008 1371 3074 εἶναι
1398 3013 1436 3074 τὸ
1463 3015 1529 3074 πᾶν
1556 3012 1615 3077 καὶ

257 3113 466 3196 ἀεικίνητον.
494 3133 578 3197 quae
592 3133 658 3179 non
674 3114 777 3179 solum
792 3111 905 3177 Aetius
920 3109 1065 3176 similiter
1080 3111 1203 3176 rettuht
1217 3111 1233 3176 I
1248 3111 1269 3176 5
1284 3120 1300 3173 5
1318 3108 1491 3197 [Theodor.
1501 3113 1546 3179 IV
1560 3111 1612 3201 12]

250 3212 386 3286 Ἵππασος
408 3217 441 3280 δὲ
462 3217 479 3280 l
499 3215 713 3286 Μεταποντῖνος
735 3216 783 3279 καὶ
800 3213 986 3299 Ἡράκλειτος
1008 3213 1196 3283 ύΒλύσιυνος
1220 3214 1236 3275 ύ
1254 3212 1386 3299 Ἐφέσιος
1407 3216 1443 3280 ἓν
1464 3215 1553 3281 εἶναι
1574 3218 1612 3280 τὸ

256 3322 322 3382 πᾶν
344 3319 542 3404 ἀεικίνητον
569 3320 626 3382 καὶ
652 3319 934 3403 πεπερασμένον,
959 3318 1072 3402 ἀρχὴν
1100 3317 1136 3379 di
1163 3317 1199 3379 τὸ
1226 3321 1292 3402 πῦρ
1319 3318 1526 3404 ἐσχηκέναι,
1553 3320 1612 3386 sed

256 3419 364 3504 etiam,
386 3427 421 3486 ut
436 3420 531 3486 simul
545 3419 667 3487 fontem
682 3419 874 3503 adgnosoas,
896 3417 1188 3503 Theophrastus
1209 3418 1247 3485 ir.
1264 3421 1282 3484 1
1300 3418 1438 3492 Ἵππασος
1458 3423 1492 3486 δὲ
1513 3424 1530 3487 l
1553 3421 1612 3486 Ma·

254 3527 420 3594 ταποντῖνος
450 3525 498 3595 καὶ
517 3521 701 3607 Ἡράκλειτος
728 3524 744 3585 ύ
765 3519 895 3607 Ἐφέσιος
917 3521 952 3585 ἓν
980 3523 1035 3584 καὶ
1058 3521 1155 3586 οῦτοι
1176 3522 1233 3585 καὶ
1256 3525 1461 3608 κινούμενον
1484 3526 1532 3589 καλ
1553 3549 1611 3590 πε·

255 3625 486 3710 πεφασμένον,
509 3627 584 3690 ἀλλὰ
605 3628 672 3710 πῦρ
694 3623 833 3708 ἐποίησαν
856 3626 916 3708 τὴν
939 3626 1052 3712 ἀρχὴν
1069 3668 1161 3687 .....
1178 3628 1256 3688 ποιεῖ
1276 3627 1309 3689 δὲ
1330 3627 1378 3691 καὶ
1393 3626 1471 3697 τάξιν
1485 3631 1548 3694 τινὰ
1562 3631 1611 3694 καὶ

255 3729 384 3814 χρόνον
407 3729 605 3815 ὡρισμένον
627 3732 688 3811 τῆς
710 3730 770 3790 τοῦ
792 3727 927 3810 κόσμου
951 3730 1157 3814 μεταβολῆς.
1203 3727 1261 3793 sod
1283 3727 1364 3795 haue
1386 3729 1553 3797 hactonus.

339 3831 524 3897 Invenimus
542 3831 576 3896 in
591 3827 713 3896 Laertii
728 3828 770 3895 de
781 3828 924 3915 physiois
939 3829 1141 3915 philosophis
1155 3830 1314 3915 eapitibus
1329 3831 1423 3899 binos
1438 3833 1612 3917 scriptores

255 3933 445 4018 compilatos
477 3932 613 4017 perinde
645 3937 743 4015 atque
776 3930 810 3996 in
842 3931 1012 4016 Hippolyti
1045 3931 1357 4018 Philosophumenis.
1401 3942 1536 4020 uterque
1570 3957 1610 4003 ex

254 4035 471 4120 Theophrasti
493 4035 645 4102 thesauro
669 4033 787 4119 hausit,
810 4035 868 4102 sed
889 4034 942 4099 hio
964 4034 1157 4118 primoribus
1174 4035 1274 4103 labris
1289 4059 1342 4104 res
1355 4038 1498 4121 insignes
1513 4039 1611 4106 etiam

253 4138 386 4204 aliunde
412 4135 594 4220 aroessivit,
622 4135 678 4202 ille
704 4136 841 4223 physioa
869 4142 994 4202 tantum
1020 4137 1079 4204 sed
1107 4138 1315 4221 compositius
1337 4146 1369 4205 et
1391 4140 1548 4223 prolixius
1569 4161 1611 4208 ex

251 4239 324 4306 unis
352 4237 564 4324 Opinionibus
590 4238 760 4324 excerpsit.
810 4239 950 4324 priorem
979 4239 1101 4305 fontem
1130 4239 1280 4306 Laertius
1306 4242 1511 4308 ooniunotum
1538 4263 1609 4310 oum

251 4343 327 4410 vitis
348 4341 512 4408 invenisse
535 4346 567 4406 et
588 4341 793 4407 transtuhsse
810 4342 948 4425 videtur,
971 4343 1108 4406 alterum
1125 4341 1280 4407 laudabili
1296 4343 1430 4409 oonsilio
1445 4350 1609 4427 tamquam

251 4445 509 4529 supplementum
531 4442 704 4509 addidisse.
749 4443 924 4510 Laertiana
945 4451 1053 4511 autem
1076 4450 1126 4511 est
1147 4443 1305 4528 inventio,
1329 4451 1364 4510 ut
1386 4445 1501 4511 eadem
1523 4471 1610 4532 ιιεφα·

252 4549 386 4618 λαιοδιῖις
408 4551 441 4611 et
462 4545 536 4609 κατὰ
559 4546 644 4631 μέρος
666 4545 905 4630 perspicuitatis
927 4547 1031 4631 gratia
1053 4567 1216 4631 exponere
1237 4568 1310 4614 sese
1327 4548 1464 4615 simulet
1487 4547 1611 4615 soilioet

250 4649 312 4714 hoo
335 4646 489 4730 estquod
511 4646 558 4713 ait
572 4646 788 4734 Hieronymus
811 4672 851 4715 ex
873 4655 1054 4715 necessus
1076 4653 1218 4714 virtutem
1231 4652 1346 4731 facere.
1381 4658 1524 4718 ueterum
1544 4651 1611 4718 bio-

250 4750 367 4835 graphi
388 4749 525 4833 vestigia
546 4749 632 4817 infra
654 4750 752 4817 etiam
774 4752 852 4818 alibi
878 4773 992 4839 pressa
1018 4752 1256 4819 demonstrabo.
1300 4754 1342 4821 de
1364 4753 1610 4838 Theophrastea

250 4850 392 4934 epitome
421 4872 442 4918 a
464 4872 526 4934 quo
555 4859 587 4918 et
616 4854 745 4936 quando
772 4854 860 4919 saeta
882 4855 922 4919 sit
945 4861 977 4921 et
1003 4875 1077 4919 num
1107 4863 1245 4939 cognata
1275 4855 1316 4920 sit
1342 4876 1412 4920 oum
1438 4855 1608 4941 Hippolyti
