3442 5588
727 369 1002 421 ruouucouuus
1481 373 1542 436 211

179 537 397 621 scepticorum
420 536 615 603 successies.
638 536 829 620 wirciburg.
854 538 936 602 1875
962 558 993 619 p.
1009 540 1111 622 44sq.
1148 540 1245 604 miror
1268 561 1365 605 unum
1388 541 1474 622 quod
1489 542 1545 607 ille
1559 585 1568 603 .-

178 640 275 723 quusi
308 639 499 724 principium
532 638 646 703 statuit
678 649 794 703 certum
819 644 887 704 ocri
912 642 1048 722 falsique
1076 644 1260 722 adminuisse
1290 664 1358 706 cum
1384 646 1543 707 iudicium.

179 741 269 824 quod
293 761 373 808 saue
394 740 493 808 tradit
515 741 634 808 Sextus
649 743 762 808 ville
786 744 812 806 οἱ
836 744 868 806 δὲ
890 743 955 827 περὶ
978 744 1027 805 τὸν
1046 741 1243 828 Αίνησίόημον
1267 744 1335 808 καθ’
1358 745 1543 830 Ἡράκλειτον

178 846 229 909 καὶ
252 847 303 910 τὸν
321 843 489 930 Ἐπίκουρον
511 846 560 909 ἐπὶ
583 845 620 908 τὰ
642 845 769 928 αἰσθητὰ
792 851 896 914 κοινῶς
918 846 1141 930 κατενεχθέντες
1169 848 1199 910 ἐν
1227 847 1295 911 εἴδει
1318 848 1482 932 διέστησαν.
1517 852 1543 911 οἱ

180 949 235 1030 μὲν
264 948 318 1033 γὰρ
347 948 410 1033 περὶ
433 948 482 1010 τὸν
506 945 704 1031 Αίνησίδημον
727 947 844 1031 λέγουσί
869 972 931 1010 τινα
953 953 1012 1010 τῶν
1034 950 1216 1032 φαινομένων
1240 953 1380 1036 διαφορὰν
1403 953 1452 1013 καί
1473 973 1543 1035 φασι

180 1053 293 1116 τοῶτιον
315 1051 351 1115 τὰ
373 1051 425 1133 μὲν
448 1054 552 1119 κοινῶς
574 1054 646 1114 πᾶσι
668 1051 834 1135 φαίνεσθαι,
857 1051 893 1114 τὰ
915 1052 948 1113 δὲ
971 1051 1050 1121 ἰδίως
1072 1053 1135 1129 τινί,
1160 1054 1200 1116 ῶν
1223 1054 1322 1137 ἀληθῆ
1349 1055 1400 1136 μὲν
1422 1053 1544 1117 εἶναιτὰ

181 1160 288 1227 κοινῶς
303 1159 374 1218 πᾶσι
395 1152 566 1238 φαινόμενα,
589 1156 681 1238 ψευδῆ
705 1155 795 1218 δὲτὰ
819 1155 859 1238 μὴ
882 1159 1011 1217 τοιαῦτα.
1033 1173 1131 1235 quam⁴
1152 1153 1247 1221 facile
1271 1162 1341 1221 erat
1364 1156 1475 1238 paucis
1491 1176 1545 1239 pa·

179 1257 267 1340 ginis
282 1264 359 1325 aute
378 1255 511 1322 VI1131
529 1255 736 1321 Aenesidemi
752 1254 852 1321 verba
867 1255 925 1322 sed
940 1259 981 1321 de
997 1256 1199 1322 Heraclito
1223 1277 1263 1323 ea
1276 1257 1363 1323 dicta
1385 1258 1545 1341 inspicere

179 1364 215 1426 τὸ
239 1363 292 1444 μὲν
315 1365 398 1443 κοινῆΙ
420 1363 492 1424 πᾶσι
515 1358 687 1442 φαινόμενον
710 1356 788 1421 τοῦτ’
817 1357 889 1421 εἶναι
911 1359 1011 1423 πιστόν
1029 1361 1127 1422 ...τὸ
1150 1360 1183 1423 δέ
1197 1384 1250 1423 τινι
1267 1362 1348 1445 μόνῳ
1364 1367 1543 1444 προσπῖπτον

180 1465 304 1529 ἄπιστον
327 1465 467 1548 ὑπάρχειν
491 1461 539 1524 διὰ
564 1461 616 1544 τὴν
644 1460 773 1524 ἐναντίαν
801 1460 905 1524 αἰτίαν.
943 1461 1091 1526 nimirum
1118 1460 1353 1529 Aenesidemus
1379 1463 1434 1544 qui
1463 1465 1545 1529 anti-

181 1567 351 1651 quioribus
364 1561 515 1648 scepticis
530 1563 572 1628 ab
588 1562 710 1628 Haasio
733 1568 821 1629 recte
835 1563 1076 1647 adnumeratur,
1099 1564 1140 1629 de
1160 1585 1311 1631 sensuum
1327 1565 1389 1631 fide
1405 1567 1544 1634 maxime

180 1669 364 1737 dubitabat
396 1685 497 1749 quare
519 1663 661 1748 priorum
684 1664 725 1730 de
747 1664 809 1730 hac
831 1686 866 1732 re
889 1666 1058 1750 opiniones
1080 1665 1253 1748 diligenter
1275 1675 1307 1734 et
1329 1667 1459 1749 copiose
1481 1672 1544 1735 col·

181 1771 271 1855 legit.
294 1779 330 1838 at
343 1767 523 1835 iunioribus
537 1786 690 1833 sensuum
710 1765 773 1832 fide
788 1768 1069 1851 acquiescentibus
1085 1789 1211 1835 omuem
1227 1770 1445 1851 investigandi
1457 1772 1544 1837 labo-

180 1893 250 1940 rem
270 1881 307 1939 ut
321 1874 452 1941 inanem
475 1876 509 1937 et
522 1867 649 1935 animos
671 1868 914 1952 perturbantem
937 1872 1059 1938 reicere
1083 1871 1213 1955 placuit,
1237 1872 1322 1938 unde
1337 1873 1544 1939 Aenesidemi

180 1976 353 2044 edendam
367 1983 467 2059 atque
482 1971 749 2055 disquisitionem,
765 1991 830 2055 qua
844 1973 986 2057 priorum
1002 1974 1145 2058 pericula
1158 1972 1389 2058 explicaverat,
1406 1976 1545 2043 riserunt

181 2079 219 2144 P.
241 2078 362 2164 Hypl
384 2078 449 2144 210
459 2096 506 2160 sq.
541 2081 577 2140 at
598 2073 800 2141 mehercules
823 2075 920 2158 plane
942 2076 1037 2141 aliter
1059 2076 1093 2141 in
1116 2094 1190 2141 eum
1211 2074 1368 2139 invecturi
1391 2085 1493 2163 orant,
1517 2080 1544 2145 si

181 2180 237 2247 ille
262 2180 350 2264 quod
371 2181 469 2263 vulgo
493 2176 628 2245 credunt
649 2176 760 2243 relicto
784 2177 947 2261 scepticae
969 2185 1078 2245 sectae
1093 2176 1274 2262 patrocinio
1289 2176 1544 2258 dogmaticorum

183 2303 274 2350 more
297 2283 340 2350 de
362 2301 439 2348 aere
460 2288 494 2347 et
515 2299 676 2345 consensu
706 2279 866 2344 communi
894 2281 1089 2365 ceterisque,
1120 2299 1203 2362 quae
1227 2278 1347 2345 Sextus
1372 2279 1544 2365 fabulatur,

183 2383 423 2451 affirmavisset.
450 2379 701 2449 Aenesidemum
717 2380 861 2462 quivere
876 2382 1068 2466 intellegere
1082 2381 1229 2463 voluerit,
1245 2399 1266 2446 a
1281 2378 1390 2445 Photii
1406 2384 1546 2468 Pyrrho·

183 2485 310 2552 uiorum
325 2485 480 2551 librorum
497 2489 649 2566 excerpto
666 2503 692 2548 o.
702 2483 764 2548 212
781 2481 938 2565 proficisci
954 2485 1061 2569 debet,
1089 2484 1188 2550 Sexto
1203 2482 1265 2547 nisi
1280 2482 1464 2550 cautissime
1479 2506 1545 2551 uon

184 2594 302 2673 utetur,
324 2587 445 2672 quippo
466 2584 521 2667 qui
536 2583 716 2649 doctrinam
731 2584 940 2651 multifariam
956 2593 1170 2672 propagatam
1185 2585 1255 2649 siue
1270 2584 1387 2650 iudicio
1404 2587 1523 2652 tradat.
1536 2588 1543 2618 ¹

183 2690 240 2757 sed
252 2690 296 2759 de
308 2689 400 2757 Sexti
412 2688 476 2755 fide
486 2685 572 2752 infra
582 2706 707 2752 curru.
723 2686 958 2756 Aenesidemus
968 2690 1075 2774 igitur,
1088 2696 1123 2753 ut
1136 2688 1179 2753 ad
1192 2687 1392 2771 propositum
1402 2689 1545 2773 redeam,

181 2791 357 2858 dubitandi
377 2810 510 2858 causam
533 2809 574 2855 ex
596 2788 669 2872 ipsa
684 2788 949 2874 philosophorum
968 2812 1078 2876 pugna
1093 2790 1207 2876 petivit
1221 2790 1310 2855 velut
1325 2788 1545 2857 Clitomachus

180 2893 212 2958 iu
236 2893 407 2960 Ciceronis
439 2891 574 2960 Lucullo
602 2909 697 2974 quem
719 2890 882 2975 vituperat
906 2902 1080 2979 propterea
1101 2895 1220 2960 Sextus
1240 2891 1315 2957 adv.
1338 2892 1437 2958 math.
1454 2895 1502 2958 IX
1526 2898 1542 2959 1

177 3016 211 3079 p.
227 2997 306 3080 391,
322 2996 409 3063 2513.
444 3013 550 3078 nequo
572 2991 702 3057 uberior
724 3000 795 3058 erat
817 2994 998 3064 discordiae
1019 2999 1109 3062 locus
1132 3015 1227 3078 quam
1250 2994 1291 3061 de
1313 2993 1422 3058 anima
1442 2995 1545 3078 philo-

176 3097 362 3182 sophorum
386 3095 565 3182 opiniones,
588 3112 669 3177 quas
692 3092 780 3159 haud
802 3095 899 3165 dubie
911 3100 1033 3167 saeculi
1049 3119 1137 3165 more
1153 3118 1194 3163 ex
1209 3095 1387 3180 exemplari
1404 3098 1544 3178 quodam

173 3198 397 3283 transeripsit.
442 3218 519 3282 ergo
541 3217 613 3264 eum
635 3194 722 3260 Astii
744 3217 868 3265 summa
890 3201 1066 3268 similitudo
1094 3221 1153 3285 per
1176 3205 1224 3264 tot
1245 3206 1376 3280 mmque
1398 3198 1545 3265 diversos

175 3301 412 3387 compilatores
445 3305 577 3368 servata
607 3297 666 3380 sit,
699 3317 766 3364 uon
796 3320 848 3368 me
877 3303 1028 3370 contineo
1059 3303 1136 3386 quin
1166 3300 1264 3367 etium
1294 3299 1545 3367 Aenesidemum

178 3403 382 3472 Placitorum
408 3409 609 3471 vetustorum
641 3397 789 3467 doctrina
810 3402 955 3470 adiutum
979 3406 1093 3472 dicam.
1137 3423 1242 3485 neque
1271 3408 1378 3468 metuo
1410 3424 1451 3470 ne
1479 3405 1545 3471 alia

182 3503 384 3590 probabilior
406 3503 489 3571 ratio
512 3502 708 3586 inveniatur,
732 3502 828 3569 modo
845 3503 1003 3573 Soranum
1020 3505 1160 3591 Sceptici
1183 3504 1323 3570 maxime
1344 3506 1482 3589 vestigia
1498 3529 1546 3574 se-

182 3615 291 3674 cutum
314 3627 388 3674 esse
411 3605 581 3672 concedas.
616 3604 692 3671 vide
714 3604 809 3670 modo
826 3626 922 3689 quam
937 3615 1092 3677 accurata
1107 3608 1148 3674 sit
1164 3613 1344 3691 temporum
1362 3609 1545 3675 concordia.

182 3709 237 3776 vix
264 3709 353 3778 euim
385 3709 517 3775 dubium
549 3713 600 3774 est
627 3705 714 3791 quod
743 3707 885 3776 Haasius
916 3712 935 3777 l.
959 3732 985 3776 c.
1009 3732 1040 3795 p.
1058 3711 1098 3775 15
1128 3716 1241 3774 contra
1271 3709 1432 3775 Zellerum
1459 3718 1547 3778 recte

183 3810 321 3879 amoime
343 3811 487 3896 videtur,
517 3809 594 3895 quin
623 3809 667 3876 ad
695 3812 834 3879 eundem
866 3814 902 3879 L.
927 3812 1130 3879 Tuberonem
1161 3809 1326 3876 Ciceronis
1354 3811 1547 3881 familiarem

184 3913 386 4000 Pyrrhouios
407 3934 484 3981 suos
506 3912 606 3978 libros
628 3911 751 3978 miserit
774 3914 1027 3996 Aenesidemus,
1057 3913 1148 3979 cuius
1170 3913 1300 3979 nornine
1322 3914 1425 3980 Varro
1448 3916 1547 3998 loghi-

185 4017 338 4083 storicum
359 4035 456 4100 quem
477 4015 544 4082 dixi
568 4022 716 4081 ornatum
740 4015 905 4082 volebat.¹
940 4016 1055 4082 eadem
1079 4013 1224 4081 condicio
1241 4015 1382 4081 Tulliani
1398 4018 1547 4102 catalogi,

186 4138 279 4202 quem
301 4139 345 4185 ex
367 4119 559 4186 Tusculanis
580 4117 744 4202 excerpsi,
776 4125 812 4183 ut
835 4117 935 4184 etiam
957 4117 1034 4183 huio
1056 4137 1097 4184 ex
1120 4116 1379 4182 commodissimo
1402 4118 1457 4184 illo
1480 4121 1548 4187 the·

187 4240 278 4288 sauro
307 4221 510 4306 aliquantum
538 4219 739 4286 redundasse
769 4220 997 4286 existimemus.
1043 4220 1101 4286 sed
1128 4219 1208 4283 illud
1239 4219 1282 4283 ad
1312 4226 1433 4285 certum
1461 4221 1548 4287 haud

188 4343 288 4407 aeque
310 4323 431 4391 adduci
453 4328 570 4408 potest.
614 4341 690 4387 nam
717 4320 792 4406 ipsa
818 4322 944 4387 Placita
975 4321 1095 4388 adiisse
1118 4320 1307 4387 Ciceronem
1335 4342 1406 4387 cum
1435 4345 1548 4407 parum

190 4425 224 4492 sit
245 4425 415 4510 credibile,
437 4424 528 4491 ouius
550 4442 651 4507 opera
673 4429 705 4489 et
726 4423 963 4490 intercessione
985 4444 1063 4490 usus
1085 4424 1127 4489 sit
1149 4423 1203 4488 vix
1226 4443 1376 4507 umquam
1397 4426 1549 4493 enodabi-

256 4595 264 4627 ¹
283 4600 416 4648 luniorurn
439 4598 615 4664 Scepticorum
638 4599 791 4663 compendia
815 4606 942 4650 monstrat
959 4601 990 4651 P.
1009 4600 1043 4649 Η.
1062 4600 1075 4649 Ι
1095 4596 1146 4649 2⁶22
1169 4601 1212 4648 νῦν
1235 4595 1261 4648 lt
1286 4596 1321 4655 ὡς
1345 4598 1370 4650 ἐν
1389 4597 1549 4670 ὑπομνήματι

195 4680 385 4752 ῶαλαμβάνομιν
397 4683 464 4736 κατὰ
475 4679 622 4754 Μηνόδοτον
635 4684 678 4736 καὶ
691 4679 868 4754 Αίνησίδημον.
894 4686 925 4736 de
940 4687 1085 4736 Menodoto
1100 4687 1194 4736 saeculi
1207 4687 1312 4736 alterius
1325 4704 1350 4752 p.
1364 4687 1426 4738 Chr.
1439 4691 1550 4739 ineuntis

199 4772 289 4822 medico
308 4775 430 4838 empirice
450 4774 481 4824 ef.
496 4774 568 4824 Haas
587 4775 603 4822 1.
617 4789 639 4824 c.
660 4791 685 4838 p.
699 4771 781 4836 74sq.

262 4853 422 4910 'Tuberoni
447 4861 568 4911 familiari
590 4861 710 4911 Panaetii
732 4860 812 4910 libros
836 4859 867 4908 de
892 4859 982 4910 officiis
1006 4863 1106 4926 scripsit
1132 4863 1229 4911 Hecate
1253 4862 1369 4911 Rhodius
1393 4863 1423 4912 cf.
1442 4861 1497 4912 Cic.
1518 4862 1549 4911 do

206 4945 288 4996 oum
301 4945 331 4999 15
342 4956 374 4997 aa
394 4947 468 4997 acad.
486 4949 566 5012 prior.
580 4945 716 4998 1144135.
736 4962 798 5012 ergo
817 4948 902 4997 studia
921 4948 1101 5013 philosophiae
1120 4951 1192 4997 avita
1210 4948 1270 4997 huic
1288 4949 1409 4999 familiae.

1277 5033 1350 5097 14*
