3464 5586
254 362 319 426 480
566 363 823 415 THEOPHRASTI
841 363 979 415 PHYSIC.
998 364 1159 415 OPINION.
1178 363 1231 413 Fu.
1245 361 1300 414 45

253 536 325 602 τοῖς
346 533 464 603 ἀλλοις
486 531 654 616 πειρᾶταί
674 556 706 595 τι
728 533 846 618 φέρειν
869 531 976 610 ἴδιον,
998 531 1059 600 τὰς
1081 531 1196 617 ἀρχὰς
1218 532 1256 594 δὲ
1278 531 1339 599 τὰς
1361 530 1468 599 αὸτάς
1495 528 1617 599 ἀποδί-

254 637 362 699 δωσιν
392 634 431 702 ἀς
460 657 523 719 περ
549 634 788 718 Ἀναξαγόρας.
834 635 912 698 οότοι
941 635 992 717 μὲν
1015 632 1065 697 οὖν
1088 633 1225 716 ἀπείρους
1247 639 1289 719 τῷ
1312 633 1420 717 πλήθει
1443 633 1490 696 καὶ
1513 633 1617 713 ἀνομα·

254 742 345 820 γενεῖς
365 736 417 805 τάς
438 737 532 822 ἀρχὰς
554 739 668 821 λέγουσι
690 737 741 807 τάς
764 737 965 822 ὁμοιομερείας
985 735 1113 804 τιθέντες
1136 735 1239 820 ἀρχάς.

310 1214 450 1278 Simplie.
470 1216 495 1265 in
515 1211 832 1280 phys.f.5v54-6r18.

342 1314 435 1378 Μίαν
461 1316 499 1378 δὲ
523 1316 585 1398 τὴν
613 1316 729 1399 ἀρχὴν
757 1313 835 1398 ἤτοι
862 1314 897 1378 ἓν
924 1314 962 1377 τὸ
991 1314 1028 1377 δν
1056 1314 1114 1377 καὶ
1142 1318 1207 1378 πᾶν
1233 1315 1281 1378 καὶ
1310 1314 1377 1378 οὔτε
1403 1312 1619 1398 πεπερασμένον

229 1417 326 1483 σοὸτε
353 1418 470 1501 ἀπειρον
496 1416 564 1481 οὔτε
589 1417 754 1500 κινοόμενον
777 1416 844 1480 οὔτε
865 1418 991 1501 ἠρεμοῦν
1018 1414 1204 1501 Ξενοφάνη
1227 1418 1285 1480 τδν
1308 1415 1537 1503 Κολοφώνιον
1558 1417 1619 1479 τὸν

258 1518 479 1605 Παρμενίδου
521 1521 732 1583 διδάσκαλον
774 1517 1012 1582 ὑποτίθεσθαί
1048 1540 1136 1602 φησιν
1182 1521 1198 1583 ὁ
1236 1519 1421 1605 Θεόφραστος
1468 1522 1620 1602 ὁμολογῶν

256 1621 382 1706 ἑτέρας
411 1622 503 1686 εἶναι
532 1624 667 1704 μᾶλλον
694 1622 714 1705 ἢ
745 1625 808 1705 τῆς
838 1621 915 1705 περὶ
945 1619 1086 1705 φὸσεως
1115 1620 1276 1705 ἱστορίας
1303 1623 1365 1704 τὴν
1396 1625 1536 1707 μνήμην
1557 1626 1621 1704 τῆς

255 1724 383 1788 τούτου
406 1723 519 1807 δόξης.
555 1725 593 1787 τὸ
616 1724 680 1809 γὰρ
702 1725 739 1787 ἓν
760 1728 863 1787 τοῦτο
881 1723 942 1786 καὶ
964 1726 1030 1786 πᾶν
1052 1724 1111 1788 τὸν
1133 1724 1216 1787 δεδν
1238 1721 1358 1806 ἔλεγεν
1374 1726 1390 1788 ὁ
1405 1724 1618 1812 Ξενοφάνης·

255 1826 287 1891 δν
310 1825 361 1889 ἕνα
383 1827 436 1909 μὲν
458 1826 597 1889 δείκνυσιν
619 1826 653 1888 ἐκ
674 1831 726 1889 τοῦ
748 1828 863 1890 πάντων
885 1827 1035 1911 κράτιστον
1050 1825 1136 1890 εἶναι·
1159 1827 1300 1890 πλειόνων
1319 1827 1384 1911 γάρ,
1406 1827 1505 1911 φησίν,
1528 1825 1620 1890 όντων

215 1954 240 1993 ιο
257 1928 367 2009 ὁμοίως
396 1928 537 2014 ὑπάρχειν
563 1929 674 2011 ἀνάγκη
702 1933 774 1993 πᾶσι
802 1928 836 1991 τδ
859 1932 987 2013 κρατεῖν·
1014 1929 1047 1991 τδ
1070 1931 1104 1992 δὲ
1125 1929 1241 1991 πάντων
1262 1930 1412 2013 κράτιστον
1434 1929 1482 1993 καὶ
1503 1927 1621 2013 ἄριστον

257 2030 336 2099 θεός.
378 2029 515 2114 ἀγένητον
544 2031 577 2093 δὲ
604 2030 746 2093 ἐδείκνυεν
773 2031 807 2094 ἐκ
834 2035 886 2094 τοῦ
912 2032 971 2094 δεῖν
1000 2030 1034 2093 τὸ
1060 2031 1207 2114 γινόμενον
1234 2030 1254 2114 ἦ
1284 2030 1314 2099 ἐξ
1337 2030 1439 2114 ὁμοίου
1461 2031 1481 2114 ἢ
1504 2028 1534 2098 ἐξ
1557 2031 1621 2094 ἀνο-

257 2133 340 2215 μοίου
369 2132 528 2216 γίγνεσθαι·
556 2132 632 2196 ἀλλά
656 2133 690 2195 τδ
719 2133 770 2215 μὲν
797 2133 897 2215 ὁμοιον
920 2133 1034 2203 ἀπαθές
1055 2154 1142 2218 φησιν
1165 2133 1222 2196 ὑπὸ
1244 2137 1296 2196 τοῦ
1318 2133 1436 2216 ὁμοίου·
1460 2132 1621 2216 οὐδὲνγὰρ

256 2239 366 2319 μᾶλλον
392 2239 491 2318 γεννᾶν
513 2235 533 2318 ἢ
555 2235 711 2317 γεννᾶσθαι
733 2238 874 2320 προσήκει
895 2236 929 2299 τὸ
952 2236 1051 2319 ὁμοιον
1075 2237 1108 2300 ἐκ
1130 2241 1181 2299 τοῦ
1205 2238 1320 2318 ὁμοίου·
1342 2236 1368 2299 εί
1384 2237 1416 2299 δὲ
1430 2233 1460 2303 ἐξ
1482 2234 1622 2317 ἀνομοίου

254 2340 378 2422 γίνοιτο,
406 2335 487 2401 ἔσται
514 2337 547 2399 τὸ
576 2337 607 2400 δν
634 2338 667 2401 ἐκ
696 2343 747 2402 τοῦ
775 2339 815 2421 μὴ
839 2336 929 2407 ὄντος.
967 2338 1016 2401 καὶ
1039 2339 1131 2409 οὕτως
1152 2338 1289 2423 ἀγένητον
1303 2339 1359 2403 ,καὶ
1382 2339 1472 2401 ἀίδιον
1498 2335 1619 2399 ἐδείκνυ.

217 2468 241 2506 ιι
259 2440 326 2504 οὔτε
352 2442 385 2503 δὲ
412 2439 528 2523 ἀπειρον
556 2439 624 2503 οὔτε
651 2439 867 2524 πεπερασμένον
889 2439 977 2519 εἶναι,
1005 2440 1077 2505 διότι
1099 2440 1217 2526 ἄπειρον
1241 2442 1293 2523 μὲν
1314 2442 1347 2504 τὸ
1372 2441 1412 2524 μὴ
1436 2441 1468 2505 ὃν
1491 2443 1532 2508 ὡς
1553 2436 1622 2502 οὔτε

256 2545 352 2629 ἀρχὴν
375 2542 445 2627 ἔχον
467 2539 535 2604 οὔτε
550 2542 645 2625 ,μέσον
667 2540 735 2632 οὔτε
756 2541 850 2612 τέλος·
878 2541 1021 2627 περαίνειν
1044 2544 1077 2607 δὲ
1099 2544 1172 2629 πρὸς
1194 2542 1307 2628 ἄλληλα
1328 2544 1364 2606 τὰ
1386 2543 1487 2606 πλείω.
1530 2565 1621 2626 παρα-

256 2646 388 2729 πλησίως
411 2645 443 2708 δὲ
465 2646 513 2709 καὶ
535 2645 588 2729 τὴν
611 2643 721 2727 κίνησιν
744 2645 864 2730 ἀφαιρεῖ
883 2645 931 2709 καὶ
953 2645 1005 2728 τὴν
1027 2646 1162 2731 ἠρεμίαν·
1186 2646 1320 2729 ἀκίνητον
1344 2646 1396 2728 μὲν
1417 2644 1472 2729 γὰρ
1493 2643 1566 2708 εἶναι
1586 2643 1621 2705 τὸ

259 2870 272 2921 1
291 2870 374 2940 φίρειν
392 2869 454 2922 ἴδιον
472 2872 506 2921 αἱ.
524 2871 559 2920 ed
576 2871 709 2935 Theopbr.
727 2871 752 2920 d.
771 2885 838 2920 sens.
851 2866 884 2920 37
895 2863 910 2935 ΙΙ
963 2867 1000 2920 ῶν
1016 2872 1128 2927 τοιοῦτος
1146 2868 1193 2938 είη.
1211 2873 1286 2922 τοῦτο
1304 2870 1351 2940 γὰρ
1369 2867 1427 2921 biii
1445 2869 1489 2920 καὶ
1500 2864 1562 2920 θεοῦ
1579 2863 1620 2918 δίι-

256 2960 453 3023 Theophruetea
471 2959 535 3008 haee
554 2973 610 3008 esse
629 2966 736 3022 apparet
753 2973 785 3006 ex
804 2957 911 3021 Hippoi.
962 2973 1035 3025 ναμιν
1053 2955 1113 3008 εἶναι
1131 2961 1238 3026 κρατεῖν,
1257 2956 1320 3009 ἀλλά
1343 2955 1379 3026 μὴ
1406 2951 1559 3024 κρατεῖσθαι,
1577 2953 1622 3005 καὶ

257 3044 297 3095 91
324 3041 397 3102 οὗτος
424 3043 473 3114 ἔφη
500 3044 546 3113 τὴν
570 3042 635 3113 μῖξιν
662 3040 721 3112 τῆς
734 3039 796 3112 ὕλης
819 3040 912 3110 ὁμοίως
961 3044 1063 3095 πάντων
1086 3046 1217 3114 κράτιστον
1241 3043 1301 3097 εἶναι
1326 3042 1340 3112 Η
1366 3043 1398 3096 10
1422 3042 1515 3111 ὁμοίως
1537 3043 1620 3092 anu:

255 3126 404 3198 Ἀναξαγόρᾳ
431 3133 475 3190 τάς
504 3150 532 3185 τε
559 3131 637 3200 ἀρχὰς
667 3129 788 3189 ὠσαὸτως
813 3127 826 3198 ΙΙ
851 3129 911 3181 ἀπο-
962 3130 1066 3199 ἀνομοία
1083 3134 1104 3183 F
1122 3130 1134 3201 ΙΙ
1149 3131 1267 3202 ὑπάρχειν
1286 3132 1382 3200 ἀνάγκη
1403 3132 1503 3182 Dum:
1523 3129 1619 3195 ἀνάγκη

257 3216 355 3268 δίδιυσιν
384 3219 495 3268 Duum
519 3228 546 3268 ut
577 3222 722 3270 coniecerat
744 3222 856 3271 Usener:
875 3216 910 3269 δί-
962 3217 1082 3289 ὑπάρχειν
1092 3222 1131 3271 ali
1146 3217 1160 3286 ΙΙ
1174 3223 1205 3271 ef.
1224 3220 1329 3284 [Λαίνα]
1348 3240 1371 3286 p.
1383 3216 1504 3272 977·15=
1524 3215 1620 3283 ἀνάγκη

257 3302 332 3355 διυσιν
345 3321 362 3353 ιι
378 3300 392 3370 ΙΙ
406 3302 422 3354 2
437 3301 505 3355 οὗτοι
517 3304 563 3372 μὲν
580 3302 636 3355 κτλ.
656 3308 687 3356 ef.
706 3303 910 3357 Ζυ11υτ14911ι
963 3305 1008 3374 γάρ
1027 3305 1083 3375 ἦτοι
1102 3303 1128 3366 ἐξ
1146 3303 1233 3373 ὁμοίου
1251 3304 1306 3375 bei
1325 3307 1442 3374 ἀνομοίου
1460 3300 1574 3373 γενέσθαι
1591 3301 1620 3355 τό

293 3391 910 3460 euehoofr.cf.1>r01.p.109sqq.uicf.
962 3391 1111 3461 γιγνόμενον.
1145 3391 1247 3444 δυνατὸν
1270 3391 1296 3444 δὲ
1319 3392 1459 3463 οὐδέτερον·
1488 3389 1545 3443 οὔτε
1573 3390 1621 3460 γὰρ

259 3482 397 3530 scholiasta
426 3493 570 3542 anonymus
596 3481 765 3544 Phyeieorum
796 3484 823 3532 in
854 3482 911 3531 eod.
964 3476 1048 3545 ὅμοιον
1066 3476 1106 3549 ὑφ’
1127 3478 1213 3547 ὁμοίου
1232 3480 1366 3550 προσήκειν
1378 3476 1536 3548 τεκνωθῆναι
1555 3476 1620 3545 μᾶλ-

257 3569 340 3618 Paris.
360 3564 427 3617 1947
452 3567 469 3614 f.
485 3565 529 3626 lv,
555 3569 599 3629 qui
618 3567 785 3633 Simpiieieua
805 3571 912 3618 eircum-
963 3563 1007 3617 λον
1029 3564 1046 3634 ἡ
1068 3572 1200 3618 τεκνῶσαι.
1224 3572 1304 3619 ταῦτα
1327 3569 1373 3636 γὰρ
1396 3565 1493 3618 ἅπαντα
1517 3569 1569 3622 τοῖς
1592 3581 1620 3633 γε

257 3655 346 3704 scribit
364 3651 408 3702 καὶ
427 3648 478 3701 ἔστι
496 3651 540 3702 καὶ
560 3649 624 3722 αὕτη
642 3653 659 3723 η
678 3651 737 3712 δόξα
750 3652 779 3705 ub
792 3653 848 3723 περὶ
861 3659 913 3705 τῶν
964 3650 1024 3710 ίσοις
1046 3653 1090 3704 καὶ
1108 3651 1201 3721 ὁμοίοις
1226 3653 1274 3725 obp
1297 3652 1417 3724 ὁπάρχειν
1435 3653 1495 3723 πρὸς
1514 3650 1620 3721 ἄλληλα.

257 3744 381 3810 φυσικῶν,
399 3736 462 3789 ἀλλὰ
474 3739 529 3808 περὶ
542 3743 588 3790 που
600 3735 659 3791 θεοῦ
672 3742 704 3791 ei.
718 3743 789 3792 Prol.
808 3743 825 3793 l.
837 3759 858 3792 υ.
871 3738 914 3810 118
964 3734 1015 3790 οὔτ’
1043 3738 1073 3790 ἂν
1096 3737 1122 3800 ἐξ
1145 3741 1262 3809 ἀνομοίου
1280 3741 1411 3809 τάνὸμαιον
1429 3737 1542 3810 γενέσθαι
1561 3778 1567 3791 .
1587 3777 1620 3790 ..

257 3825 385 3895 τὸγάρῖν
395 3823 450 3877 κτλ.
460 3843 493 3878 ex
504 3830 869 3879 Aristotelieeimilitudine
879 3830 913 3879 ud
963 3823 993 3877 τὸ
1012 3823 1059 3876 οὸκ
1085 3822 1112 3876 δν
1131 3825 1156 3886 ἐξ
1175 3826 1244 3885 όντος
1266 3825 1296 3879 ἀν
1314 3824 1435 3895 γενέσθαι,
1454 3824 1513 3896 ὅπερ
1533 3824 1620 3877 ἀδόνα-

257 3934 282 3967 ν.
296 3913 361 3965 1-3
380 3916 464 3964 rettuli
483 3917 554 3966 Ptol.
573 3934 597 3980 p.
611 3916 656 3968 111
678 3919 841 3981 intellegens:
861 3932 913 3966 om·
965 3929 1016 3965 τον.
1029 3911 1105 3965 ἀίδιον
1117 3913 1162 3982 μὲν
1173 3913 1216 3965 obv
1229 3914 1268 3966 διὰ
1279 3917 1359 3966 ταῦτα
1371 3913 1432 3966 εἶναι
1440 3913 1483 3965 τόν
1492 3911 1549 3966 ὁεόν
1560 3911 1576 3981 ΙΙ
1591 3913 1619 3964 11

255 4002 297 4053 nie
309 4011 435 4051 naturum
448 4019 502 4052 uon
516 4002 589 4053 clare
599 4003 722 4054 distinxit
731 4000 910 4070 Xenophanes.
963 3998 1037 4061 bibi·
1048 4003 1137 4052 amu:
1148 4000 1332 4068 ε1ι,οαι.Ι)Ι1Η
1345 4000 1493 4066 13υ1.[Λι.]
1503 3999 1621 4066 p.977b2

256 4107 319 4140 uam
337 4090 365 4140 ίιι
379 4089 423 4140 dei
434 4090 497 4155 sere
508 4091 610 4140 nomine
622 4090 760 4157 acquievit.
780 4094 823 4142 vix
836 4102 912 4142 reete.
965 4086 1041 4140 ἀίδιον
1068 4087 1088 4141 δ’
1113 4086 1172 4141 ὁντα
1195 4088 1238 4139 καὶ
1262 4086 1304 4138 ἕνα
1328 4088 1371 4139 καὶ
1395 4086 1536 4158 σφαιροειδῆ
1561 4083 1616 4138 οὔτ’

258 4181 335 4229 immo
349 4178 382 4228 ud
394 4180 559 4242 parenthesin
571 4174 700 4247 ὁμολογῶν
713 4175 768 4229 κτλ
787 4181 914 4245 pertinere
966 4173 1066 4245 ἀπειρόν
1088 4174 1145 4229 οὔτε
1168 4171 1325 4244 πεπεράνθαι.
1353 4174 1453 4245 ἄπειρον
1479 4175 1508 4226 τὸ
1536 4174 1571 4243 μὴ
1595 4172 1622 4224 όν

258 4267 356 4316 Keruio
385 4269 526 4318 concedere
552 4267 676 4318 debebam
700 4269 771 4319 Prol.
796 4285 821 4332 p.
837 4265 884 4317 111
898 4264 915 4316 ¹.
967 4262 1035 4315 εἶναι.
1057 4267 1132 4315 τοῦτο
1155 4263 1201 4331 γὰρ
1225 4259 1282 4313 οὔτε
1306 4263 1381 4330 μέσον
1404 4260 1457 4315 οὔτ’
1479 4262 1560 4332 ἀρχὴν
1578 4262 1622 4313 καὶ

258 4357 404 4421 Simplicius
423 4364 490 4406 certe
509 4357 563 4420 ipse
575 4355 771 4420 Theophraetee
784 4357 822 4404 ite
840 4354 915 4417 cepit.
966 4348 1037 4408 τέλος
1060 4346 1115 4401 οὔτ’
1145 4347 1206 4401 ἀλλο
1229 4349 1304 4418 μέρος
1328 4347 1398 4400 οὸδὲν
1421 4349 1552 4418 ἔχειν
1571 4349 1622 4400 οἷον

258 4445 303 4495 sed
313 4445 345 4494 de
356 4445 456 4507 origine
468 4441 658 4509 insequentium
669 4443 805 4493 verborum
818 4436 845 4490 ὁν
858 4436 914 4490 κτλ.
965 4436 992 4489 δὲ
1009 4435 1039 4489 τό
1057 4436 1093 4506 μὴ
1112 4434 1148 4500 δν,
1167 4435 1214 4487 οὸκ
1233 4435 1263 4487 ἀν
1281 4434 1340 4486 εἶναι
1358 4434 1387 4486 τὸ
1405 4435 1440 4488 ὁν.
1458 4437 1579 4507 περαίνειν
1596 4435 1622 4487 δὲ

259 4532 322 4582 nihil
341 4533 401 4582 inde
420 4533 609 4596 praeiudicatur
633 4526 647 4597 ΙΙ
672 4531 687 4582 9
713 4532 745 4581 ef.
764 4527 869 4591 [Λαίνα]
887 4528 912 4577 d.
964 4524 1025 4594 πρὸς
1037 4522 1142 4592 ἄλληλα,
1155 4524 1176 4576 εί
1188 4523 1266 4576 πλείω
1279 4520 1315 4592 εἴη
1330 4520 1344 4590 ΙΙ
1359 4525 1389 4575 14
1400 4523 1494 4577 ἐδείκνυ
1507 4528 1608 4577 auum
1616 4547 1622 4578 ι

259 4617 378 4670 MXG3
398 4637 423 4684 p.
437 4617 557 4672 977·23=
577 4617 598 4669 εί
609 4615 629 4670 δ’
646 4616 710 4670 ἔστιν
729 4613 742 4667 ὁ
760 4611 817 4671 θεὸς
835 4611 911 4664 ἀπάν-
963 4610 1070 4664 ἐδείκνυν
1089 4615 1113 4663 Ι)
1129 4611 1142 4679 Η
1159 4613 1190 4666 15
1210 4612 1254 4663 καὶ
1267 4621 1326 4663 ante
1340 4608 1396 4663 οὔτε
1414 4611 1440 4664 δὲ
1458 4617 1564 4665 inseruit
1577 4631 1593 4662 α
1608 4612 1622 4679 ΙΙ

257 4724 309 4757 τιον
332 4706 476 4775 κράτιστον,
503 4703 546 4757 ίνα
574 4705 649 4774 φησὶν
675 4702 751 4756 αὸτὸν
777 4701 911 4771 προσήκειν
965 4700 996 4754 16
1015 4695 1072 4750 οὔτε
1084 4699 1159 4767 μέσον
1172 4696 1366 4752 αὸτεΒθΕΕιι
1387 4698 1450 4768 μήτε
1469 4700 1544 4767 μέσον
1558 4699 1624 4769 μήτε

257 4791 330 4845 εἶναι.
355 4793 376 4844 εί
398 4793 444 4862 γὰρ
467 4791 509 4845 beo
532 4791 549 4862 ἢ
572 4791 609 4844 ὁτι
631 4792 729 4850 πλείους
750 4788 797 4842 είεν
815 4787 863 4840 οὸκ
882 4785 912 4840 ἀν
963 4789 1002 4838 oF
1023 4783 1035 4854 11
1059 4787 1090 4839 17
1110 4789 1141 4837 ef.
1154 4785 1226 4852 [Λα]
1239 4805 1264 4853 ρ.
1275 4787 1368 4839 977118
1386 4785 1414 4837 τό
1427 4785 1457 4855 δὴ
1470 4790 1583 4838 τοιοῦτον
1596 4784 1623 4836 ὂν

257 4880 293 4933 ἔτι
311 4882 442 4951 κράτιστον
464 4882 508 4933 καλ
532 4879 658 4951 βέλτιστον
680 4877 755 4931 αὸτὸν
773 4875 834 4930 εἶναι
851 4877 911 4928 πάν·
964 4872 989 4925 ἕν
1003 4911 1010 4926 .
1023 4911 1030 4925 .
1043 4911 1050 4926 .
1063 4870 1121 4925 οὸτι
1139 4870 1258 4926 κινεῐσδαι
1277 4870 1335 4925 οὔτε
1353 4872 1454 4942 κινητόν
1472 4873 1541 4926 εἶναι.
1565 4872 1621 4925 ἀκί-

256 4986 316 5020 τιυν.
335 4968 440 5026 ἕκαστος
458 4970 504 5040 γὰρ
523 4968 553 5024 ἀν
571 4968 627 5030 διὸς
644 4974 697 5022 τῶν
714 4966 815 5020 πολλῶν
828 4963 913 5034 ὁμοιος
964 4978 1038 5033 νητον
1060 4962 1106 5031 μλν
1127 4964 1174 5033 γὰρ
1197 4962 1256 5014 εἶναι
1280 4960 1309 5012 τὸ
1332 4960 1368 5029 μὴ
1388 4959 1424 5012 όν.
1448 4958 1569 5030 οὔτεγὰρ
1588 4958 1623 5011 ἀν
