3442 5588
650 359 924 411 raonnsonnns
1420 361 1462 423 53

100 527 130 591 ai
152 525 330 592 Karstenio
352 526 457 591 credis
479 527 649 608 aequalem
671 546 832 592 cursum
854 529 951 593 lunae
973 526 1184 608 intellegenti.
1223 528 1391 612 probabile
1415 535 1465 593 est

101 649 142 695 ex
168 628 347 694 maioribus
374 628 570 694 Placitorum
598 635 797 695 vetustorum
833 630 992 713 capitibus
1017 631 1059 694 do
1085 631 1200 711 quibus
1227 632 1310 697 infra
1340 632 1464 696 dicetur

99 731 230 796 Aetium
262 731 383 815 placita
409 731 443 796 in
468 730 657 796 minutiores
683 731 807 796 loculos
834 731 1045 797 distribuisse.
1071 731 1137 797 illic
1164 733 1334 798 coniuncta
1363 734 1463 799 fuisse

101 834 177 899 olim
200 833 349 917 suspicor
364 833 546 918 Παρμενίδης
567 834 620 916 τὴν
640 835 762 917 σελήνην
783 832 848 917 ἴσην
863 841 905 919 τῷ
922 835 997 919 ήλίιμ
1013 835 1060 897 καὶ
1077 833 1122 897 ἀπ’
1144 835 1233 898 αὐτοῦ
1248 836 1437 919 φωτίζεσθαι,
1455 836 1461 864 ¹

99 955 184 1019 quae
201 934 367 1001 oblivione
382 936 522 1017 quadarn
546 935 726 1001 collectoris
749 954 814 1000 una
835 937 1048 1002 traderentur.
1083 936 1197 1001 melius
1219 944 1325 1002 autem
1350 938 1463 1001 ultima

100 1038 132 1102 in
155 1057 184 1103 c.
199 1038 243 1102 28
265 1039 330 1122 περὶ
354 1044 514 1123 φωτισμῶν
537 1040 740 1105 collocasset.
774 1039 848 1104 binc
869 1039 1009 1104 fortasse
1031 1039 1086 1102 lux
1107 1039 1179 1104 loco
1202 1040 1378 1122 antiquitus
1401 1048 1463 1104 tur·

103 1140 181 1207 bato
204 1139 351 1223 affulget.

183 1243 217 1307 11
241 1244 280 1307 31
311 1253 323 1303 1
351 1243 560 1308 Plutarchus:
583 1244 648 1327 περὶ
670 1250 728 1307 τῶν
750 1232 966 1327 ἀποστημάτων
988 1248 1041 1327 τῆς
1056 1247 1188 1328 σελήνης.
1214 1243 1410 1329 Ἐμπεδοκλῆς
1426 1249 1464 1310 δι·

97 1347 221 1409 πλαίσιον
243 1346 366 1431 ἀπέχειν
389 1349 442 1430 τὴν
465 1348 589 1430 σελήνην
611 1346 670 1410 ἀπδ
692 1352 744 1409 τοῦ
767 1348 851 1431 ήλίοο
874 1346 948 1430 ήπερ
964 1348 1022 1409 ἀπδ
1038 1352 1090 1430 τῆς
1105 1353 1168 1431 γῆς.
1202 1347 1375 1412 stobaeum
1398 1349 1462 1432 περὶ

96 1452 158 1510 τῶν
185 1449 412 1533 ἀποστημάτων.
453 1446 652 1533 Ἐμπεδοκλῆς
678 1451 827 1513 διπλάσιον
859 1449 979 1535 ἀπέχειν
1010 1455 1062 1533 τῆς
1093 1450 1216 1533 σελήνης
1247 1451 1305 1513 ἀπδ
1333 1456 1385 1534 τῆς
1410 1456 1463 1534 γῆς

96 1549 175 1636 ἤπερ
201 1552 261 1615 ἀπὸ
297 1556 349 1615 τοῦ
380 1552 475 1636 ήλίοο.
519 1549 685 1632 utriusque
708 1552 818 1636 lectio,
850 1551 976 1617 etiamsi
1005 1558 1039 1616 ut
1065 1553 1163 1634 vulgo
1190 1552 1222 1616 in
1246 1551 1388 1616 Stobaeo
1415 1572 1463 1618 re

96 1651 217 1720 feceris
232 1655 286 1739 τὴν
303 1656 438 1739 σελήνην,
455 1651 606 1737 graviore
621 1654 755 1720 vulnere
771 1654 908 1720 laborat.
931 1674 1007 1718 nam
1022 1655 1108 1737 quod
1123 1654 1316 1719 Karstenius
1327 1655 1462 1737 umpeo.

97 1776 132 1840 p.
147 1757 211 1822 433
226 1755 266 1790 ¹¹³
288 1756 368 1822 scite
396 1755 519 1822 monuit
546 1755 720 1822 intervalla
742 1756 820 1822 solis
843 1764 875 1822 et
896 1758 993 1823 lunae
1015 1777 1036 1822 a
1056 1764 1142 1822 terra
1165 1763 1201 1820 ut
1223 1755 1329 1822 medio
1351 1755 1462 1820 mnndi

101 1859 285 1944 computari
311 1860 427 1942 solere,
452 1858 653 1925 verissimum
677 1865 736 1924 est.
770 1865 867 1941 atque
889 1858 951 1924 huc
974 1863 1122 1942 spectant
1147 1867 1176 1931 οξ
1195 1867 1220 1919 ⁴2.
1239 1868 1264 1920 3.
1294 1866 1463 1942 praeterea

97 1960 212 2046 inepte
226 1981 249 2026 a
265 1962 438 2029 Plutarcho
453 1961 637 2028 inscribitur
651 1967 704 2046 τῆς
718 1964 851 2046 σελήνης,
871 1981 948 2026 nam
963 1961 1041 2026 solis
1055 1981 1182 2043 quoque
1198 1960 1353 2026 distantia
1371 1963 1463 2026 affer·-

97 2070 162 2130 tur.
190 2084 280 2130 error
296 2064 457 2149 proclivis,
478 2064 554 2148 quia
571 2066 669 2130 lunae
683 2063 792 2147 capita
814 2070 1070 2147 praecesserunt.
1102 2069 1199 2145 atque
1215 2083 1287 2128 curn
1303 2062 1462 2129 Eusebius

96 2165 205 2232 variet
226 2167 442 2252 ἀποστημάτων
464 2168 591 2251 αὐτῆς.
612 2186 655 2232 ne
677 2173 799 2232 certum
821 2166 950 2249 quidem
963 2173 1023 2250 est,
1045 2186 1121 2229 num
1138 2165 1330 2231 Plutarchus
1350 2185 1461 2249 peeca-

97 2268 193 2335 verit
229 2269 288 2334 sed
311 2270 408 2334 lunae
431 2270 587 2336 memoria
609 2269 708 2335 etiarn
731 2274 840 2334 cetera
861 2267 1030 2350 utrobique
1051 2267 1200 2333 turbasse
1217 2267 1354 2351 videtur,
1378 2287 1462 2349 quae

95 2370 238 2437 feliciter
259 2370 455 2437 Karstenius
477 2371 524 2436 sio
546 2371 674 2438 refinxit
693 2369 892 2455 Ἐμπεδοκλῆς
913 2373 1061 2435 διπλάσιον
1085 2370 1205 2455 ἀπέχειν
1227 2373 1276 2435 τδν
1298 2372 1380 2454 ἥλιον
1403 2371 1462 2433 ἀπὸ

101 2480 157 2559 της
177 2480 233 2560 γῆς
254 2473 331 2558 ήπερ
351 2473 404 2556 τἠν
428 2475 561 2558 σελήνην.
595 2473 755 2540 titubandi
770 2493 848 2539 vero
864 2492 963 2539 causa
978 2473 1166 2556 explicatur,
1190 2473 1216 2537 si
1232 2473 1360 2538 Aetium
1376 2473 1463 2540 iesti-

95 2576 232 2643 nantiua
260 2596 302 2642 ex
333 2575 478 2658 longiore
504 2575 545 2640 de
575 2575 782 2660 Empedoclis
811 2577 881 2642 sole
908 2576 1128 2660 disputatione
1155 2575 1234 2640 talia
1261 2577 1462 2661 excerpsisse

99 2679 245 2746 conicias
256 2677 454 2762 Ἐμπεδοκλῆς
469 2678 619 2741 διπλάσιον
634 2680 755 2764 ἀπέχειν
768 2679 826 2742 ἀπδ
838 2685 891 2764 της
903 2685 956 2764 γῆς
967 2679 1041 2764 ἤπερ
1053 2680 1105 2763 την
1118 2681 1250 2763 σελήνην.
1274 2699 1350 2744 nam
1364 2679 1461 2745 etiam

98 2783 297 2849 muhactius
320 2792 334 2856 ξ
353 2789 369 2842 2
392 2783 420 2844 oi
436 2781 494 2844 ἀπδ
516 2785 575 2843 τῶν
591 2781 805 2865 μαθηματικῶν
821 2783 1152 2846 ὀκτωκαιδεκαπλάσιον.
1186 2781 1262 2845 audi
1278 2782 1398 2868 ἀπέχειν
1413 2784 1461 2846 τὸν

96 2888 182 2970 ήλιον
204 2886 263 2949 ἀπὸ
286 2889 339 2968 τῆς
359 2889 413 2967 γῆς
434 2881 510 2966 ήπερ
532 2883 584 2965 τήν
607 2885 742 2968 σελήνην.
777 2903 853 2948 narn
880 2882 1127 2949 mathematicus
1152 2883 1391 2966 intellegendus
1413 2891 1462 2948 est

96 2986 352 3053 Aristarchus
379 2983 550 3068 Samius,
581 2985 634 3067 qui
668 2985 710 3050 de
736 2985 913 3068 magnitud.
941 2992 973 3051 et
1000 2985 1162 3052 intervall.
1185 2987 1313 3069 propt}
1336 2985 1461 3050 Wallis.

98 3110 176 3174 opp.
192 3090 294 3156 math.
309 3088 358 3154 III
374 3109 405 3171 p.
419 3086 480 3151 581
498 3085 590 3151 dicit:
613 3089 646 3151 τδ
662 3089 820 3172 ἀπόστημα
836 3091 852 3153 δ
868 3088 972 3173 ἀπέχει
989 3091 1005 3153 ὁ
1020 3091 1101 3174 ήλιος
1116 3089 1174 3152 ἀπὸ
1190 3093 1242 3171 τῆς
1258 3094 1311 3171 γῆς
1325 3093 1377 3152 τοῦ
1392 3090 1461 3151 ἀπο-

96 3194 248 3278 στήματος
264 3192 298 3257 οὗ
315 3191 420 3276 ἀπέχει
435 3192 455 3273 ἡ
473 3191 581 3273 σελήνη
598 3190 656 3253 ἀπὸ
671 3196 724 3274 τῆς
737 3196 791 3276 γῆς
807 3195 904 3273 μεῖζον
920 3191 972 3273 μέν
988 3192 1064 3256 ἐστιν
1086 3192 1105 3274 ἢ
1129 3191 1461 3265 ὀκτωκαιδεκαπλάσιον,

95 3294 223 3361 ἔλασσον
246 3296 280 3359 δὲ
300 3295 321 3379 ή
344 3293 577 3358 εἰκοσαπλάσιον.
612 3291 651 3356 cf.
675 3293 759 3359 Plut.
783 3293 824 3360 de
846 3292 907 3358 fac.
930 3293 964 3357 in
987 3293 1055 3359 orb.
1078 3295 1144 3358 lun.
1168 3295 1210 3357 10
1232 3313 1263 3376 p.
1280 3290 1408 3356 9250.²

184 3399 224 3464 In
253 3394 447 3480 excerpendi
476 3392 608 3476 negotio
637 3391 780 3461 Stobaeo
808 3396 1031 3479 neglegentior
1057 3403 1090 3462 et
1111 3394 1243 3461 liberior
1265 3391 1315 3459 est
1337 3395 1462 3458 Plutar-

93 3499 189 3567 chus.
225 3501 303 3569 nolo
331 3499 503 3566 verborum
530 3495 726 3564 mutationes
753 3499 806 3564 vel
831 3497 972 3564 leniores
997 3498 1051 3563 vel
1076 3496 1269 3563 audaciores
1292 3515 1462 3562 recensere

97 3603 189 3687 qnod
213 3608 247 3670 et
267 3600 384 3667 infiniti
406 3606 455 3665 est
475 3597 598 3663 laboris
619 3617 725 3681 neque
750 3619 879 3683 semper
905 3599 948 3664 ad
974 3598 1215 3665 diiudicandum
1237 3597 1341 3663 facile.
1386 3597 1462 3663 lem·

93 3712 191 3772 mata
213 3711 323 3772 autern
345 3702 461 3769 vitiose
483 3706 650 3765 contracta
669 3701 797 3767 silentio
819 3700 995 3784 praeterire
1013 3721 1078 3767 non
1097 3722 1228 3787 possum
1244 3701 1363 3785 quippe
1378 3720 1462 3784 quae

96 3826 218 3892 pamm
233 3812 328 3874 caute
343 3805 517 3872 observata
534 3822 607 3868 esse
622 3802 760 3868 videam.
794 3802 856 3868 boc
871 3803 968 3868 modo
984 3802 1160 3869 Kirscbeus
1182 3801 1326 3891 [Forsch.
1343 3790 1374 3885 p'.
1388 3799 1461 3887 157]

97 3909 233 3993 egregie
249 3908 378 3976 erravit.
412 3904 552 3990 quicum
576 3904 663 3987 apud
686 3905 893 3970 Plutarchum
915 3907 964 3970 17
984 3916 1016 3969 16
1038 3906 1173 3989 legisset
1194 3906 1373 3990 Δημόκριτος
1395 3909 1461 3967 νοῦν

91 4014 144 4076 τδν
167 4013 239 4076 θεὸν
262 4013 292 4076 ἐν
314 4013 382 4097 πυρὶ
411 4009 589 4095 σφαιροειδεῖ
614 4008 666 4091 την
694 4013 745 4072 τοῦ
772 4009 883 4091 κόσμου
911 4011 1008 4093 ψυχήν
1032 4007 1175 4075 Stcbaeo
1201 4011 1253 4093 τὴν
1275 4013 1327 4071 τοῦ
1349 4008 1461 4088 κόσμου

167 4267 177 4299 ¹
196 4264 350 4337 φωτίζεσθαι
369 4269 448 4330 G(A)
457 4269 489 4332 B,
507 4270 553 4319 sed
572 4278 661 4320 contra
679 4267 820 4319 Eusebium
839 4277 865 4318 et
883 4268 1024 4320 stobaeum
1042 4272 1154 4335 recipere
1173 4287 1226 4320 non
1246 4286 1322 4320 ansus
1341 4286 1405 4320 sum.

164 4352 240 4406 ’elii
267 4356 471 4421 magnitudinem
498 4358 560 4406 solis
583 4358 628 4407 illo
654 4373 760 4407 numero
784 4356 955 4406 metiebantur
979 4364 1006 4406 nt
1030 4355 1114 4406 Cicer.
1133 4357 1232 4407 Lucull.
1251 4356 1284 4410 26
1298 4368 1329 4419 82,
1345 4358 1389 4408 ubi
1412 4373 1459 4423 pro

90 4442 326 4508 duodeviginti
345 4453 442 4495 temere
462 4446 706 4508 duodetriginta
719 4444 877 4495 Goerenzlus
890 4452 916 4494 et
928 4445 1060 4509 Roeperna
1080 4447 1252 4495 coniecerunt.
1280 4460 1341 4495 nem
1359 4453 1461 4509 praeter

91 4531 203 4581 alterum
226 4531 363 4582 Ciceronis
389 4533 473 4582 locum
491 4529 571 4595 §128
590 4533 679 4582 confer
700 4532 851 4591 Posidonii,
875 4533 981 4597 opinor,
1004 4541 1152 4596 excerptum
1175 4529 1266 4597 [schol.
1286 4535 1359 4581 Aret.
1379 4547 1403 4595 p.
1417 4530 1459 4591 99,

93 4616 177 4682 len]
194 4614 207 4668 δ
226 4615 297 4685 ήλιος
315 4617 384 4688 παρὰ
400 4623 451 4675 τοῖς
469 4614 705 4685 μαθηματικοῖς
723 4614 855 4686 ἀπιστεόδη
867 4620 914 4685 τῆς
926 4621 971 4686 γῆς
985 4614 1349 4670 ὀκτωκαιδεκαπλασέων
1367 4613 1404 4667 bv
1416 4616 1460 4667 καὶ

89 4703 195 4773 bario«
212 4707 245 4774 ii
270 4708 318 4756 τοῦ
341 4701 462 4774 μεγέθους
483 4703 561 4756 αότοῦ
583 4702 802 4756 ὀκτωκαιδέκατον
825 4704 876 4757 ἐστι
899 4705 943 4756 καὶ
966 4702 1035 4772 ὅμως
1057 4705 1073 4774 ή
1093 4704 1233 4774 περιφέρεια
1252 4703 1330 4756 αὐτοῦ
1349 4702 1378 4755 ob
1396 4704 1460 4755 πάνυ

89 4790 161 4844 ἀνιεῖ
179 4790 277 4862 μεγάλη
296 4791 372 4857 εἶναι,
394 4790 478 4860 ἐπειδὴ
502 4789 596 4860 σφέόρα
622 4789 700 4844 abaco
719 4792 791 4861 ἀσμεν
811 4791 1000 4863 κτχιορίσμενοι.
1037 4794 1173 4844 ctorem.
1193 4795 1244 4844 An.
1265 4788 1459 4846 Par.1373t

89 4879 135 4947 μὶν
160 4875 203 4932 οὖν
227 4875 396 4950 Σεραπίων
420 4879 643 4944 [ἳΑιιάοσδσιιιιο,
663 4881 936 4944 dracunculi,
955 4882 1046 4934 1161.
1064 4882 1133 4933 Plin.
1152 4882 1206 4932 ind.
1224 4882 1305 4931 111v
1320 4880 1356 4944 V]
1375 4875 1457 4929 ὀκτω·

89 4963 318 5021 ιαιδςκσπλασέονα
337 4965 399 5020 εἶναι
416 4969 462 5036 τῆς
480 4968 526 5035 γῆς
544 4964 587 5018 τδν
604 4964 682 5036 ἥλιον.
