3442 5588
616 340 716 390 ΑΕΤΠ
734 337 837 388 PLAC.
851 338 864 386 1
883 336 1004 386 Ρτοοεειι.
1018 342 1076 382 1-3

105 410 109 415 Ι
226 448 435 500 PLUTARCHI
455 449 547 498 EPIT.
565 446 575 495 l
596 447 717 495 Prooem.

299 745 673 816 ΠΛΟΥΤΑΡΧΟΥ

152 867 351 925 mmmmm·
375 865 457 921 ΠΕΡΙ
481 864 551 921 ΊὮΝ
574 859 809 920 ΑΡΕΣΠΠΝΤΩΝ

188 969 396 1028 ΦΙΛΠΣΠΦΠΙΣ
414 968 565 1025 ΦΥΣΙΠΩΝ
586 965 776 1023 ΔΠΓΜΑΊῺΝ

309 1056 488 1114 ΕΠΙΤΠΜΠΣ
508 1055 625 1113 ΒΙΒΛΙΑ
640 1054 661 1110 Π

384 1200 585 1211 ——--—-

176 1317 189 1354 υ
328 1298 470 1357 ΒΙΒΛΙΠΝ
491 1298 631 1356 ΠΡΩΤΟΝ

246 1442 410 1513 Μέλλοντες
430 1444 479 1507 τδν
494 1443 616 1528 φυσικδν
631 1444 815 1526 παραδώσειν
836 1453 848 1503 1

201 1547 285 1631 λόγον
313 1548 468 1628 ἀναγκαῖον
495 1545 648 1629 ἡγούμεθα
674 1544 763 1614 εὐθὺς
785 1546 815 1608 ἐν

202 1650 306 1734 ἀρχαῖς
328 1648 474 1712 διελέσθαι
496 1648 549 1732 τὴν
570 1651 623 1731 τῆς
644 1647 817 1733 φιλοσοφίας

202 1751 408 1834 πραγματείαν,
430 1749 462 1815 ἵν’
489 1750 624 1832 εἰδῶμεν,
645 1750 674 1812 τί
691 1750 816 1814 ἐστικαὶ

169 1872 194 1910 ιο
205 1851 310 1917 πόστον
325 1853 412 1937 μέρος
423 1852 514 1937 αὐτῆς
525 1855 545 1937 ἡ
557 1854 665 1938 φυσικὴ
682 1851 815 1921 διέξοδος.

246 1951 284 2020 Οί
308 1954 360 2037 μὲν
383 1954 433 2020 οὖν
455 1955 604 2020 Στωικοὶ
631 1955 743 2042 ἔφασαν
764 1957 851 2041 τὴνυ

205 2058 256 2140 μὲν
280 2057 384 2142 σοφίαν
403 2056 475 2122 εἶναι
491 2058 580 2123 δείων
594 2082 626 2122 τε
640 2059 689 2122 καὶ
705 2059 817 2143 άνδρω

205 2158 294 2223 πίνων
317 2159 495 2244 ἐπιστήμην,
516 2160 569 2244 τὴν
591 2161 624 2224 δὲ
645 2160 817 2246 φιλοσοφίαν

205 2261 327 2344 ἄσκησιν
342 2260 506 2344 ἐπιτηδείου
520 2260 639 2348 τέχνης·
655 2262 818 2347 ἐπιτήδειον

172 2384 195 2422 ιι
206 2365 239 2427 δὲ
253 2362 325 2428 εἶναι
341 2365 409 2447 μίαν
424 2363 473 2426 καὶ
486 2363 627 2427 ἀνωτάτω
637 2365 690 2449 τὴν
702 2364 818 2450 ἀρετήν,

206 2464 310 2551 ἀρετὰς
332 2467 435 2536 δὲτὰς
454 2467 645 2549 γενικωτάτας
659 2469 745 2551 τρεῖς,
767 2490 818 2552 φο

205 2569 289 2652 σικὴν
312 2567 420 2652 ηδικὴν
443 2570 574 2653 λογικήν·
602 2566 638 2632 δι’
666 2568 702 2652 ἣν
724 2567 818 2633 αἰτίαν

204 2671 252 2734 καλ
278 2671 416 2754 τριμερής
442 2668 519 2733 ἐστιν
541 2672 562 2754 ἡ
584 2670 757 2755 φιλοσοφία,
782 2670 819 2754 ἧς

206 2773 240 2835 τδ
270 2773 323 2855 μὲν
350 2772 471 2857 φυσικδν
493 2772 527 2834 τδ
549 2772 583 2835 δὲ
605 2771 709 2855 ηδικδν
730 2773 764 2835 τδ
786 2773 820 2836 δὲ

172 2874 335 2957 ιολογικόν·
362 2875 411 2938 καί
436 2875 558 2959 φυσικδν
582 2875 634 2958 μὲν
661 2875 729 2939 όταν
754 2874 819 2959 περὶ

208 2975 320 3059 κόσμου
342 2979 476 3059 ζητῶμεν
502 2977 631 3042 καὶτῶν
654 2978 684 3042 ἐν
706 2976 821 3062 κόσμῳ,

206 3078 312 3164 ἠθικόν
327 3079 360 3141 δὲ
374 3079 408 3141 τδ
423 3078 682 3163 κατησχολημένον
694 3081 759 3164 περὶ
770 3080 820 3143 τδν

207 3181 389 3265 ἀνθρώπινον
412 3181 483 3266 βίον,
509 3182 623 3264 λοχικδν
645 3182 678 3244 δὲ
699 3181 733 3244 τδ
755 3180 820 3263 περὶ

207 3282 257 3346 τδν
272 3281 368 3365 λόγον,
387 3282 403 3345 δ
419 3282 467 3346 καὶ
482 3283 659 3346 διαλεκτικὸν
674 3285 820 3346 καλοῦσιν.

175 3402 199 3440 ει
242 3381 588 3467 Ἀριστοτέληςδὲκαλ
600 3382 821 3470 Θεόφραστος
839 3390 855 3443 3

203 3536 214 3586 l
237 3531 398 3607 Πλοίιταρχος
421 3537 447 3590 όν
473 3539 508 3598 οίς
532 3539 656 3610 ἐπέγραψε
682 3536 743 3611 Περὶ
769 3546 822 3592 τῶν

165 3621 321 3691 ἀρεσκόντων
348 3630 400 3685 τοῖς
423 3625 486 3689 [τοῖς
508 3645 559 3679 om.
580 3629 658 3693 σεο]
681 3627 823 3700 φιλοσόφοις

165 3715 279 3778 φυσικῶν
288 3708 453 3780 δοχμάτωνΕ
464 3715 529 3766 XIV
543 3712 582 3778 13,
594 3715 610 3767 9
623 3715 740 3781 [Proleg.
750 3734 775 3782 ρ.
782 3716 822 3781 δ]ι

167 3793 331 3866 Πλουτάρχου
349 3798 396 3867 τὴν
414 3800 539 3869 περὶτῶν
556 3806 608 3860 τοῖς
622 3800 766 3871 φιλοσόφοις
783 3799 823 3853 δο-

167 3880 262 3943 ξάντων
271 3883 393 3955 ἐπιτομήν
402 3889 560 3940 Theodoret.
571 3891 615 3943 Gr.
626 3891 669 3941 aff.
679 3907 732 3941 ουτ.
739 3893 778 3941 IV
789 3889 821 3943 31

166 3971 250 4034 [Ptol.
268 3990 294 4038 ρ.
310 3970 366 4037 10]=
393 3969 554 4044 Πλοόταρχος
569 4013 576 4026 .
590 4012 597 4028 .
611 4013 618 4027 .
630 3975 656 4028 όν
672 3982 711 4046 τῷ
728 3975 823 4047 πριίντιμ

168 4056 256 4127 βιβλίῳ
279 4063 394 4127 φυσικῶν
416 4057 548 4130 δογμάτων
570 4067 716 4133 συναγωγῆς
734 4066 823 4131 cyrill.

167 4162 189 4196 ο.
211 4144 372 4198 1u1.1151n
388 4149 458 4199 Aub.
475 4151 505 4201 er.
522 4149 611 4216 μόδσ
629 4149 712 4214 [Ptol.
728 4170 754 4218 p.
766 4150 823 4217 1012

166 4232 222 4300 περὶ
238 4237 292 4284 τῶν
310 4231 466 4300 ἀρεσκόντων
484 4233 627 4306 φιλοσόφοις
645 4241 753 4308 φυσικῆς
770 4236 822 4291 ίπι-

165 4321 247 4388 τομῆς
270 4317 383 4387 βιβλίαῖ
404 4325 483 4374 index
506 4323 668 4390 [Lampriao]
687 4343 713 4377 ιι.
727 4326 759 4379 61
783 4328 824 4377 ed.

167 4408 237 4457 Ττειι
264 4404 465 4475 [Pr01.p.35]2
497 4406 661 4480 Πλουτάρχου
688 4408 824 4479 φιλοσόφου

167 4492 222 4560 περὶ
240 4497 292 4544 τῶν
310 4492 467 4562 ἀρεσκόντων
484 4496 628 4568 φιλοσόφοις
642 4501 757 4567 φυσικῶν
769 4495 824 4566 δοχ-

168 4579 256 4646 μάτων
280 4575 394 4648 βιβλίαῖ
411 4586 478 4636 ΑΒι
506 4581 668 4654 Πλουτάρχου
694 4584 750 4653 περὶ
772 4589 824 4636 τῶν

169 4665 325 4735 ἀρεσκόντων
352 4673 403 4727 τοῖς
430 4669 572 4741 φιλοσόφοις
601 4666 718 4740 βιβλίαῑ
745 4673 824 4737 vulgo

167 4757 279 4818 itemque
297 4758 398 4807 omissis
417 4754 525 4827 βιβλίαῑ
541 4760 562 4810 C
581 4755 595 4827 Η
620 4757 651 4810 10
669 4755 760 4809 πόστον
778 4760 825 4822 (Α)
943 4775 947 4784 ·

167 4841 201 4893 O:
222 4838 298 4892 πόσον
315 4842 338 4893 Β
364 4839 377 4911 Η
403 4844 436 4896 14
456 4842 594 4913 ἐπιτηδείου
617 4840 826 4914 rimam:

167 4934 271 4981 inverso
295 4931 386 4982 ordino
409 4934 487 4998 vulgo

220 5042 313 5091 Diels.
333 5044 476 5093 Doxomphl
494 5044 577 5094 gruel.

954 440 1112 492 ειιοιιιιιιι
1129 420 1299 490 nomem

1453 326 1516 393 273
