3464 5586
273 299 338 361 410
715 298 817 348 κυιιι
835 294 1086 348 1’LAc.1x¹201.2
1103 293 1133 347 οι
1149 305 1189 346 ιν

380 404 587 455 νευίκιιυιιι
598 363 1352 454 Μαι.
1365 401 1377 448 ι
1391 397 1423 450 ,οι
1443 397 1502 463 [46]

318 541 507 626 καθέστηκεν·
537 543 636 626 ὥσπερ
659 542 705 604 ἐπὶ
728 546 780 625 τῆς
802 564 929 623 καμπτο-

319 645 406 727 μένης
428 646 536 731 ῥάβδου
557 645 577 728 ἡ
601 646 653 727 μὲν
672 644 823 730 ἐπιφάνεια
845 645 928 708 οὐδὲν

316 749 440 833 πάσχει,
466 748 485 830 ἡ
513 748 546 809 δὲ
575 747 629 829 ῦλη
656 746 733 810 ἐστὶν
761 772 780 830 η
803 771 928 830 καμπτο·

316 850 399 933 μένη.

295 974 307 1008 ⁵
358 950 395 1015 Οί
411 953 444 1014 δὲ
459 950 613 1015 Στιοικοί
636 956 723 1034 σῶμα
742 953 794 1036 τὴν
816 951 962 1035 φωνήν·2

315 1059 372 1117 πᾶν
395 1055 448 1138 γὰρ
470 1056 503 1117 τὸ
523 1056 599 1137 δρῶν
616 1055 635 1138 ἢ
651 1056 699 1119 καί
715 1059 815 1119 ποιοῦν
832 1057 927 1135 σῶμα·

318 1157 393 1239 η’δέ
415 1157 499 1240 φωνὴ
523 1162 602 1219 ποιεῖ
622 1159 670 1221 καὶ
693 1158 761 1241 δρᾷ·
785 1156 929 1238 ἀκούομεν

320 1259 373 1342 γὰρ
395 1259 486 1342 αὐτῆς
509 1260 556 1321 καὶ
583 1260 786 1343 αἰσθανόμεθα
811 1280 928 1342 προσπι-
1034 1316 1036 1321 ⁴

319 1362 447 1444 πτοῦσης
458 1362 496 1442 τῇ
508 1363 585 1443 ἀκοῇ
601 1363 648 1425 καί
665 1363 844 1445 ἐκτυπούσης
858 1362 928 1425 καθ-

287 1483 310 1519 10
320 1465 393 1547 οίπερ
425 1466 578 1527 δακτυλίου
605 1465 646 1535 εἰς
674 1464 772 1549 κηρόν.
807 1462 849 1527 ἔτι
871 1467 928 1527 πᾶν

314 1567 348 1628 τὸ
376 1570 470 1629 κινοῦν
497 1568 545 1630 καὶ
573 1567 712 1652 ἐνοχλοῦν
742 1568 829 1648 σῶμά
857 1566 926 1629 ἐστι·

315 1672 388 1731 κινεῖ
414 1669 446 1731 δὲ
476 1670 554 1752 ἡμᾶς
583 1671 602 1752 ἡ
631 1668 787 1751 εὐμουσία,
814 1669 930 1753 ἐνοχλεῖ

316 1771 348 1833 δὲ
370 1772 390 1854 ἡ
413 1770 549 1852 ἀμουσία.
594 1770 636 1834 ἔτι
663 1775 720 1835 πᾶν
743 1772 776 1834 τὸ
799 1771 927 1853 κινοῦμε·

316 1895 362 1934 νον
386 1873 473 1954 σῶμά
495 1873 570 1936 ἐστι·
606 1879 723 1937 κινεῖται
746 1874 779 1936 δέ
801 1876 820 1957 η
843 1874 927 1958 φωνὴ

285 1976 364 2037 ιοκαί
382 1975 553 2058 προσπίπτει
575 1975 616 2046 εἰς
632 1976 699 2046 τοὺς
714 1976 808 2045 λείους
822 1976 928 2044 τόπους

314 2079 362 2139 καί
394 2077 603 2141 ἀντανακλᾶται
635 2078 768 2162 καθάπερ
800 2078 846 2140 ἐπὶ
875 2082 928 2161 τῆς

316 2181 438 2263 σφαίρας
466 2185 518 2263 τῆς
547 2181 726 2265 βαλλομένης
755 2179 797 2250 εἰς
819 2183 926 2264 τοῖχον·

315 2280 344 2342 ἐν
376 2285 443 2362 γοῦν
477 2286 539 2350 ταῖς
572 2282 634 2346 κατ’
668 2282 811 2366 Αἴγυπτον
840 2305 926 2364 πυρα-

316 2384 392 2464 μίσιν
415 2380 495 2447 ἔνδον
519 2384 571 2466 μία
591 2385 674 2470 φωνὴ
692 2385 852 2469 ῥηγνυμένη
867 2385 926 2447 τέτ-

279 2506 402 2568 νοταρας
435 2486 455 2568 ἢ
489 2487 537 2549 καί
571 2487 655 2551 πέντε
680 2487 773 2573 ἤχους
805 2488 926 2571 ἀπεργά-

314 2592 401 2659 ζεται.

316 2850 364 2907 κἀ.
399 2844 515 2909 Ιλῦθεν
535 2846 732 2932 αἰσθητικὴ
752 2851 886 2931 γίνεται
906 2873 926 2931 η
1064 2846 1105 2911 Τί
1126 2849 1234 2929 αὐτῆς
1257 2849 1296 2909 τὸ
1320 2847 1546 2930 ἡγεμονικόν.

315 2950 412 3032 ψυχὴ
449 2948 505 3011 καὶ
536 2949 569 3010 τί
593 2948 704 3034 αὐτῆς
729 2952 768 3014 τὸ
799 2952 926 3035 ἠρεμο-

481 3049 586 3113 νικῦν.
631 3061 718 3114 61οἳ

280 3208 304 3244 νυ
359 3184 396 3249 (λὶ
419 3186 574 3249 Στωικοί
599 3210 685 3270 φασιν
708 3187 779 3250 εἶναι
802 3193 853 3272 τῆς
875 3195 925 3274 ψυ-
945 3206 959 3258 1

315 3295 373 3374 χῆς
396 3290 542 3352 ἀνώτατον
570 3290 656 3374 μέρος
683 3290 716 3351 τὸ
745 3291 927 3373 ἡγεμονικόν,

314 3393 347 3454 τὸ
381 3395 480 3455 ποιοῦν
513 3393 564 3461 τὰς
597 3393 754 3476 φαντασίας
787 3395 835 3457 καί
864 3415 927 3476 συγ-

314 3492 485 3562 καταθέσεις
510 3493 558 3555 καί
581 3495 733 3579 αἰσθήσεις
754 3497 802 3558 καὶ
826 3499 926 3579 ὁρμάς·

315 3597 362 3659 καί
385 3599 470 3659 τοῦτο
494 3597 630 3678 λογισμὸν
652 3598 799 3660 καλοῦσιν.

279 3720 303 3757 ,ιο
355 3696 425 3761 Ἀπὸ
449 3698 481 3760 δὲ
496 3702 547 3773 τοῦ
567 3700 739 3782 ἡγεμονικοῦ
755 3701 829 3764 ἑπτὰ
851 3703 924 3786 μέρη
944 3714 960 3765 2

315 3803 375 3866 ἐστὶ
401 3807 454 3885 τῆς
481 3807 579 3885 ψυχῆς
605 3802 788 3886 ἐκπεφυκότα
811 3805 858 3867 καί
882 3805 925 3867 ἐκ-

316 3905 465 3986 τεινόμενα
492 3903 533 3972 εἰς
563 3905 595 3966 τὸ
625 3909 712 3986 σῶμα
735 3905 869 3990 καθάπερ
896 3908 927 3969 αί

315 4008 372 4069 ἀπὸ
400 4011 452 4069 τοῦ
481 4007 644 4076 πολύποδος
671 4008 835 4071 πλεκτάναι·
868 4014 926 4072 τῶν

315 4110 347 4171 δὲ
369 4110 443 4172 ἑπτὰ
466 4112 561 4193 μερῶν
582 4112 634 4192 τῆς
648 4114 746 4194 ψυχῆς
768 4111 852 4173 πέντε
874 4110 926 4193 μέν

310 4296 375 4348 θάυ
395 4296 438 4360 §2
457 4298 513 4347 dixi
531 4299 601 4348 Ptol.
621 4316 645 4362 p.
662 4298 712 4351 178
733 4293 746 4364 ΙΙ
772 4295 871 4366 θδρών
890 4301 927 4350 G:

272 4381 399 4452 δρώμενον
428 4383 521 4445 (Amo
547 4379 561 4448 Η
588 4383 619 4434 10
643 4382 775 4435 δακτυλίου
798 4386 858 4435 AB:
886 4383 927 4436 δα-

272 4468 372 4522 κτῦλιον
391 4473 412 4522 C
429 4469 441 4537 ΙΙ
456 4470 486 4523 15
505 4468 651 4538 προσπίπτει
663 4473 724 4522 ΑΒι
745 4470 859 4539 ἐμπίπτει
878 4469 927 4539 Cly

273 4558 305 4609 λθ
325 4557 368 4623 μία
387 4558 460 4626 φωνὴ
480 4560 564 4610 ABG:
588 4561 677 4610 ordine
696 4563 799 4610 inverso
819 4562 896 4625 vulgo
911 4557 924 4626 Η

272 4644 306 4696 '20
317 4644 395 4712 ἤχους
405 4647 508 4706 (Α)ΒΟ;
522 4662 555 4697 απ
567 4645 662 4714 ηχοῦςί
672 4650 702 4697 cf.
713 4650 799 4697 titulus
812 4642 827 4713 Η
839 4645 873 4697 ‘23
883 4647 926 4697 καὶ

272 4731 296 4782 τί
314 4730 392 4801 αὐτῆς
410 4732 438 4784 τὸ
457 4732 602 4802 ἡγεμονικόν
621 4735 701 4797 (A)B:
721 4735 764 4785 καὶ
782 4733 807 4786 τί
822 4733 850 4785 τῦ
868 4732 926 4785 ταῦ-

272 4837 317 4889 της
336 4820 375 4888 ἠγ.
396 4823 416 4872 C
443 4817 456 4888 Η
480 4820 513 4872 27
538 4821 581 4872 καὶ
600 4823 636 4872 Αι
660 4822 702 4872 καὶ
725 4822 769 4880 τὰς
792 4825 837 4876 ΒΟ
858 4818 872 4890 Η
892 4822 924 4874 31

272 4907 322 4961 ἐστὶ
343 4911 428 4961 GAB:
448 4909 493 4960 εἰσὶ
512 4911 532 4960 C
