3442 5588
172 355 237 420 520
559 353 816 408 reeorennsrr
834 354 972 408 Persic.
992 355 1154 408 Orneon.

174 537 204 589 71
224 527 309 612 φύσις
331 526 442 603 αύτῶν;
596 525 638 589 ἔτι
668 527 700 590 δὲ
726 529 805 588 ποιεῖ
829 525 1021 609 σαφέστερον,
1049 524 1079 586 ἐν
1110 524 1153 594 οῖς
1179 545 1251 610 φησι
1281 525 1414 608 γίνεσθαι
1438 524 1494 606 μὲν

224 630 344 693 ἕκαστον
376 631 425 693 καί
456 629 529 693 εἰναι
561 628 627 693 κατ’
661 629 817 713 ἀλήθειαν,
849 628 928 698 ἰδίως
954 626 979 690 δ’
1008 627 1055 690 ἐπὶ
1087 633 1190 712 πικροῦ
1220 627 1367 713 (μοῖραν
1391 626 1496 713 ἔχειν

223 730 420 803 συνέσεως’.
456 732 532 796 ὥστε
547 733 595 795 διά
608 754 640 793 τε
654 730 764 795 τούτων
780 731 906 795 ἐναντίον
922 729 957 795 ἀν
972 729 1075 815 φανείη
1085 730 1124 824 τδ
1141 731 1182 814 μὴ
1205 735 1296 793 ποιεῖν
1318 732 1404 815 φύσιν
1426 730 1495 793 τινά

221 839 281 898 τῶν
308 833 459 917 αἰσθητῶν
490 835 538 897 καί
566 835 638 917 πρδς
663 833 788 912 τούτοις,
811 834 882 918 ὅπερ
905 833 1017 918 ἐλέχθη
1039 832 1087 897 καί
1110 833 1264 918 πρότερον,
1293 835 1361 897 δταν
1385 839 1495 919 σχῆμα

223 939 275 1021 μὲν
298 937 429 1021 ἀποδιδῷ
452 941 505 1020 τῆς
519 936 542 1019 η
558 936 657 1006 οὐσίας
681 937 780 1020 ὥσπερ
803 936 852 999 καὶ
874 936 932 998 τῶν
954 934 1061 1012 ἄλλων,
1084 936 1126 1019 μὴ
1149 933 1221 999 εἰναι
1243 937 1277 999 δὲ
1298 937 1370 1020 λέγη
1387 937 1491 1021 φύσιν·
1511 965 1524 1002 s

224 1040 243 1124 ἡ
266 1040 321 1124 ηάρ
343 1039 460 1109 οῦδενδς
483 1039 559 1108 llo<
576 1039 596 1123 ἢ
615 1039 664 1102 καί
686 1039 795 1104 τούτων
818 1037 899 1102 ἔσται
921 1043 973 1121 τῆς
996 1037 1087 1122 αὐτῆς
1108 1061 1140 1122 ηε
1167 1039 1357 1123 ὑπαρχούσης
1384 1039 1492 1109 αἰτίας.

226 1138 269 1203 ἔτι
292 1142 325 1204 δὲ
346 1142 380 1205 τδ
406 1141 515 1226 θερμόν
543 1142 644 1205 τεκαὶ
671 1141 798 1227 ψυχρόν,
826 1141 900 1226 άπερ
923 1141 1018 1226 ἀρχὰς
1040 1140 1182 1217 τιθέασιν,
1213 1141 1291 1210 εἰκὸς
1319 1140 1399 1228 ἔχειν
1425 1143 1494 1206 τινά

223 1243 325 1328 φύσιν,
352 1243 378 1307 εἰ
405 1244 438 1307 δὲ
463 1247 554 1307 ταῦτα
580 1244 628 1307 καὶ
657 1244 693 1308 τὰ
718 1243 802 1307 ἄλλα.
847 1248 896 1307 νῦν
926 1244 959 1307 δὲ
987 1245 1114 1326 σκληροῦ
1138 1243 1191 1325 μὲν
1213 1243 1261 1305 καί
1285 1246 1419 1326 μαλακοῦ
1444 1246 1493 1309 καί

225 1345 328 1432 βαρέος
350 1348 398 1410 καὶ
420 1346 532 1431 κούφου
553 1350 632 1410 ποιεῖ
651 1345 702 1409 τιν’
731 1346 846 1424 ούσίαν,
874 1345 948 1429 άπερ
971 1345 1028 1430 οῦχ
1050 1345 1136 1428 ἧττον
1159 1342 1239 1412 ἔδοξε
1259 1345 1396 1428 λέγεσθαι
1420 1349 1494 1431 πρδς

224 1450 317 1534 ἡμεῖς,
345 1448 456 1532 θερμοῦ
479 1448 582 1512 δὲκαὶ
605 1453 719 1534 ψυχροῦ
742 1448 791 1513 καί
812 1453 871 1512 τῶν
893 1448 990 1512 ἄλλων
1015 1446 1142 1516 οῦδενύς·
1186 1447 1280 1511 καίτοι
1306 1450 1338 1512 τύ
1362 1473 1394 1532 γε
1418 1451 1492 1536 βσρῦ
1514 1477 1538 1516 ιο

226 1551 275 1615 καί
298 1555 407 1634 κοῦφον
430 1550 499 1615 ὅταν
521 1552 634 1636 διορίζη
656 1555 717 1621 τοῖς
740 1549 902 1634 μεγέθεσιν,
925 1552 1036 1633 ἀνάγκη
1059 1550 1095 1613 τὰ
1117 1550 1197 1613 ἁπλᾶ
1219 1552 1312 1614 πάντα
1327 1553 1380 1636 τὴν
1399 1553 1494 1638 αὐτὴν

225 1651 304 1739 ἔχειν
331 1655 424 1738 ὁρμὴν
451 1659 504 1739 τῆς
530 1658 637 1739 φοράς,
672 1655 749 1718 ὥστε
781 1656 849 1735 μιᾶς
880 1676 956 1723 τινος
990 1652 1024 1717 ἀν
1058 1654 1128 1737 ύλης
1161 1651 1208 1735 εἰη
1241 1654 1289 1716 καὶ
1319 1658 1372 1738 τῆς
1398 1653 1505 1738 αὐτῆς

175 1764 208 1817 72
226 1757 351 1842 φύσεως.
504 1757 580 1820 ἀλλά
602 1757 666 1841 περί
689 1757 742 1839 μὲν
764 1755 873 1820 τούτων
889 1755 967 1819 ἔοικε
982 1755 1266 1839 συνηκολουθηκέναι
1283 1760 1343 1826 τοῖς
1358 1761 1493 1820 ποιοῦσιν

226 1858 302 1927 ὅλως
323 1860 356 1922 τδ
379 1863 493 1944 φρονεῖν
515 1861 591 1924 κατὰ
611 1860 664 1943 τὴν
687 1858 851 1936 ἀλλοίωσιν,
873 1860 949 1942 ἤπερ
972 1858 1047 1922 ἐστὶν
1071 1859 1249 1943 ἀρχαιοτάτη
1270 1858 1350 1927 δύέα.
1386 1861 1495 1929 πάντες

226 1961 281 2045 γὰρ
310 1963 337 2025 οἱ
365 1962 482 2025 παλαιοί
509 1963 557 2024 καί
588 1961 642 2044 [οἰ]
669 1961 786 2045 ποιηταὶ
812 1960 861 2022 καί
888 1961 973 2045 σοφοί
995 1961 1070 2024 κατὰ
1090 1961 1143 2045 τἠν
1165 1961 1295 2024 διάθεσιν
1317 1962 1493 2026 ἀποδιδόασι
1511 1989 1534 2028 ιι

227 2062 261 2126 τὸ
283 2068 408 2148 φρονεῖν.
444 2068 503 2127 τῶν
526 2064 559 2127 δὲ
580 2066 680 2148 χυλῶν
703 2064 818 2148 ἑκάστῳ
839 2063 873 2125 τδ
896 2067 1000 2148 σχῆμα
1022 2064 1182 2127 ἀποδίδωσι
1204 2065 1276 2147 πρὸς
1297 2065 1350 2148 τὴν
1370 2065 1492 2148 δύναμιν

230 2166 382 2250 ἀφομοιῶν
405 2166 458 2250 τὴν
486 2166 517 2229 ἰν
543 2169 603 2236 τοῖς
630 2166 769 2229 πάθεσιν·
798 2165 869 2251 ύπερ
896 2166 930 2230 οῦ
959 2165 1045 2248 μόνον
1074 2166 1104 2235 ἐξ
1127 2166 1258 2243 ἐκείνων,
1289 2169 1364 2231 ἀλλὰ
1387 2168 1435 2231 καί
1459 2169 1494 2231 ἐκ

228 2271 287 2331 τῶν
310 2268 509 2352 αἰσθητηρίων
532 2265 591 2331 ἔδει
614 2268 779 2353 συμβαίνειν
801 2267 898 2338 άλλως
919 2292 951 2331 τε
973 2268 1021 2331 καὶ
1044 2268 1070 2331 εἰ
1092 2269 1175 2352 πάθη
1198 2270 1307 2333 τούτων
1330 2271 1417 2334 ἐστίν.
1457 2271 1491 2335 ού

228 2370 282 2455 γὰρ
305 2375 362 2434 ποῖν
384 2372 417 2434 τδ
442 2371 622 2456 σφαιροειδὲς
648 2371 716 2434 οῦδὲ
742 2371 779 2434 τολ
804 2370 880 2434 ἀλλα
906 2373 1046 2456 σχήματα
1071 2371 1124 2454 τἠν
1150 2372 1241 2456 αὐτὴν
1270 2371 1334 2459 ἔχει
1361 2374 1492 2456 δύναμιν,

228 2474 304 2537 ὥστε
330 2474 406 2538 κατὰ
430 2475 464 2538 τὸ
492 2473 598 2556 [κάτω]
626 2475 813 2556 ὑποκείμενον
841 2471 899 2536 ἔδει
922 2474 1068 2557 διορίζειν,
1090 2475 1211 2560 πότερον
1233 2475 1263 2544 ἐξ
1286 2478 1395 2558 ὁμοίων
1417 2477 1438 2560 ἢ
1462 2474 1492 2545 ἐξ
1509 2503 1532 2543 ιι

227 2576 372 2659 ἀνομοίων
395 2576 455 2640 ἐστὶ
478 2576 526 2639 καί
549 2578 613 2645 πῶς
628 2578 647 2660 ἡ
663 2579 721 2639 τῶν
737 2575 905 2661 αἰσθήσεων
921 2577 1076 2646 ἀλλοίωσις
1090 2578 1206 2660 γίνεται,
1228 2580 1276 2642 καί
1292 2581 1364 2664 πρὸς
1379 2579 1492 2648 τούτοις

225 2677 335 2761 ὁμοίως
362 2679 409 2742 ἐπί
436 2678 551 2742 πάντων
577 2679 735 2743 ἀποδοῦναι
761 2683 819 2741 τῶν
844 2680 892 2743 διά
917 2683 970 2763 τῆς
999 2680 1077 2764 ἁφῆς
1103 2681 1152 2743 καί
1179 2683 1220 2766 μὴ
1250 2683 1336 2763 μύνον
1363 2683 1399 2745 τὰ
1427 2682 1491 2766 περί

224 2785 330 2864 ηεῦσιν.
375 2781 450 2845 ἀλλὰ
472 2763 520 2845 καὶ
542 2785 634 2846 ταῦτα
658 2783 710 2864 μὲν
737 2782 802 2866 ἤτοι
828 2783 968 2867 διαφοράν
994 2805 1058 2845 τινα
1087 2778 1150 2867 ἔχει
1177 2785 1249 2868 πρδς
1276 2784 1344 2855 τοῦς
1372 2785 1493 2870 χυλυύς,

176 2890 210 2945 73
227 2884 264 2968 ἢν
291 2881 350 2947 ἔδει
378 2885 497 2960 διελεῖν,
527 2885 546 2969 ἡ
571 2885 619 2948 καὶ
646 2889 778 2971 παρεῖται
801 2887 920 2949 δυνατὸν
944 2885 975 2949 δν
998 2885 1108 2967 δμοίως
1131 2886 1230 2950 εἰπεῖν.
1383 2892 1444 2950 τῶν
1465 2887 1499 2950 δὲ

225 2987 392 3071 χρωμάτων
415 2988 494 3051 ἀπλᾶ
517 2988 570 3071 μὲν
592 2987 669 3072 λέγει
691 2989 824 3073 τέτταρα.
862 2988 964 3051 λευκδν
988 2989 1040 3070 μὲν
1063 2986 1113 3051 οῦν
1136 2988 1207 3052 εἰναι
1230 2990 1263 3053 τδ
1278 2992 1365 3054 λεῖον.
1404 2990 1493 3074 ὃηᾶρ
1510 3018 1534 3057 es

179 3230 191 3282 l
216 3231 300 3281 Zeller
323 3232 390 3280 coni.
420 3228 481 3297 φησί
503 3227 532 3281 τδ
555 3229 701 3300 φαινόμενον
725 3230 832 3299 ἑκάστῳ,
884 3224 959 3279 αύτδν
977 3225 1043 3298 ἔχειν
1062 3226 1118 3300 δρον
1135 3235 1182 3301 τῆς
1200 3232 1298 3301 μορφῆς
1312 3229 1541 3302 νεΙτῖηςδιαφορᾶς

176 3319 222 3369 sed
249 3319 406 3369 audiendum
434 3315 539 3369 ἕκαστον
568 3317 581 3370 δ
608 3315 778 3386 αἰσθανόμεθα
801 3320 832 3369 ci.
884 3317 1010 3367 Wimmer
1033 3315 1046 3384 ll
1074 3316 1104 3369 13
1128 3316 1191 3370 ἀλλά
1214 3318 1270 3371 κτλ.
1294 3322 1325 3371 ci.
1349 3338 1374 3385 ρ.
1389 3317 1541 3386 517‚16sq.

176 3404 268 3474 γίνεται
292 3424 316 3472 p.
333 3403 392 3467 519,
403 3402 437 3458 26
458 3400 471 3472 Η
492 3404 507 3456 2
527 3409 617 3474 πικροῦ
640 3408 782 3459 Schneider
801 3408 830 3457 ci.
886 3401 949 3464 deq.
972 3402 1032 3466 515,
1043 3402 1124 3471 23τη.
1155 3402 1169 3474 ΙΙ
1200 3407 1232 3460 15
1255 3406 1277 3458 ol
1304 3409 1389 3458 deleri
1414 3404 1428 3475 ΙΙ
1460 3409 1493 3462 16
1515 3407 1542 3461 τῦ

175 3511 201 3560 ρ.
213 3492 273 3556 519,
284 3490 329 3545 29:
350 3494 440 3560 μικροῦ
450 3495 494 3545 PF
510 3490 523 3560 Η
539 3492 635 3563 ίχειΡι
655 3492 703 3564 ἰχη
716 3497 749 3546 F:
768 3510 832 3544 corr.
886 3495 983 3557 φρονεῖν
1001 3493 1023 3542 Ρ
1042 3510 1081 3557 pr.
1100 3494 1133 3544 F:
1158 3499 1309 3563 περιφρονεῖν
1328 3506 1473 3548 renovator
1489 3499 1510 3547 F
1529 3494 1541 3563 ΙΙ

176 3580 331 3646 Stephanus.
350 3581 696 3633 verteznominelimoulem
704 3581 833 3633 deomoro
886 3575 1028 3629 deodiceret
1047 3581 1107 3631 PF:
1132 3598 1197 3633 corr.
1221 3583 1363 3634 Schneider
1390 3580 1402 3647 Η
1429 3584 1463 3635 17
1484 3583 1540 3653 ἀφυ-

175 3684 223 3719 nos
246 3668 341 3719 habere
358 3669 478 3720 notitiam
502 3669 703 3720 convenientem.
734 3671 832 3720 Demo·
885 3669 965 3732 μυιῶν
984 3667 1017 3716 F:
1038 3667 1215 3736 ἀφομοιοῦνΡ
1240 3666 1254 3738 Η
1279 3674 1330 3729 τοῖς
1349 3668 1375 3721 έν
1394 3676 1447 3728 τοῖς
1465 3674 1487 3723 Ρ
1506 3689 1541 3739 pr.

179 3758 285 3806 criteum
299 3755 404 3807 συνιέναι
416 3760 442 3808 in
456 3760 581 3809 similibus
593 3767 631 3809 est
643 3775 684 3824 ap.
697 3757 769 3809 Sext.
780 3757 833 3806 VII
884 3753 918 3802 F:
936 3754 982 3820 τῆς
1001 3753 1026 3805 ἰν
1044 3759 1095 3814 τοῖς
1114 3775 1163 3808 sec.
1182 3759 1216 3808 F:
1236 3774 1302 3809 corr.
1322 3758 1466 3809 Schneider
1483 3756 1496 3825 ΙΙ
1510 3757 1541 3812 20

177 3840 229 3896 136
255 3838 267 3908 Ιί
292 3840 308 3894 3
331 3859 358 3893 τε
381 3843 535 3897 Schneider:
564 3863 588 3896 τι
610 3847 655 3898 PF
680 3841 692 3913 Η
719 3841 748 3895 ἀν
771 3842 831 3912 φαίη
1163 3879 1177 3912 τ

177 3930 289 3981 Brendis
302 3933 328 3981 in
342 3932 442 3982 schedio
460 3928 472 4000 ll
489 3932 505 3983 4
523 3940 582 4000 posi
598 3927 726 4001 αἰσθητῶν
742 3933 832 3982 andins
887 3928 952 3982 ὥστε
965 3931 1009 3982 καί
1018 3929 1046 3983 τῦ
1056 3933 1127 3982 κάτω
1141 3930 1187 3995 [κά
1200 3933 1234 3997 Ρ]
1249 3931 1362 3999 κείμενον
1372 3934 1431 3984 FP:
1445 3937 1543 3985 correxi

175 4020 226 4073 τοῖς
245 4013 333 4068 ἄλλοθι
352 4014 492 4086 λεγομένοις
518 4018 529 4086 Η
556 4019 572 4073 5
596 4016 666 4071 οἰνσία
690 4021 833 4070 cumidem
887 4016 952 4070 ῶστι
965 4020 1007 4071 καὶ
1025 4017 1054 4070 cd
1073 4017 1235 4088 ὑποκείμενον
1254 4020 1405 4083 Schneider,
1422 4017 1489 4071 ῶστι
1502 4021 1543 4072 καὶ

175 4108 209 4155 eit
225 4122 255 4155 ne
273 4101 342 4172 φύσις
355 4108 384 4155 ci.
400 4124 424 4157 ν.
435 4106 459 4168 θ,
479 4109 520 4157 hic
537 4116 605 4158 stare
618 4109 716 4170 nequit.
741 4102 834 4174 θερμα-
886 4107 952 4159 κατὰ
973 4105 1001 4158 τδ
1020 4105 1182 4174 ὑποκείμενον
1201 4111 1333 4160 Wlmmer.
1362 4110 1464 4159 scilicet
1481 4108 1543 4160 κατὰ

177 4191 230 4248 σίας
249 4195 303 4242 veri
321 4194 438 4243 similiter
457 4197 567 4246 coniecit
583 4197 692 4256 Usener,
712 4199 756 4258 qui
775 4191 834 4263 ὅπερ
887 4197 1068 4262 compendiose
1083 4212 1159 4261 snper
1174 4196 1217 4247 καὶ
1235 4200 1356 4261 scriptum
1372 4199 1542 4261 praepositio·

176 4275 269 4348 ἐλέχθη
298 4278 341 4330 καί
369 4277 487 4349 πρότερον
514 4286 592 4334 refert
619 4285 653 4333 ed
675 4301 700 4347 p.
721 4281 833 4346 516‚15.
886 4300 944 4334 nem
958 4279 1006 4334 ῦπδ
1016 4281 1181 4349 επριι1111121
1198 4282 1321 4350 ἀνομοίων
1335 4281 1441 4348 scripsi:
1456 4283 1544 4352 ἀμφοῖν

176 4352 343 4434 517,10s‘qq.
363 4367 423 4431 519,
434 4368 458 4420 7.
471 4368 503 4421 10
519 4366 530 4438 Η
551 4368 649 4438 λίηιιΙ1
664 4366 677 4436 Η
696 4366 833 4422 7τιθέιισιν
884 4371 929 4420 PF
944 4365 957 4436 l}
972 4366 1006 4419 22
1028 4369 1061 4422 τὰ
1079 4372 1134 4439 περὶ
1155 4373 1236 4440 γεῦσιν
1254 4387 1308 4421 non
1326 4384 1391 4420 sene
1410 4380 1479 4421 sunt.
1506 4370 1544 4422 dri

177 4455 211 4505 ed
229 4455 294 4504 elios
306 4457 475 4522 philosophos
492 4460 709 4510 ntPermenidem
723 4460 833 4509 referen·
884 4459 937 4506 τῶν
950 4457 1004 4525 περὶ
1016 4460 1096 4525 γεῦσιν
1111 4462 1227 4510 voluerat
1240 4457 1390 4520 Schneider,
1410 4461 1473 4509 entis
1492 4461 1544 4510 eret

177 4542 237 4592 dum
256 4543 357 4593 videtur
377 4541 390 4611 ΙΙ
411 4544 427 4596 θ
444 4543 490 4612 τὴν
509 4541 593 4596 υύσίαν
606 4546 663 4598 PF:
683 4547 784 4596 correxi
802 4547 833 4597 ci.
885 4547 937 4593 τῶν
952 4543 1008 4612 περὶ
1020 4547 1109 4612 γεῦσιν.
1128 4548 1173 4597 sed
1188 4549 1306 4612 proxime
1318 4563 1373 4596 non
1387 4558 1541 4610 congruunt,

176 4626 230 4680 v.3
255 4625 326 4697 φύσιν
343 4630 406 4695 τινὰ,
426 4632 480 4684 ν.7
497 4631 552 4683 τινὰ
569 4628 640 4701 φύσιν
661 4630 674 4701 Η
699 4629 758 4700 ὅπερ
777 4633 834 4684 PF:
885 4641 913 4681 ul
930 4629 962 4682 τὰ
980 4631 1034 4700 περὶ
1052 4635 1132 4699 γεῦσιν
1150 4630 1269 4702 δηλῶσαι.
1288 4633 1368 4683 ταῦτα
1388 4631 1437 4699 γάρ
1455 4631 1543 4695 [κατὰ

176 4732 241 4767 corr.
261 4716 403 4773 Schneider
426 4715 438 4786 Η
461 4719 490 4771 11
512 4717 608 4788 διορίζει
626 4721 647 4770 F
668 4716 681 4786 ll
704 4717 735 4770 12
754 4722 833 4786 φορᾶς
885 4714 924 4768 διὰ
936 4721 982 4786 τῆς
992 4716 1070 4787 ἁφῆς]
1090 4724 1216 4784 corrigere
1236 4722 1323 4770 malim
1340 4715 1351 4785 l!
1366 4717 1404 4770 24
1417 4717 1448 4789 δν
1462 4722 1483 4772 Ρ
1496 4737 1541 4772 εει.

176 4806 213 4855 sic
229 4805 287 4856 PF:
313 4807 445 4873 Theophr.
465 4815 565 4860 atomos
584 4825 660 4875 puras
683 4809 832 4872 intellegere
884 4807 917 4856 F:
942 4804 1054 4873 ἡρπΙί
1080 4804 1093 4871 [ἶ
1119 4806 1139 4858 εἰ
1162 4806 1205 4857 καὶ
1228 4809 1376 4873 Stephanus
1399 4803 1412 4874 ΙΙ
1434 4811 1542 4876 παρεῖται

176 4874 278 4943 ridetur
297 4902 324 4942 ut
342 4894 422 4944 Arist.
445 4895 470 4945 d.
498 4897 561 4946 coel.
580 4894 654 4946 1111
679 4912 704 4960 p.
721 4891 833 4947 303·25
884 4895 940 4945 PF:
966 4898 1077 4962 παρεῖναι
1096 4894 1143 4960 [ec.
1162 4896 1209 4964 την
1227 4892 1359 4965 διαφοράν]
1378 4894 1522 4947 Schneider

176 4980 207 5030 ci.
230 4995 308 5047 supro
332 4997 358 5046 p.
372 4978 515 5049 melosq.
539 4983 623 5032 Zeller
644 4980 674 5032 1⁴
688 4979 766 5035 778¹.
790 4977 833 5034 τδν
