3464 5586
267 302 330 366 206
540 306 605 354 xvl
641 306 691 354 Dll
712 304 813 354 AETII
831 304 1068 356 PLACITORUM
1088 305 1359 357 COMPOSITIONE

268 473 340 535 dum
370 474 580 536 Stoicorum
614 481 643 536 et
676 476 711 535 iu
741 474 821 536 duos
851 493 921 537 cm·

266 576 350 655 plius
365 576 451 657 opud
473 577 714 638 Posidonium
736 579 788 658 qui
801 567 824 640 u
839 578 922 640 duo-

266 678 323 740 hus
351 699 482 742 exorsus
509 681 605 743 titulis
635 681 807 760 principali
840 681 923 762 quod

267 782 354 843 discut
389 782 560 864 ἡγεμονικὸν
593 780 625 844 ὀί
656 784 807 846 rationali
839 784 924 866 quod

267 885 354 946 oiuut
368 885 480 967 λογικὸν
496 885 528 946 iu
544 884 707 947 duodecim
722 885 834 947 exinde
847 905 923 966 pro-

265 986 378 1061 secuit,
400 988 446 1048 ito
468 987 552 1050 oliae
574 1007 613 1049 ec
635 987 708 1049 aliis
728 987 847 1067 species
869 988 922 1049 di-

267 1088 376 1150 ciduut
399 1090 543 1152 unimam.
1200 1161 1203 1164 ,

352 1199 555 1275 quantopere
578 1211 605 1257 c.
620 1193 662 1258 43
685 1198 718 1258 et
740 1193 783 1257 54
804 1189 898 1256 Aetio
921 1191 1061 1273 gemella
1083 1190 1158 1276 sint,
1180 1211 1247 1258 nen
1269 1194 1428 1276 estquod
1449 1193 1552 1261 fusius
1573 1197 1630 1262 do-

269 1311 369 1358 ceam.
414 1293 623 1359 novissimum
649 1299 759 1360 tamen
787 1300 885 1378 caput
911 1299 948 1357 ut
973 1298 1023 1359 est
1045 1293 1178 1360 Placitis
1205 1295 1306 1361 multo
1329 1295 1459 1362 uberius
1480 1296 1527 1363 ita
1548 1296 1630 1363 diffi-

268 1393 442 1459 oultatibus
465 1415 592 1478 qnoque
614 1396 791 1462 nonnullis
807 1397 1015 1464 obstructum.
1044 1414 1119 1461 nam
1134 1396 1299 1463 Posidonii
1322 1404 1389 1464 tam
1404 1397 1487 1462 mira
1500 1397 1631 1465 videtur

267 1497 438 1581 sententia,
462 1505 497 1563 ut
520 1497 665 1564 Zellerus
686 1520 819 1583 prorsus
843 1496 1101 1583 desperaverit¹
1135 1496 1272 1565 forsitan
1294 1499 1451 1566 audaciae
1478 1498 1630 1566 rideatur

268 1598 477 1665 dissuadente
499 1599 555 1665 ille
579 1599 755 1683 perieulum
777 1602 893 1669 faeere.
943 1600 1002 1667 sed
1023 1598 1141 1665 faeiem
1162 1606 1283 1668 tamen.
1327 1601 1497 1668 duodecim
1518 1609 1630 1685 partes

268 1700 416 1767 bilariam
431 1700 629 1785 scinduntur,
651 1721 729 1786 ergo
745 1723 844 1770 senae
859 1703 986 1786 utrique
1001 1701 1095 1768 titulo
1110 1702 1302 1771 tribuuntur.
1336 1703 1427 1787 utqui
1444 1721 1503 1768 sex
1517 1709 1630 1786 partes

267 1808 480 1890 proposuerat
506 1805 684 1871 Panaetius
711 1812 784 1872 octo
811 1805 953 1889 vulgatis
981 1806 1014 1869 τὸ
1042 1807 1206 1891 φωνητικὸν
1233 1813 1267 1873 et
1292 1809 1325 1871 τὸ
1354 1806 1548 1892 σπερματικὸν
1575 1805 1631 1872 de

266 1907 408 1973 trahens.
454 1905 591 1972 eandem
613 1907 772 1974 radonem
794 1914 923 1976 seeutus
950 1913 1020 1973 erat
1041 1907 1252 1974 Mnesarohus
1274 1906 1423 1974 Panaetii
1451 1926 1629 1973 suceessor.

268 2008 382 2075 Galen.
399 2008 431 2072 h.
447 2007 525 2091 phil.
546 2028 573 2075 ο.
580 2010 623 2074 24
642 2030 673 2093 p.
683 2011 745 2075 257
756 2010 797 2076 K.
820 2009 1000 2095 Μνήσαρχος
1022 2010 1055 2072 δὲ
1076 2009 1129 2094 τὴν
1149 2009 1288 2074 Στωικῶν
1311 2010 1453 2094 ὑπόληψιν
1476 2009 1629 2094 ἐπικρίνων
1678 2080 1681 2084 ,

267 2112 301 2174 τὸ
315 2113 479 2195 φωνητικὸν
493 2113 541 2175 καὶ
556 2114 590 2175 τὸ
606 2116 798 2197 σπερματικὸν
813 2116 953 2199 περιεῖλεν
968 2111 1080 2195 οἰηθεὶς
1094 2117 1147 2196 τῆς
1168 2111 1343 2196 οἰσθητικῆς
1364 2112 1515 2194 δυνάμεως
1535 2115 1628 2176 ταῦτα

267 2212 336 2298 (μὴ)
365 2213 507 2298 μετέχειν.
553 2214 627 2298 μέρη
654 2215 688 2278 δὲ
708 2221 761 2300 τῆς
783 2221 881 2302 ψυχῆς
902 2213 993 2301 ᾠήθη
1016 2213 1103 2296 μόνον
1126 2215 1159 2276 τὸ
1181 2214 1296 2296 λογικὸν
1319 2214 1367 2278 καὶ
1389 2215 1423 2277 τὸ
1446 2212 1629 2297 αἰσθητικόν.

268 2315 288 2380 i.
305 2336 332 2381 e.
357 2315 498 2398 quinque
521 2334 635 2380 sensus
657 2323 690 2381 et
712 2316 900 2401 principale.
932 2315 1042 2381 iamne
1063 2321 1202 2400 apparet
1224 2313 1384 2397 quomode
1400 2313 1435 2378 in
1455 2313 1629 2380 ridiculum

269 2416 311 2481 sit
333 2436 475 2482 errorem
497 2416 613 2482 duetus
635 2416 878 2484 Tertullianus?
911 2436 1029 2501 nempe
1051 2416 1245 2483 Posidonius
1267 2434 1325 2482 sex
1347 2415 1497 2483 Panaetii
1517 2423 1630 2500 partes

269 2520 438 2603 amplexus
460 2517 657 2600 generaliter
677 2518 803 2585 addidit
825 2523 858 2585 τὸ
882 2521 1052 2605 αἰσθητικὸν
1075 2521 1123 2585 καὶ
1145 2522 1179 2583 τὸ
1194 2519 1308 2602 λογικὸν
1324 2517 1344 2602 ἢ
1360 2519 1532 2602 ἡγεμονικόν
1546 2538 1629 2601 quos

269 2619 379 2686 titulos
405 2640 477 2686 oum
509 2619 596 2686 senis
624 2618 688 2685 illis
716 2621 860 2705 singulos
888 2623 996 2690 inesse
1025 2621 1173 2689 crederet
1200 2620 1244 2686 ad
1270 2618 1434 2703 ingentem
1460 2640 1628 2687 numerum

269 2722 427 2807 pervenit.
460 2722 535 2787 hinc
556 2721 662 2788 altera
683 2724 856 2808 pullulavit
878 2724 964 2790 illius
986 2723 1133 2807 stribligo
1155 2721 1248 2806 quasi
1269 2723 1336 2788 ullo
1351 2721 1447 2787 modo
1462 2723 1576 2806 λογικὸν
1597 2727 1631 2789 et

269 2824 440 2908 ἡγεμονικὸν
462 2823 607 2889 distaret.
642 2823 757 2891 eadem
780 2826 987 2911 simplicitate
1007 2825 1051 2891 ad
1074 2824 1242 2891 denarium
1257 2823 1438 2890 Stoicorum
1459 2844 1629 2891 numerum

269 2925 457 2992 diluendum
478 2924 614 2991 venitur.
657 2925 744 2994 idern
767 2927 911 2995 Galenus
933 2946 1064 2993 manum
1085 2926 1412 3010 comsumptus.
1449 2926 1574 2992 Στωικοὶ
1596 2928 1630 2991 ὸὸ

269 3030 395 3114 τέσσαρα
424 3028 498 3112 μέρη
524 3033 577 3112 τῆς
599 3034 697 3115 ψυχῆς
718 3029 792 3094 εἶναι’
818 3053 890 3116 φασι
912 3033 1026 3115 λογικὸν
1056 3028 1225 3112 αἰσθητικὸν
1246 3030 1411 3113 φωνητικὸν
1432 3029 1628 3115 σπερματικόν

270 3128 321 3217 [cf.
338 3131 467 3197 Nemes.
486 3131 526 3194 15
541 3151 571 3212 p.
588 3127 652 3216 96].
675 3130 792 3213 quibus
807 3151 880 3198 eum
894 3132 1009 3199 eodem
1025 3149 1134 3197 errore
1149 3129 1298 3196 Panaetii
1313 3149 1371 3197 sex
1386 3130 1532 3215 adderet,
1548 3150 1630 3197 sane

185 3231 187 3235 ’
268 3232 381 3298 decem
404 3230 520 3298 effecit.

355 3333 421 3400 Sed
443 3332 486 3399 sit
508 3334 726 3401 Tertullianus
747 3335 782 3401 in
803 3335 855 3401 his
876 3334 1012 3419 argutiis
1039 3332 1378 3419 inscitiaevereatus,
1403 3341 1513 3402 tamen
1538 3353 1632 3418 prae·

271 3436 358 3500 claro
389 3456 466 3502 usus
494 3442 543 3502 est
570 3435 661 3503 libre.
706 3436 796 3502 cuius
829 3442 943 3503 auster
974 3435 1060 3502 inter
1092 3439 1238 3502 vetustos
1270 3435 1482 3520 philosophos
1514 3435 1632 3505 iniuria

270 3538 413 3603 occultus
438 3537 570 3604 iamiam
596 3537 734 3623 prodeat
761 3558 814 3604 res
840 3558 917 3604 suas
944 3537 1148 3621 repetiturus
1191 3556 1269 3602 nam
1295 3558 1335 3606 eo
1363 3545 1414 3606 est
1439 3536 1631 3622 compilator

270 3639 369 3705 animi
392 3640 543 3724 candere,
566 3646 664 3705 utne
687 3640 847 3705 tantillum
870 3640 1000 3724 quidem
1023 3638 1234 3705 dubitationis
1255 3660 1351 3723 quem
1374 3646 1563 3725 sequeretur
1583 3659 1632 3705 re

269 3741 406 3824 liquerit.
442 3742 612 3808 Soranus
627 3741 789 3826 Ephesius
805 3741 996 3826 Steioorum,
1018 3746 1055 3806 ut
1076 3739 1215 3819 videtur,
1237 3743 1423 3827 opinionem
1443 3742 1577 3810 uadens
1599 3747 1633 3808 et

270 3843 321 3910 hic
344 3852 376 3910 et
397 3864 496 3929 supra
517 3844 564 3910 ita
586 3850 798 3929 monstratur,
828 3851 864 3911 ut
889 3846 1033 3930 apertius
1055 3862 1121 3908 nen
1143 3842 1282 3926 pessit⁸
1324 3853 1434 3913 tumen
1459 3862 1534 3910 rara
1561 3841 1631 3910 eius

342 4016 348 4047 ¹
368 4019 410 4068 Ill
425 4017 447 4080 1,
461 4013 529 4069 517²
542 4016 676 4067 iuuiesceit
694 4015 781 4068 dieser
799 4017 929 4067 ονννιοὸνηο
946 4016 1030 4068 uebeu
1043 4016 1102 4067 dem
1115 4015 1399 4079 musccrstdudliclreu,
1417 4032 1470 4067 rous
1483 4014 1520 4066 sis
1532 4030 1565 4065 uu
1576 4022 1631 4065 emt·

268 4103 359 4155 hulten
379 4104 485 4165 reiciet,
504 4101 625 4170 ricltiqes
644 4120 677 4154 uu
693 4103 798 4170 pruude
819 4101 890 4170 lieqt,
907 4112 1020 4170 pemeus
1038 4102 1081 4154 iclr
1099 4102 1152 4155 mir
1168 4101 1240 4155 uiclrt
1258 4119 1292 4155 au
1309 4102 1485 4156 mtscheideu.

340 4190 350 4222 ²
369 4209 389 4243 c.
407 4192 438 4244 15
457 4199 586 4242 extremus
604 4198 629 4240 et
649 4190 701 4253 ipse
720 4188 847 4241 decumus.
875 4193 993 4242 similiter
1011 4208 1032 4241 ο.
1047 4187 1081 4242 25
1100 4200 1159 4255 post
1176 4193 1286 4256 optimas
1304 4192 1463 4243 medicorum
1481 4191 1632 4241 memorias:

269 4279 317 4331 ltoc
334 4278 378 4343 [de
397 4281 571 4330 instrumentis
589 4279 660 4328 velut
678 4275 852 4339 anulocultro,
871 4276 953 4329 lebeti
969 4293 1045 4339 uucc,
1070 4276 1320 4346 ἐμβρυοοφάκτη
1339 4278 1464 4343 loquitur]
1483 4285 1506 4328 et
1525 4273 1632 4343 Hippo·

269 4374 353 4416 crates
371 4364 463 4416 habuit
488 4375 511 4415 et
536 4361 706 4428 Asclepiades
731 4370 756 4412 et
782 4358 964 4416 Erusimratue
988 4373 1014 4416 ct
1032 4364 1159 4415 meierum
1178 4364 1209 4428 [l.
1228 4365 1360 4428 vivorum]
1379 4377 1483 4431 queque
1498 4370 1634 4431 promclm·

269 4449 430 4520 Herophilus
449 4462 475 4503 et
492 4453 581 4502 mitior
604 4451 660 4514 ipse
678 4448 807 4500 Soranus.
846 4467 907 4516 ergo
933 4454 1007 4503 istinc
1031 4455 1144 4505 manavit
1170 4468 1191 4502 ο.
1208 4450 1240 4503 10
1262 4448 1421 4515 Herophilus
1445 4448 1490 4501 illc
1513 4450 1633 4503 medicus

269 4548 316 4590 eut
333 4538 432 4602 leuius,
454 4541 501 4606 qui
524 4547 654 4592 sexcentos
673 4536 786 4589 exsecuit
810 4546 840 4588 ut
858 4546 984 4588 maturam
1008 4548 1175 4590 emutaretuc
1194 4537 1239 4605 qui
1254 4537 1385 4591 homiuem
1404 4536 1459 4589 odit
1476 4536 1507 4601 [l.
1526 4537 1634 4602 cecidit]

269 4635 294 4676 ut
313 4634 405 4687 mosset,
424 4627 513 4677 ποτοῖο
531 4643 567 4676 uu
585 4625 673 4676 omnia
687 4624 793 4675 iuterna
806 4622 860 4674 eius
874 4623 978 4689 liquido
997 4624 1146 4690 euplcruvit
1163 4624 1225 4691 ipso
1243 4636 1325 4679 morte
1343 4631 1459 4677 mutuutc
1477 4638 1546 4688 quoe
1563 4623 1633 4676 utut·

269 4722 330 4764 rant
342 4711 380 4775 [l]
393 4719 418 4763 et
442 4721 524 4764 curte
546 4728 597 4764 neu
622 4709 798 4775 simplicitati
816 4710 877 4776 ipso
894 4710 964 4763 iuter
975 4710 1092 4768 ardicio
1111 4709 1265 4763 muttonis
1283 4720 1400 4767 ememte-
1414 4709 1633 4777 philosophiam.

270 4800 398 4851 Soranum
415 4801 573 4852 medicorum
592 4800 713 4850 historiae
733 4814 838 4864 operam
857 4813 965 4850 navasse
984 4816 1017 4852 ex
1035 4800 1140 4849 scholiis
1159 4799 1275 4851 Oribasli
1287 4801 1329 4851 111
1342 4800 1392 4854 ost
1411 4799 1535 4852 Daremb.
1554 4799 1632 4849 disei-

270 4903 333 4945 mns,
354 4887 396 4935 uhi
416 4889 486 4935 illurn
506 4884 672 4941 irruituris
692 4885 784 4953 ἰατρῶν
802 4883 928 4953 διαδοχαῖς
946 4891 1033 4938 citant.
