3464 5586
191 358 233 423 68
652 363 691 412 IV
727 362 776 412 DE
797 360 900 409 nuru
917 358 1084 411 FLAGITIS

191 527 314 592 minuta
337 527 394 591 illa
416 526 559 611 capitula
580 547 619 593 ac
642 524 839 591 frustillatim
862 545 920 589 suo
943 545 1092 609 quaeque
1117 525 1313 611 philosopho
1335 525 1554 611 adiungenda,

191 628 251 694 aed
272 628 528 695 dissimulandae
551 630 648 695 etiam
671 626 832 713 explendo
855 626 1095 694 commissurae.
1135 629 1226 694 velut
1247 644 1346 711 supra
1367 646 1389 691 a
1411 625 1554 709 Stobaeo

190 728 342 795 addenda
368 738 461 797 erant
488 732 569 798 haec
590 733 720 815 ηίνεσθαι
749 730 781 793 δὲ
806 730 859 812 τὴν
882 727 1007 813 ἔκλειψιν
1030 736 1063 795 et
1084 732 1117 793 τδ
1143 732 1177 794 δὲ
1198 730 1322 814 μέγεθος
1347 727 1442 814 ἔχειν,
1470 749 1555 813 quae

191 832 321 914 quidem
342 833 375 898 in
394 833 488 899 Aetio
511 854 552 900 ex
579 834 719 918 capitum
742 832 836 898 titulo
859 836 974 914 suapte
996 838 1113 915 sponte
1134 831 1441 916 intellegebantur.¹
1480 830 1555 897 hinc

190 936 290 1001 semel
313 935 445 1018 gravior
468 942 557 1001 ortus
580 941 630 1001 est
652 955 750 1000 error.

275 1038 307 1103 Π
331 1038 374 1102 20
398 1048 409 1098 l
434 1036 653 1122 Ἀναξίμανδρος
681 1038 785 1101 κύκλον
811 1035 883 1100 εἶναι
907 1038 1278 1103 ὀκτωκαιεικοσαπλασίονα
1300 1041 1353 1120 τῆς
1374 1041 1438 1120 γῆς·
1472 1035 1555 1102 haee

190 1138 303 1204 recte¹
325 1140 518 1205 Plutarchus
540 1146 572 1206 et
595 1138 763 1205 Stobaeus.
791 1139 855 1203 iam
878 1139 934 1204 ille
953 1159 1039 1205 novo
1055 1140 1163 1224 capite
1177 1142 1217 1205 21
1238 1150 1249 1200 1
1267 1137 1487 1220 Ἀναξίμανδρος

189 1243 238 1304 τὸν
254 1243 358 1305 κύκλον
376 1286 426 1305 ...
443 1241 782 1306 ἑπτακαιεικοσαπλασίαν
804 1246 857 1323 τῆς
872 1246 935 1325 γῆς.
958 1249 992 1306 at
1008 1241 1168 1309 Stobaeus
1183 1239 1345 1326 prioribus
1359 1238 1556 1305 continuatis

192 1363 397 1409 numerorum
420 1344 630 1410 similitudine
649 1341 751 1407 salsus
773 1344 984 1426 neglegenter
1005 1345 1134 1429 scripsit
1155 1347 1204 1409 τὸν
1227 1345 1260 1407 δὲ
1281 1343 1387 1406 κύκλον
1407 1384 1415 1400 .
1432 1389 1441 1404 .
1459 1384 1467 1400 .
1482 1339 1555 1405 εἶναι

189 1450 240 1509 τοῦ
274 1447 483 1532 προειρημένου
517 1447 666 1530 μεγέθους.
708 1450 806 1526 atque
838 1446 956 1511 erroris
982 1445 1088 1511 socios
1117 1445 1231 1510 habuit
1259 1466 1330 1511 cum
1359 1441 1556 1509 recentiores

190 1546 277 1613 viros
299 1548 414 1614 doctos
435 1569 517 1632 quos
537 1548 620 1631 fugit
641 1545 781 1630 Roeperi
803 1547 973 1630 ingeniosa
994 1547 1168 1632 explicatio
1191 1544 1357 1633 [Zeitschr.
1376 1545 1399 1610 i.
1414 1545 1554 1611 Alterth.

191 1649 273 1715 1852
296 1670 327 1734 p.
343 1653 418 1736 442,
440 1652 494 1734 qui
509 1657 618 1717 tamen
640 1670 705 1715 non
728 1649 836 1714 omnia
858 1656 946 1716 recte
968 1647 1155 1736 expediritl,
1178 1657 1246 1714 turn
1268 1648 1400 1714 Eusebii
1426 1647 1555 1713 codices

189 1750 366 1819 deteriores
388 1753 459 1818 ΒΕ.
1609 1760 1612 1764 ’

274 1855 342 1919 llas
363 1854 460 1937 igitur
481 1852 748 1937 interpolationes
770 1854 921 1939 aperiunt
942 1854 1137 1921 Plutarchus
1160 1862 1192 1920 et
1215 1839 1450 1921 Theodoretus.
1495 1853 1554 1919 scd

189 1954 292 2039 ipsius
314 1976 443 2039 quoque
461 1955 592 2023 Stobaei
608 1954 827 2021 inconstantia
841 1956 961 2022 facturn
978 1964 1038 2039 est,
1061 1963 1096 2022 ut
1110 1955 1247 2041 pristina
1262 1954 1365 2021 forma
1380 1956 1552 2040 polluceat

188 2079 263 2124 narn
279 2058 474 2124 Placitorum
496 2059 585 2123 1125
601 2058 666 2142 περὶ
687 2058 787 2129 οὐσίας
803 2062 926 2143 σελήνης
948 2060 990 2124 26
1006 2061 1070 2143 περὶ
1093 2059 1234 2142 μεγέθους
1256 2059 1296 2124 27
1313 2060 1377 2142 περὶ
1400 2060 1553 2143 σχήματος

188 2160 302 2227 eodem
326 2160 423 2226 modo
446 2180 508 2243 qno
532 2159 641 2242 capita
663 2159 704 2224 dc
727 2162 796 2226 solo
811 2158 1066 2244 comprehendit.
1100 2166 1134 2225 at
1152 2160 1283 2225 tandem
1299 2158 1416 2225 infiniti
1431 2159 1553 2225 laboris

188 2269 357 2347 pertaesus
378 2261 505 2343 integra
522 2260 630 2344 capita
641 2261 780 2326 Aetiona
803 2263 844 2327 28
859 2263 923 2347 περὶ
939 2268 1098 2348 φωτισμῶν
1114 2265 1237 2345 σελήνης
1259 2262 1301 2326 29
1316 2264 1379 2346 περὶ
1395 2262 1553 2347 ἐκλείψεως

187 2366 230 2430 30
241 2367 305 2450 περί
316 2366 472 2450 ἐμφάσεως
482 2364 573 2447 αὐτῆς
585 2365 624 2428 31
639 2364 704 2448 περὶ
718 2369 776 2426 τῶν
792 2366 1024 2450 ἀπροστημάτων
1036 2364 1213 2449 proposuit.
1235 2364 1320 2430 idem
1336 2371 1446 2430 tamen
1461 2365 1554 2429 mire·

186 2467 243 2532 bili
259 2467 392 2533 artificio
409 2465 641 2532 continuationi
657 2467 825 2531 consuluit.
849 2467 1020 2550 unicuique
1036 2467 1120 2533 enirn
1135 2466 1229 2533 titulo
1245 2468 1277 2531 δέ
1292 2467 1374 2532 illud
1389 2468 1552 2551 suppleto-

187 2571 268 2636 rium
290 2569 426 2654 addidit,
448 2590 512 2653 quo
535 2569 664 2652 singula
685 2589 812 2651 quoque
834 2569 979 2635 membra
1000 2569 1192 2654 placitorum
1215 2570 1367 2652 copulare
1388 2570 1482 2635 solet.

273 2673 439 2739 Interdum
462 2671 656 2740 contrarium
678 2670 795 2736 accidit
817 2679 853 2736 ut
875 2672 1074 2738 continentia
1095 2672 1303 2755 discerperet.
1345 2671 1393 2738 sic
1414 2673 1503 2738 Plac.
1519 2674 1551 2738 ll

186 2777 289 2858 lsqq.
305 2775 422 2860 partim
438 2775 496 2841 ecl.
512 2773 717 2858 troporum
733 2774 772 2838 21
797 2773 1013 2840 inveniuntur.
1047 2775 1160 2858 quoin
1174 2793 1294 2857 genere
1309 2773 1407 2840 etiam
1423 2774 1550 2856 gravio-

187 2898 254 2944 rem
276 2877 559 2962 interpolationem
581 2897 646 2942 non
668 2875 898 2942 reformidavit.

271 2981 303 3045 ΙΙ
318 2983 339 3044 5
354 2988 371 3042 3
389 2981 513 3062 legerat
528 2979 561 3044 in
576 2978 671 3044 Aetio
691 2979 837 3048 Φιλόλαος
852 2980 949 3064 διττὴν
964 2978 1036 3043 εἶναι
1051 2981 1104 3064 τὴν
1119 2980 1244 3065 φθοράν,
1259 2981 1292 3042 τδ
1309 2979 1361 3062 μὲν
1377 2979 1407 3048 ἐξ
1424 2979 1548 3065 οὐρανοῦ

185 3085 275 3166 πυρδς
302 3083 430 3168 ῥυέντος,
459 3080 536 3146 τὸδ’
564 3080 593 3151 ἐξ
617 3083 719 3152 ὕδατος
745 3085 916 3166 σεληνιακοῦ
943 3088 1122 3168 περιστροφῇ
1144 3086 1196 3145 τοῦ
1219 3080 1306 3164 ἀέρος
1326 3082 1548 3167 ἀποχυθέντος·

185 3185 234 3248 καὶ
256 3185 365 3247 τούτων
387 3184 459 3248 εἶναι
481 3185 532 3254 τὰς
554 3185 762 3267 ἀναθυμιάσεις
784 3185 892 3270 τροφὰς
914 3189 965 3247 τοῦ
988 3185 1110 3266 κόσμου.
1144 3184 1209 3248 iarn
1231 3203 1302 3247 cum
1326 3189 1360 3248 et
1381 3184 1495 3269 φθοράν
1513 3192 1549 3250 et

184 3289 292 3371 τροφάς
322 3293 571 3352 commemorata
600 3286 740 3371 videret,
775 3286 807 3353 in
838 3306 864 3351 e.
885 3286 928 3350 20
954 3288 1019 3370 περὶ
1048 3287 1188 3369 γενέσεως
1218 3288 1265 3349 καὶ
1297 3286 1411 3371 φθορᾶς
1438 3285 1548 3368 priora

184 3409 286 3472 usque
308 3390 352 3454 ad
374 3390 574 3475 ἀποχυθέντος
596 3388 776 3474 descripsit,
799 3408 883 3472 quae
905 3396 1096 3471 supererant
1116 3388 1190 3454 licto
1213 3387 1369 3472 principio
1393 3406 1420 3452 c.
1436 3388 1476 3452 21
1500 3387 1548 3453 sic

184 3492 330 3560 exhibuit
359 3493 504 3561 Φιλόλαος
536 3490 629 3577 ἔφησε
656 3495 689 3555 τὸ
723 3494 774 3576 μὲν
801 3492 831 3561 a
857 3492 980 3576 οὐρανοῦ
1009 3494 1099 3576 πυρδς
1126 3492 1241 3576 ῥυέντος
1266 3492 1299 3554 τδ
1327 3491 1361 3553 δὲ
1386 3488 1416 3559 ἐξ
1443 3491 1547 3560 ὕδατος

184 3599 355 3679 σεληνιακοῦ
379 3599 557 3680 περιστροφῇ
580 3598 631 3656 τοῦ
653 3593 738 3678 ἀέρος
760 3593 960 3680 ἀποχυθέντος
982 3592 1053 3656 εἶναι
1076 3595 1126 3664 τὰς
1149 3595 1357 3676 ἀναθυμιάσεις
1370 3593 1479 3678 τροφᾶς
1493 3598 1546 3656 τοῦ

184 3699 307 3781 κόσμου.
351 3696 517 3781 perspexit
539 3695 705 3779 anthologi
727 3695 866 3780 ineptias
889 3695 1074 3761 Boeckhius
1097 3695 1238 3762 Philolai
1260 3696 1298 3762 fr.
1321 3718 1352 3781 p.
1371 3698 1443 3761 111.

269 3799 371 3865 Nobis
392 3798 520 3863 Aetium
543 3800 738 3866 restituturis
759 3799 873 3864 fraude
895 3805 1010 3881 aperta
1032 3799 1078 3864 sic
1100 3819 1198 3882 agere
1222 3800 1343 3884 placuit
1372 3806 1407 3864 ut
1434 3801 1547 3865 luxata

256 3991 262 4020 ¹
284 3993 353 4054 quod
378 3993 418 4041 hic
442 3994 534 4041 lactum
558 3999 597 4041 ost
619 3999 647 4040 ut
669 3992 771 4054 gemino
798 3992 910 4040 lammari
930 3983 1089 4057 Ἡράκλειτος
1112 3989 1156 4040 καὶ
1169 3983 1300 4047 Ἑκαταῖος
1319 3991 1444 4041 Heracliti
1465 3991 1546 4041 solius

182 4081 235 4130 alia
259 4083 372 4145 capitula
396 4080 605 4139 adnumerentur,
629 4080 655 4127 id
679 4094 756 4142 saepe
781 4081 850 4127 viros
873 4079 964 4127 doctos
987 4079 1083 4129 fefellit.
1126 4080 1162 4127 sic
1185 4077 1290 4128 Stobaei
1315 4079 1390 4143 culpa
1412 4084 1451 4128 eat
1475 4077 1546 4141 quod

184 4168 212 4217 11
231 4165 264 4219 26
284 4178 293 4214 1
312 4168 359 4218 snb
379 4169 496 4217 lemmate
516 4160 678 4221 Ποσειδώνιος
697 4164 741 4215 καί
759 4163 782 4214 ol
800 4162 909 4216 πλεῖστοι
927 4169 980 4215 τῶν
999 4158 1121 4215 Στωικῶν
1141 4167 1230 4229 opinio
1249 4167 1353 4215 minlme
1367 4165 1546 4215 Posidoniana

183 4253 227 4316 [cf.
247 4257 334 4306 Hinel
354 4255 499 4305 untersuch.
519 4269 540 4303 z.
561 4253 615 4303 Cic.
632 4255 646 4302 Ι
668 4249 746 4316 193²]
765 4262 879 4319 apparet.

253 4341 263 4371 ²
282 4359 342 4392 narn
361 4341 557 4391 Teiclrmuelleri
576 4349 602 4390 et
620 4341 713 4391 Zellori
733 4341 918 4391 dubitationem
937 4356 990 4389 non
1009 4342 1139 4405 intellego.
1167 4342 1291 4404 quidum
1304 4342 1438 4407 Hippolyti
1456 4341 1545 4390 lectio·

181 4446 241 4480 nem
253 4431 266 4480 I
280 4431 321 4482 er
338 4428 381 4481 τὸν
393 4425 487 4480 κίικλον
499 4430 544 4478 τοῦ
556 4425 628 4497 ἡλίου
641 4425 956 4480 ίπτακαιεικοσαπλασίονα
973 4428 1018 4493 τῆς
1038 4424 1142 4495 σελήνης
1160 4437 1246 4479 tuetur
1264 4427 1295 4478 1⁴
1314 4427 1365 4480 207
1385 4429 1461 4479 diclt:
1477 4427 1547 4479 daea

180 4516 223 4567 die
244 4516 351 4569 letales-e
373 4516 592 4581 [Sonneabctn]
615 4515 682 4567 δίοσε
705 4514 802 4567 28αιαί
824 4531 946 4581 coprem
968 4514 1027 4564 ocia
1054 4513 1128 4565 sollte
1156 4513 1198 4564 cla
1221 4515 1265 4566 dic
1290 4512 1545 4575 Soanaaachcide.

181 4604 364 4657 wideratreitet
383 4606 441 4657 darn
460 4603 642 4671 commotam
660 4619 693 4654 aa
711 4603 874 4670 συῙῙοίίενιά,
900 4604 940 4653 alr
959 4602 1023 4652 daca
1043 4601 1092 4651 wir
1111 4602 1314 4653 Anaximander
1333 4601 1404 4652 dicae
1428 4600 1545 4654 Varated-

180 4691 244 4758 ίιινιρ
268 4704 394 4744 σαίνουσα
414 4694 541 4744 ίεοααπαα.
569 4702 597 4743 at
618 4695 679 4742 solia
704 4692 773 4741 orbis
797 4708 849 4742 non
876 4700 986 4756 quantus
1009 4701 1133 4756 appareat
1156 4692 1202 4741 sed
1235 4699 1344 4754 quantus
1370 4706 1397 4741 re
1426 4704 1489 4740 vera
1510 4692 1544 4739 sit

180 4780 309 4839 (nimirum
335 4790 418 4832 terrae
446 4782 569 4830 ambitum
595 4779 698 4841 aequat)
726 4780 923 4843 intellegendus.
961 4794 1022 4841 ergo
1045 4782 1066 4827 si
1090 4778 1240 4829 offendisset
1264 4779 1328 4829 illud
1351 4777 1543 4843 philosophum,

181 4893 212 4902 μ
229 4869 299 4930 quod
314 4885 366 4919 non
381 4880 436 4919 erat
448 4885 493 4918 cur
504 4870 600 4917 iaceret
615 4893 644 4902 —
661 4875 750 4924 ιπιυου,
765 4867 855 4916 eadem
869 4866 978 4916 offensio
997 4869 1022 4915 ἰιι
1042 4867 1118 4916 lunae
1141 4868 1226 4917 orbita
1239 4867 1339 4916 Zellero
1358 4866 1541 4928 adgnosceuda

180 4964 241 5005 erat.
270 4972 335 5018 quae
355 4957 502 5006 undecieies
522 4961 622 5003 tautum
641 4956 703 5004 eolis
723 4955 812 5005 orbem
831 4956 902 5013 (nam
921 4962 990 5003 terra
1008 4953 1088 5003 solem
1108 4954 1213 5018 aequet)
1232 4963 1343 5018 superat.
