3442 5588
652 344 929 397 ruouneounss
1408 345 1470 411 153

107 533 173 598 qne
193 512 344 580 doctriua
364 529 387 576 s
406 508 534 579 diverso
557 511 714 596 scriptore
734 510 879 595 profecta
901 512 942 577 sit
964 513 1119 596 putanda.
1153 510 1204 601 [cf.
1219 512 1371 580 Bahnsch
1392 515 1413 581 l.
1429 511 1470 603 c]

106 636 215 700 neque
236 615 332 682 aliter
351 612 421 681 fere
441 613 574 681 Diocles
599 612 691 680 citari
712 614 796 680 solet
821 612 885 678 nisi
906 633 977 679 cum
1004 614 1112 699 priore
1138 615 1330 699 compendio
1356 615 1469 683 relicto

106 718 152 785 ad
182 719 321 784 alterurn
351 737 388 784 se
418 716 578 784 convertit
605 715 831 800 compilator.¹
875 722 973 800 atque
998 714 1140 782 futurum
1168 736 1242 784 esse
1269 735 1410 800 auguror
1435 725 1471 784 ut

108 822 247 890 Diocles
266 820 394 887 ratione
410 839 452 886 ac
471 818 647 904 praecipue
665 817 859 902 disponendi
879 838 970 885 more
984 826 1155 904 perspecto
1170 818 1337 902 aliquanto
1352 820 1472 887 cenius

108 924 189 1009 qnid
204 924 370 1007 Diogenes
390 921 518 988 furatus
539 921 581 987 sit
602 920 826 1006 perspiciatur.
859 920 1036 987 modestior
1057 941 1138 988 sane
1157 921 1218 990 erit
1232 921 1290 987 illa
1304 922 1470 1007 scrutatio,

107 1028 169 1095 sed
190 1027 303 1110 utique
323 1024 516 1092 fructuosior
539 1044 635 1109 quam
656 1024 749 1090 istius
769 1027 916 1107 speciosa
937 1026 1099 1091 moreau

196 1129 264 1196 Sed
284 1128 483 1195 dimittamus
504 1126 729 1212 Nietscheum,
756 1133 792 1193 ut
814 1127 929 1193 eodem
950 1126 1007 1193 illo
1035 1128 1106 1193 loco
1134 1133 1261 1194 utamur
1286 1127 1330 1193 ad
1356 1126 1472 1193 mirum

108 1231 275 1314 quoddam
295 1231 477 1297 institutum
498 1229 654 1311 Diogenis
675 1229 911 1296 illustrandum.
946 1229 1077 1296 omuino
1099 1229 1183 1296 enim
1207 1230 1362 1314 dogmata
1383 1229 1474 1314 prius

109 1335 323 1420 κεφαλαιωδῶς
344 1341 412 1398 tum
433 1332 508 1396 κατὰ
531 1332 618 1417 μίρος
641 1330 804 1415 explicare
826 1331 920 1397 solet.
952 1351 1047 1414 quem
1063 1352 1185 1398 morem
1199 1330 1339 1398 affirmat
1354 1332 1416 1398 VH
1430 1331 1473 1400 38

108 1438 148 1502 τὰ
168 1438 204 1502 δδ
225 1436 356 1520 δόγματα
377 1440 481 1506 κοινῶς
500 1434 560 1499 ἐστι
582 1437 661 1498 τάδε.
683 1435 819 1521 λελέχθω
842 1431 863 1498 δ’
891 1432 939 1497 ἐπὶ
960 1435 1127 1519 κεφαλαίων
1154 1435 1252 1519 ὥσπαρ
1274 1435 1323 1499 καὶ
1345 1434 1472 1500 ἐπὶτῶν

107 1539 210 1603 ἄλλων
231 1542 323 1603 ποιεῖν
343 1538 503 1622 ἀόθαμεν.
537 1543 571 1603 et
592 1542 700 1603 emtat
720 1535 880 1604 eiusmodi
901 1534 936 1601 in
958 1535 1067 1602 multis
1093 1535 1168 1603 vitis
1190 1536 1344 1621 bipartita
1364 1536 1474 1605 decre

109 1650 219 1707 torum
233 1639 404 1726 expositio,
420 1639 479 1706 sed
492 1658 698 1723 nequaquam
713 1645 907 1705 constanter.
942 1639 1040 1706 immo
1055 1639 1159 1704 11147
1175 1645 1330 1721 tanquam
1345 1638 1472 1707 veniam

109 1743 195 1828 petit
221 1742 400 1827 singularia
426 1742 595 1809 omisurus.
645 1741 730 1807 hanc
754 1739 852 1823 igitur
883 1741 963 1806 satis
992 1740 1107 1807 miram
1141 1741 1405 1809 consuetudinem
1433 1762 1474 1809 ex

109 1844 250 1913 fontium
266 1844 456 1911 diremitate
471 1843 698 1929 explicandam
713 1862 786 1910 esse
800 1840 870 1909 fere
884 1843 1098 1910 consentiunt
1131 1842 1302 1910 videamus
1315 1851 1474 1927 quatenus
1570 1884 1574 1891 ·

110 1956 226 2016 nostra
247 1947 395 2030 quaestio
416 1947 491 2013 huic
513 1946 717 2014 coniecturae
738 1943 858 2013 faveat.

199 2051 250 2117 lix
264 2048 582 2134 rlheophrusteorum
604 2049 780 2116 electorum
800 2052 919 2112 natura
940 2047 1035 2115 binas
1054 2049 1242 2132 dogmatum
1257 2047 1475 2132 dignoscimus

110 2151 337 2218 collectiones:
358 2152 496 2218 alteram
517 2152 561 2219 ad
583 2149 758 2218 summaria
779 2149 938 2215 adscitam
961 2170 1033 2217 cum
1054 2151 1130 2218 vitis
1153 2151 1256 2217 artius
1270 2149 1475 2217 coniunctam

110 2253 297 2322 breviorem
311 2252 552 2337 confusaneam,
567 2253 704 2319 alteram
718 2250 933 2335 limpidiorem
950 2252 1163 2336 copiosiorem
1178 2250 1322 2338 physicis
1335 2251 1476 2321 decretis

110 2361 310 2422 contentam
354 2355 489 2438 utquid
514 2353 642 2422 intersit
666 2353 769 2438 probe
796 2352 983 2438 intellegas,
1009 2374 1128 2437 ponam
1158 2353 1332 2422 Heraclitei
1359 2353 1475 2439 capitis

111 2455 256 2542 priorem
278 2463 404 2542 partem

199 2560 283 2627 lxi
317 2560 411 2626 λδόκιι
433 2560 467 2625 cl
489 2559 570 2645 αύτῷ
593 2560 760 2628 καθολικῶς
782 2558 835 2641 μὲν
855 2559 934 2622 τάδε.
968 2557 1002 2622 ἐκ
1024 2558 1114 2641 πυρδς
1134 2559 1171 2625 tl
1192 2561 1286 2624 πάντα
1307 2562 1476 2625 συνεστάναι

111 2664 163 2727 καὶ
185 2663 228 2733 sl<
249 2667 335 2727 τοῦτο
357 2661 544 2729 ἀναλύεσθαι.
570 2663 664 2726 πάντα
684 2685 716 2726 τα
737 2660 866 2744 γίνεσθαι
881 2657 946 2724 καθ’
967 2660 1143 2744 εἱμαρμένην
1158 2662 1205 2726 καὶ
1224 2663 1271 2726 διά
1285 2666 1338 2747 τῆς
1353 2662 1476 2728 ἐναντιο-

111 2769 225 2850 τροπῆς
247 2764 396 2850 ἡρμόσθαι
414 2765 452 2831 τὰ
473 2763 552 2830 ὄντα.
586 2766 634 2829 καλ
656 2765 750 2829 πάντα
771 2767 876 2850 ψυχῶν
897 2760 970 2827 eloco
998 2763 1046 2826 καὶ
1069 2762 1214 2844 δαιμόνων
1236 2767 1343 2850 πλήρη.
1377 2762 1476 2849 εἴρηκε

111 2869 147 2932 cl
170 2868 219 2932 καὶ
240 2868 306 2952 περὶ
327 2871 387 2932 τῶν
409 2867 440 2932 ἐν
461 2872 505 2952 τῷ
528 2866 631 2952 κόσμῳ
654 2866 867 2949 συνισταμένων
890 2860 1028 2950 [πάντων]
1049 2863 1156 2928 παθῶν
1175 2864 1219 2930 ὅτι
1238 2889 1270 2930 τα
1286 2868 1302 2931 ό
1317 2866 1400 2952 ἥλιός
1414 2865 1475 2930 ἐστι

110 2972 146 3034 τδ
163 2969 289 3054 psl-fallor
310 2971 378 3040 ὅσος
398 2969 539 3056 φαίνεται.
573 2970 649 3054 λέγω
673 2970 706 3034 δὲ
727 2971 792 3032 καί·
815 2970 913 3052 ψυχῆς
932 2965 1055 3050 πείρατα
1076 2966 1130 3030 οὐκ
1152 2966 1187 3030 ἀν
1210 2966 1318 3052 ἐξεύροι
1341 2970 1358 3033 ό
1379 2972 1475 3033 πᾶσαν

111 3071 360 3157 ἐπιποραιόμινος
381 3072 459 3150 όδόν,
480 3072 559 3137 ούτω
581 3073 674 3158 βαθύν
696 3071 780 3154 λόγον
803 3068 878 3157 ἔχει.
899 3070 952 3153 τήν
976 3091 1009 3132 ra
1029 3066 1123 3153 οἴησιν
1139 3069 1218 3153 ἱερὰν
1233 3070 1317 3134 νόσον
1332 3067 1414 3153 ilaue
1427 3070 1476 3135 καλ

109 3176 169 3260 τὴν
184 3174 286 3259 όρασιν
307 3173 475 3260 ψεύδεσθαι.
498 3177 639 3258 λαμπρῶς
653 3196 685 3237 τε
699 3173 791 3238 ἐνίοτε
813 3172 843 3237 ἐν
864 3177 907 3257 τῷ
931 3173 1130 3256 συγγράμματι
1152 3172 1200 3235 καὶ
1219 3177 1321 3257 σαφῶς
1343 3173 1477 3259 lapella

111 3278 194 3342 ὥστε
216 3278 265 3342 καλ
285 3278 336 3341 τδν
356 3277 539 3343 νωθέστατον
562 3274 670 3362 ῥαδίως
691 3280 797 3359 γνῶναι
818 3274 867 3339 καὶ
883 3274 990 3358 δίαρμα
1005 3279 1103 3359 ψυχῆς
1118 3275 1226 3359 λαβεῖν.
1248 3275 1316 3359 ἥτε
1331 3274 1479 3360 βραχύτης

111 3378 168 3443 καί
190 3379 227 3442 τδ
249 3379 337 3464 βάρος
357 3384 410 3464 τῆς
431 3378 583 3465 ἑρμηνείας
605 3379 785 3464 ἀσύγκριτον.

203 3478 304 3547 Vides
325 3480 503 3548 miscellam
528 3479 803 3564 compositionem.
848 3478 957 3564 priora
983 3497 1085 3560 usque
1112 3477 1155 3544 ad
1179 3479 1310 3563 φαίνεται
1343 3479 1480 3565 physica

111 3579 280 3664 quaedam
293 3581 441 3649 delibata
452 3581 639 3668 praemittit,
658 3602 743 3666 qnae
758 3602 830 3647 eum
845 3578 998 3666 specialis
1012 3579 1116 3662 partis
1130 3579 1257 3647 ratione
1272 3582 1479 3648 concordant

112 3689 186 3749 tum
213 3689 365 3750 secuntur
390 3682 525 3767 pulchre
551 3683 638 3750 dicta
660 3704 701 3752 ex
723 3682 879 3751 Heracliti
901 3680 984 3749 libro
1007 3681 1129 3765 electa,
1152 3681 1292 3766 denique
1313 3684 1386 3751 laus
1407 3682 1482 3748 scri·

112 3784 232 3868 pteris.
276 3785 399 3853 talias
420 3785 600 3870 biographo
622 3785 784 3853 mirabilia
806 3782 965 3868 quaedam
989 3789 1022 3849 et
1042 3783 1183 3867 iusignia
1204 3791 1388 3871 aucupante
1410 3803 1483 3868 pro

113 3885 217 3954 fidaei
239 3887 356 3955 solent.
398 3895 520 3972 quanto
542 3888 665 3956 distant
685 3886 841 3972 specialia
862 3884 940 3951 inde
961 3904 982 3950 a
1003 3886 1060 3970 §8
1080 3885 1124 3952 ad
1146 3887 1166 3970 θ
1183 3888 1222 3952 11
1246 3888 1294 3953 καλ
1315 3892 1407 3952 ταῦτα
1429 3886 1483 3970 μὲν

112 3988 154 4075 ἦν
183 3989 266 4076 αὐτῷ
293 3990 331 4057 αλ
359 3991 514 4057 δοκοῦνταῐ
553 3996 675 4073 quanta
706 3995 757 4055 est
788 4007 897 4054 rernm
927 3987 1086 4073 μιανίιιω,
1117 3987 1239 4057 ordinis
1271 3988 1484 4073 concinnitas,

114 4090 228 4157 iudicii
254 4091 425 4175 sagacitas
470 4112 531 4159 nec
557 4091 625 4158 fieri
655 4096 763 4178 potest
791 4089 870 4173 quin
900 4089 987 4156 illico
1019 4089 1237 4175 Theophrasti
1266 4090 1359 4175 qnasi
1387 4110 1484 4174 quen·

115 4193 195 4260 darn
218 4211 370 4278 saporem
392 4195 525 4263 sentias.
548 4193 559 4226 ²
602 4192 831 4279 adgnoscimus
854 4192 992 4259 eandem
1015 4192 1156 4278 capitum
1179 4193 1297 4260 seriem
1327 4211 1424 4278 quam
1450 4192 1486 4258 iu

191 4398 198 4431 ¹
217 4402 304 4450 locum
327 4403 506 4465 gravissimum
529 4400 597 4450 hune
621 4402 766 4452 adscribam
785 4401 825 4451 VI
845 4397 877 4452 ll
903 4397 1037 4468 ἀναηράριι
1059 4394 1079 4449 δ’
1106 4395 1185 4452 uhrah
1209 4399 1253 4452 καλ
1275 4395 1385 4468 Διοκλῆς
1407 4396 1487 4451 ταυτί.

116 4489 252 4555 praecedit
276 4488 439 4541 Antisthenis
462 4489 613 4552 dogmatum
635 4490 717 4540 altera
739 4488 868 4539 collectio.
897 4502 960 4552 ergo
989 4489 1011 4537 ai
1029 4487 1197 4538 Niecschenrn
1214 4490 1357 4552 sequimur,
1375 4488 1487 4539 soelbere

115 4577 233 4626 debehat
254 4576 374 4626 Laertius
397 4572 531 4643 ἀναγράφω
553 4568 577 4623 δ’
598 4568 677 4625 uhrah
699 4572 743 4626 καλ
760 4571 833 4625 ταυτί
850 4569 967 4643 Διοκλῆς.
1004 4575 1051 4624 sed
1072 4583 1140 4625 recta
1163 4577 1303 4640 explicavit
1324 4574 1488 4628 Bshnsehiua

114 4661 200 4729 pu.
227 4665 337 4715 οιιιίυο
360 4663 393 4715 ah
417 4663 543 4713 hocloco
566 4663 651 4712 acrius
679 4661 849 4726 ponderando
872 4661 1001 4726 proticisci
1021 4660 1098 4712 iubeo
1117 4677 1190 4725 eum,
1213 4665 1260 4726 qut
1282 4662 1315 4713 ds
1338 4662 1433 4713 Diocle
1456 4662 1489 4712 sit

115 4752 272 4815 scn'ptum.

190 4832 202 4867 ²
221 4838 397 4902 iutegritatem
416 4844 444 4887 ut
461 4838 558 4889 sautu
577 4834 658 4886 affero
679 4835 881 4886 vicissitudinem
897 4838 976 4887 tornis
988 4837 1121 4887 elementis
1134 4836 1194 4898 igne
1212 4848 1282 4899 aqna
1300 4843 1369 4887 terra
1387 4830 1490 4898 confici,

114 4939 197 4990 quan
218 4924 304 4979 Stoici
326 4939 467 4988 eorumque
490 4924 603 4975 mehe
626 4931 718 4987 quarto
741 4937 801 4972 aera
825 4937 920 4987 augere
938 4923 1030 4973 solent.
1057 4924 1088 4972 cs.
1107 4922 1192 4972 Zeller
1209 4917 1238 4973 1⁴
1258 4919 1335 4986 615⁴,
1355 4924 1399 4987 qui
1416 4928 1486 4973 reete

1214 5004 1287 5069 11*
