3442 5588
281 308 345 374 556
617 314 813 365 HIPPOLYTI
833 313 1197 367 PHILOSOPHUMENON
1220 311 1321 364 28-10

336 486 430 552 νατῶς
461 486 527 569 περὶ
561 485 674 567 ἄστρων
707 484 755 546 καὶ
787 484 903 568 φύσεως
932 486 1173 570 φιλοσοφήσωσι,
1217 485 1364 570 καθαροὺς
1396 487 1494 570 κρίνας
1531 485 1599 550 τότε

288 594 305 645 4
338 586 448 649 κελεύει
470 585 660 672 φθέγγεσθαι.
821 586 905 656 οὗτος
929 589 996 658 τούς
1022 587 1157 670 μαθητάς
1179 589 1268 652 διεῖλε
1288 591 1337 653 καὶ
1358 591 1425 659 τοδς
1447 589 1501 672 μὲν
1523 588 1597 652 ben

334 689 472 771 τερικούς,
490 690 557 759 τοδς
569 689 602 752 δὲ
617 688 803 773 έξοκτερικοδς
814 690 960 754 έκαλεσεν.
993 694 1053 760 τοῖς
1068 690 1121 772 μὶν
1136 688 1191 774 γὰρ
1205 689 1241 753 τὰ
1255 693 1416 776 τελεώτερα
1432 691 1598 776 μαθήματα

289 798 306 851 5
334 789 476 867 ἐπίστευε,
497 796 558 862 τοῖς
581 792 672 855 δὲτὰ
695 794 883 877 μετριώτερα.
1011 792 1145 876 ἐφήψατο
1166 793 1199 855 δὲ
1222 794 1270 857 καὶ
1295 799 1428 878 μαγικῆς,
1451 794 1492 864 ῶς
1513 814 1598 878 φασι,

332 892 380 955 καί
407 894 675 978 φυσιογνωμονικὴν
708 894 796 965 αύτδς
824 894 945 980 ἐξεῦρεν.
980 893 1122 978 ἀριθμούς
1146 918 1179 957 τε
1211 897 1260 959 καὶ
1289 897 1380 980 μέτρα
1411 896 1627 979 ύπυθέμενοςι

334 993 430 1078 ἔλεγεν
452 998 505 1082 τὴν
528 997 624 1083 ἀρχὴν
645 1001 699 1081 τῆς
721 997 916 1082 ἀριθμητικῆς
930 997 982 1080 τὴν
1003 997 1176 1082 φιλοσοφίαν
1201 999 1276 1061 κατὰ
1296 997 1428 1061 σύνθεσιν
1448 998 1597 1084 περιέχειν

329 1098 412 1162 τόνδε
434 1100 483 1162 τδν
505 1100 620 1184 τρόπον.

290 1210 306 1263 6
404 1199 542 1285 Ἀριθμὸς
557 1204 655 1288 γέγονε
669 1211 785 1289 πρῶτος
800 1206 892 1290 ἀρχή,
907 1204 979 1288 ὅπερ
993 1201 1070 1267 ἐστὶν
1089 1203 1221 1288 ἀόριστον
1240 1202 1455 1286 ἀκατάληπτον,
1470 1201 1551 1290 έχων
1566 1203 1599 1267 έν

329 1304 425 1389 έσυτῷ
463 1308 571 1376 πάντας
606 1308 673 1377 τοὺς
702 1307 748 1370 ἐπ’
784 1307 901 1392 ἄπειρον
933 1305 1108 1388 δυναμένους
1140 1305 1236 1369 ἐλθεῖν
1270 1305 1413 1390 ἀριθμούς
1441 1306 1518 1370 κατὰ
1545 1308 1581 1370 τδ

328 1406 454 1490 πλῆθος.
497 1412 556 1472 τῶν
583 1410 616 1472 δὲ
645 1409 780 1495 ἀριθμῶν
806 1410 886 1494 ἀρχὴ
910 1409 1011 1494 γέγονε
1039 1406 1108 1472 καθ’
1134 1409 1290 1473 ὑπόστασιν
1318 1410 1466 1493 ἡπρώτη
1492 1410 1595 1492 μονάς,
1613 1430 1636 1468 ιο

331 1509 394 1592 ἥτις
422 1509 483 1572 ἐστὶ
515 1511 603 1594 μονάς
628 1511 720 1596 ἄρσην
746 1516 875 1595 γεννῶσα
901 1515 1047 1596 πατρικῶς
1074 1512 1181 1580 πάντας
1212 1512 1279 1580 τοὺς
1307 1510 1411 1580 ἀλλους
1440 1511 1596 1595 ἀριθμούς.

330 1611 461 1695 δεύτερον
490 1615 510 1697 ἡ
538 1614 607 1684 δυάς
634 1617 722 1699 δηλυς
745 1612 885 1698 ἀριθμός,
908 1616 924 1678 ό
946 1615 980 1678 δὲ
1002 1615 1088 1684 αύτυς
1109 1615 1158 1677 καὶ
1180 1611 1277 1698 ἄρτιος
1303 1614 1359 1677 ύπδ
1384 1617 1443 1676 τῶν
1470 1612 1597 1697 ἀριθμη

299 1720 422 1777 Ίτικῶν
445 1717 585 1779 καλεῖται.
743 1717 836 1800 τρίτον
859 1719 878 1800 ἡ
901 1716 981 1801 τριάς
1002 1716 1128 1800 ἀριθμὸς
1149 1700 1256 1800 ἀρ’σην,
1282 1713 1366 1785 οὖτος
1387 1715 1436 1779 καὶ
1458 1717 1595 1800 περισσὸς

331 1816 388 1879 ύπδ
415 1821 474 1880 τῶν
505 1817 705 1901 ἀριθμητικῶν
733 1818 957 1904 νενομοθέτηται
983 1818 1147 1882 καλεῖσθαι.
1194 1816 1242 1880 ἐπὶ
1268 1821 1338 1881 πᾶσι
1371 1819 1404 1881 δὲ
1436 1819 1549 1889 τούτοις
1576 1821 1596 1903 ἡ
1711 1824 1713 1836 “

329 1917 429 2003 τετράς
459 1919 551 2004 θῆλυς
577 1920 717 2003 ἀριθμός,
751 1923 767 1985 ό
789 1921 822 1985 δὲ
844 1921 933 1991 αύτδς
959 1921 1008 1984 καλ
1036 1919 1131 2005 ἀρτιος
1153 1922 1293 1999 καλεῖται,
1317 1920 1360 1984 ότι
1383 1920 1476 2005 θῆλύς
1498 1921 1587 1986 ἐστιν.
1604 1941 1629 1980 rs

299 2028 316 2083 8
420 2022 568 2147 χεηόνασιν
590 2021 642 2087 σύν
664 2025 692 2086 οἱ
714 2024 818 2094 πάντες
839 2023 959 2108 ἀριθμοὶ
981 2022 1143 2108 ληφθέντες
1158 2022 1217 2086 ἀπδ
1232 2021 1331 2107 γένους
1346 2023 1484 2108 τέσσαρες
1499 2022 1594 2108 (ἀριθ

329 2121 441 2205 μδςδ’
480 2125 517 2210 ἦν
556 2126 702 2210 τὸγένος
733 2124 895 2211 ἀύ,ριστος)
933 2123 986 2210 ἀφ’
1026 2126 1067 2188 ῶν
1100 2128 1116 2189 ύ
1148 2126 1256 2196 τέλειος
1287 2124 1386 2196 αὐτοῖς
1419 2126 1592 2210 συνέστηκεν

328 2226 453 2309 ἀριθμὸς
475 2228 495 2311 ἡ
519 2230 614 2298 δεκάς.
658 2229 691 2291 τδ
713 2228 767 2312 γὰρ
790 2228 863 2292 ἓν
849 2229 940 2292 υύοτ
923 2228 989 2312 τρία
1009 2228 1136 2313 τέσσαρα
1155 2229 1262 2311 γίνεται
1288 2228 1369 2305 δέκα,
1396 2227 1447 2291 έάν
1475 2229 1591 2312 έκάστιρ

296 2336 312 2389 9
334 2333 393 2390 τῶν
416 2330 552 2412 ἀριθμῶν
567 2331 748 2414 φυλάσσηται
763 2329 826 2396 κατ’
853 2329 953 2396 οὐσίαν
968 2330 1002 2393 τδ
1018 2329 1124 2395 οίκεῖον
1139 2330 1242 2415 ὄνομα.
1381 2330 1488 2414 ταύτην
1505 2333 1522 2395 ύ
1538 2330 1594 2395 ile

330 2429 490 2515 θαγόρας
520 2431 578 2517 ἔφη
605 2432 683 2517 ἱερὰν
710 2436 864 2520 τετρακτύν
881 2434 992 2518 (πηγὴν
1014 2433 1120 2498 ἀενάου
1141 2434 1257 2519 φύσεως
1279 2435 1430 2519 ῥιζώματα
1456 2430 1589 2519 ἔχουσαν’
1613 2451 1638 2492 εν

328 2533 358 2597 έν
379 2519 473 2617 έαυτῇ
494 2536 542 2598 καὶ
565 2534 599 2598 ἐκ
619 2536 722 2599 τούτου
744 2541 796 2600 τού
817 2538 944 2622 ἀριθμοῦ
967 2538 1074 2607 πάντας
1085 2534 1164 2623 ἔχειν
1179 2537 1247 2606 τούς
1258 2536 1401 2620 ἀριθμοὺς
1415 2536 1468 2619 τὴν
1484 2536 1591 2620 ἀρχήν.

329 2637 345 2700 ύ
368 2637 423 2721 γὰρ
446 2638 549 2701 ἕνδεκα
570 2638 619 2700 καὶ
642 2640 659 2702 ὁ
681 2639 797 2702 δώδεκα
818 2641 867 2703 καὶ
889 2642 917 2704 οἱ
938 2641 1034 2704 λοιποὶ
1054 2641 1106 2724 τἠν
1128 2639 1223 2725 ἀρχὴν
1242 2642 1293 2702 τοῦ
1310 2636 1382 2702 εἶναι
1399 2639 1433 2702 ἐκ
1448 2642 1499 2702 τοῦ
1521 2637 1593 2702 δέκα

329 2739 495 2824 μετέχουσι.
532 2740 637 2823 ταύτης
657 2745 709 2824 τῆς
729 2743 860 2819 δεκάδος,
888 2748 940 2807 τοῦ
963 2745 1074 2808 τελείου
1099 2742 1237 2826 ἀριθμοῦ,
1260 2741 1296 2804 τὰ
1316 2740 1443 2826 τέσσαρα
1462 2744 1593 2805 καλεῖται

290 2849 321 2902 10
339 2841 413 2925 μέρη
431 2842 555 2926 ἀριθμός
574 2843 664 2924 μονάς
682 2843 801 2926 δύναμις
823 2846 921 2932 κύβος.
1048 2847 1089 2909 ὧν
1112 2845 1159 2907 καί
1174 2844 1327 2907 έπιπλοκαὶ
1346 2843 1394 2906 καλ
1416 2842 1506 2926 μίξεις
1521 2845 1595 2927 πρὸς

326 2943 435 3026 γένεσιν
461 2944 611 3029 αὐξήσεως
636 2946 758 3027 γίνονται
795 2949 869 3012 κατά
896 2949 981 3034 φύσιν
1007 2950 1056 3011 τδν
1084 2949 1200 3031 γόνιμον
1227 2947 1352 3032 ἀριθμὸν
1379 2947 1588 3012 ἀποτελοῦσαι·
1608 2967 1633 3005 ss

327 3047 396 3111 όταν
422 3046 476 3130 γὰρ
504 3046 624 3128 δύναμις
651 3048 726 3133 αὐτὴ
753 3047 800 3134 ἐφ’
832 3052 938 3135 ἑαυτὴν
965 3051 1110 3136 κυβισθῆ,
1132 3050 1231 3133 γέγονε
1250 3049 1493 3132 δυναμυδύναμις·
1523 3051 1593 3114 όταν

275 3256 361 3312 broi<
378 3254 424 3320 μὲν
439 3252 485 3322 ηάρ
504 3255 539 3304 Bt
558 3258 609 3311 τοῖς
627 3252 931 3324 δ10115φυσιοηνωμο·
983 3261 1022 3310 H:
1041 3257 1153 3327 ἀόριστον
1171 3259 1229 3308 libri
1250 3255 1263 3322 11
1285 3257 1318 3308 18
1336 3254 1349 3308 δ
1367 3255 1448 3326 τρίτος
1466 3258 1489 3309 Β
1508 3254 1522 3323 11
1545 3259 1578 3311 19
1596 3275 1640 3327 φυ-

276 3341 348 3411 νιιιὴν
365 3343 403 3393 B:
422 3341 598 3412 φυσιογονικην
615 3345 636 3396 C
660 3348 691 3396 ei.
716 3347 819 3414 Hesper
840 3366 864 3414 ρ.
880 3348 929 3402 521
982 3344 1104 3416 λάσσηται
1121 3346 1167 3397 ΒΤ
1185 3346 1267 3396 υ1.Ηι
1287 3342 1472 3413 φυλάσσεταιῦ
1488 3343 1501 3411 11
1515 3343 1596 3413 ὄνομα
1613 3345 1641 3399 τὸ

276 3432 307 3481 de
327 3431 562 3496 physiognomonie
572 3433 797 3498 Pythagoreorum
817 3437 930 3487 bibisse
985 3432 1076 3485 υ1κτῖον
1093 3435 1118 3484 H
1137 3432 1151 3500 11
1171 3437 1233 3485 inb
1256 3435 1384 3499 adscripta
1403 3443 1443 3485 est
1461 3436 1641 3500 paraphrasin

276 3518 377 3569 Aneed.
396 3534 434 3582 gr.
456 3519 469 3567 1
491 3516 525 3569 ’12
550 3516 564 3585 11
594 3516 668 3577 αὐτὸς
690 3522 804 3572 mutabat
827 3524 931 3588 Roeper
982 3519 1022 3573 διὰ
1039 3522 1114 3572 τούτο
1137 3519 1183 3588 ηάρ
1202 3519 1246 3570 καὶ
1264 3517 1338 3577 δεκὰς
1357 3517 1452 3587 εἴρηται
1471 3519 1546 3573 οἱονεὶ
1563 3520 1639 3591 δοχάς

274 3609 374 3673 πρῶτος
384 3608 523 3658 coniciens.
542 3611 643 3673 πρῶτος
655 3604 729 3665 αὐτύς
740 3609 931 3674 Gottingenses.
981 3607 998 3678 ἡ
1017 3607 1139 3677 δεχομένη
1158 3608 1239 3658 πάντα
1257 3603 1375 3676 ἀριθμόν·
1395 3603 1457 3675 ὑπὲρ
1470 3608 1517 3677 γὰρ
1535 3609 1582 3678 την
1600 3607 1637 3662 δε-

275 3703 303 3744 st
325 3695 469 3760 Hippolyto
492 3695 556 3744 iliud
575 3698 706 3760 proprium
731 3697 816 3748 ei.42
840 3696 899 3749 242·
918 3695 931 3763 11
982 3693 1047 3747 κάδα
1066 3694 1147 3764 ίτερος
1166 3693 1213 3746 obre
1231 3693 1297 3746 ίστιν
1315 3690 1419 3764 ἀριθμὸς
1433 3691 1490 3746 ἀλλ’
1505 3694 1637 3748 ἀναδιπλο-

276 3776 396 3850 ἀριθμούς
407 3797 475 3838 τινας
487 3783 558 3832 libri:
577 3785 688 3834 correxit
701 3785 803 3836 Usener
823 3781 836 3850 11
857 3787 873 3839 6
891 3783 931 3836 λέ·
983 3782 1105 3843 σιάζονται
1123 3782 1146 3834 ei
1165 3778 1266 3852 ἀριθμοί
1286 3779 1299 3848 11
1320 3781 1355 3835 20
1367 3781 1508 3851 τετρακτύν
1521 3784 1543 3835 Β
1557 3779 1573 3850 11
1585 3784 1639 3836 ἀόν-

275 3885 327 3936 γυιν
340 3870 411 3920 libri:
430 3884 495 3918 corr.
510 3869 612 3919 Usener
626 3867 638 3936 11
654 3868 700 3938 τὴν
712 3880 772 3923 ants
785 3868 932 3939 φιλοσοφίαν
981 3887 1041 3922 ναον
1058 3867 1129 3940 φύσιν
1148 3872 1209 3934 (om.
1228 3869 1321 3938 πηγὴν)
1341 3872 1363 3922 Τ
1384 3866 1398 3937 11
1422 3868 1520 3938 φύσεως
1531 3873 1570 3922 Ηι
1594 3869 1639 3940 φύ-

274 3958 363 4008 rddidi
390 3974 423 4008 ex
441 3957 546 4022 Hippoi.
565 3957 604 4007 IV
617 3955 648 4008 51
675 3974 700 4022 p.
715 3956 765 4012 126
785 3959 865 4018 (iore,
889 3960 933 4009 ubi
985 3972 1047 4016 σιως
1066 3957 1101 4015 ῶς
1119 3960 1176 4009 iibri
1198 3955 1341 4027 1121τοδς
1364 3955 1454 4016 ἀλλους
1475 3957 1570 4016 πάντας
1588 3958 1639 4027 ἀρι·

275 4046 325 4095 boe
342 4053 419 4109 eaput
430 4046 523 4109 partim
535 4046 650 4095 iteratur.
669 4046 867 4111 discrepantiam
886 4047 931 4096 de·
983 4042 1098 4113 θμούςΗ
1119 4042 1133 4112 11
1153 4043 1167 4096 ό
1185 4056 1244 4112 post
1261 4045 1305 4096 καὶ
1324 4061 1375 4097 om.
1388 4048 1413 4097 H
1434 4044 1447 4111 11
1468 4043 1502 4096 22
1521 4043 1571 4097 ἀπό
1588 4051 1640 4098 τῶν

274 4135 348 4196 signo
367 4133 391 4182 H
412 4134 443 4182 ei.
462 4133 533 4182 Prol.
552 4129 643 4197 p.145
667 4130 681 4197 11
706 4129 852 4200 φιλοσοφίαν
870 4133 931 4184 HB:
983 4131 1044 4185 δέκα
1062 4130 1215 4201 λαμβάνουσι
1233 4134 1257 4183 Η
1284 4129 1297 4199 11
1322 4131 1356 4184 24
1379 4131 1442 4200 μέρη
1465 4149 1519 4184 non
1543 4135 1639 4185 methe-

274 4215 419 4288 φιλοσοφίας
440 4218 461 4269 C
487 4214 499 4285 11
526 4216 543 4268 8
570 4222 670 4286 πρῶτος
693 4236 744 4270 om.
773 4221 797 4271 H
824 4217 836 4286 11
861 4219 927 4289 ἀρχή
982 4224 1076 4272 mstico
1108 4237 1186 4272 sensu
1213 4221 1391 4285 accipiendum
1423 4236 1479 4270 esse
1507 4221 1549 4282 (cf.
1579 4225 1639 4274 Aet.

274 4315 300 4356 et
325 4307 384 4358 ν.9
407 4302 474 4355 κατά
501 4301 530 4355 τδ
548 4300 645 4372 πλῆθος
677 4309 833 4370 glossemate
860 4310 927 4359 iudi·
980 4308 1143 4372 Plae.13⁸)
1161 4317 1250 4360 monet
1266 4310 1379 4375 Hesper,
1402 4310 1445 4372 qui
1468 4319 1555 4360 cetere
1575 4326 1638 4374 quo·

274 4402 316 4443 est
337 4395 439 4445 Usener
462 4386 476 4456 11
501 4390 567 4443 ἐστὶν
589 4390 616 4442 1ν
639 4394 710 4443 libri:
735 4392 761 4444 iv
785 4397 872 4445 omisit
894 4396 928 4456 Η,
982 4413 1031 4462 qus
1054 4413 1106 4448 non
1130 4405 1248 4447 secante
1271 4398 1373 4447 reddite
1396 4411 1451 4446 esse
1474 4397 1639 4447 demonstret

274 4481 370 4530 delevit
386 4481 491 4545 Roener
510 4475 524 4547 11
544 4477 656 4548 ἀόριστον
674 4478 853 4548 ἀκατάληπτον
865 4483 928 4533 HB:
980 4487 1069 4549 ntique
1098 4484 1176 4551 μυνάς
1205 4479 1309 4552 ἀριθμός
1332 4479 1433 4550 δύναμις
1455 4479 1533 4550 κύβος
1560 4485 1639 4534 eniie-

273 4563 386 4634 ἀόριστος
409 4564 586 4637 ἀκατάληπτος
609 4568 630 4619 C
656 4565 670 4634 11
695 4567 728 4621 10
751 4564 867 4620 ίιπόθτσιν
891 4586 930 4635 pr.
983 4572 1094 4621 cendum
1117 4572 1165 4623 suit
1190 4581 1217 4623 et
1244 4573 1286 4622 hic
1313 4581 1339 4621 et
1361 4568 1573 4636 1ο1τεμ.557,3
1595 4572 1640 4622 sed

273 4649 330 4720 1111
353 4651 384 4704 12
402 4651 451 4705 ύπδ
468 4659 521 4706 τῶν
539 4651 654 4724 ἀριθμῶν
671 4658 694 4706 L
713 4652 727 4723 11
750 4656 781 4707 14
801 4653 931 4724 άριθμητι-
979 4658 1014 4710 εἰ.
1038 4660 1063 4710 H
1092 4656 1109 4727 11
1137 4657 1172 4717 ei<
1204 4656 1338 4711 έπιπλοιιαὶ
1363 4661 1387 4710 H
1412 4654 1425 4724 11
1450 4656 1484 4712 26
1506 4655 1573 4726 αὐτὴ
1600 4660 1639 4711 H:

274 4744 329 4791 κῶν
346 4743 385 4792 H:
409 4737 523 4810 ἀριθμῶν
540 4743 599 4793 libri
623 4739 637 4809 11
661 4739 854 4812 νενομυτίθηται
872 4746 930 4796 edd.
982 4741 1062 4813 αύτην
1080 4741 1337 4815 11δτ111κυβισθῇΒτ
1357 4743 1463 4815 κυβιστη
1483 4749 1563 4812 vulgo
1581 4755 1639 4798 snis

273 4838 333 4880 ente
354 4830 502 4894 Roeperum
525 4832 634 4881 sonasse
658 4831 784 4883 Gronovii
807 4847 894 4882 errore
915 4826 930 4898 ΙΙ
981 4833 1144 4899 Hoeperums
1168 4829 1345 4902 κυβισθήσεται
1364 4835 1388 4884 H

274 4912 315 4986 ἀφ’
337 4913 414 4967 ἀπασι
427 4919 451 4968 H
472 4912 486 4987 11
509 4917 540 4972 16
562 4913 610 4968 ἀπὸ
628 4920 673 4970 τοῦ
686 4920 711 4968 Η
732 4915 746 4986 11
768 4919 800 4971 17
819 4917 931 4987 ἀόριστος
