3464 5586
178 280 241 344 216
411 283 490 332 xvn
525 284 575 332 ns
595 280 843 336 varussonun
862 284 1101 336 rascruonun
1120 285 1301 339 nonninus

179 456 304 535 partem
327 450 539 535 posteriorem
562 449 726 517 adnexuit.
762 471 825 534 quo
848 451 963 518 reterri
985 452 1044 518 illa
1064 453 1154 518 nullo
1176 449 1273 516 modo
1295 459 1441 536 possunt.
1476 474 1538 520 nec

179 554 222 619 ad
243 553 352 637 priora
367 552 528 635 quadrant
542 559 702 637 accurate,
726 553 752 618 si
768 554 896 637 quidem
919 555 1057 639 quinta
1078 554 1274 621 essentia¹
1297 555 1340 620 ab
1354 555 1538 622 Aristotelis

180 655 326 721 oratione
348 654 511 720 abhorret.
546 673 623 736 ergo
646 655 673 719 si
697 655 740 720 ad
761 657 870 740 priora
892 657 1068 742 pertinent,
1091 654 1242 722 liberiore
1263 656 1360 722 modo
1383 658 1538 724 caelestia

181 757 246 820 illic
275 756 406 821 tractari
436 755 679 822 memineratis
709 758 763 841 qui
792 759 971 843 adscripsit.
1007 758 1066 824 sed
1093 756 1240 840 quisnam
1267 758 1381 824 scholii
1404 760 1538 825 auctor?

181 859 208 924 si
229 858 386 923 formulas
408 859 484 942 λέγει
507 863 574 941 γοῦν
596 862 689 931 οὕτως
712 861 742 925 ἐν
764 865 807 946 τῷ
824 858 940 945 Τιμαίῳ
963 867 995 927 et
1010 858 1132 926 similes
1146 859 1351 927 Stobaeanas
1372 881 1445 928 esse
1465 881 1540 927 con-

182 962 317 1027 cesseris
340 959 393 1044 [of.
416 980 515 1044 supra
536 982 567 1044 p.
585 963 654 1046 75],
686 963 728 1029 de
750 961 884 1028 Stohaei
905 962 1156 1047 interpolatione
1181 982 1247 1028 non
1269 962 1449 1048 dubitabis,
1479 963 1540 1029 etsi

181 1064 253 1148 ipsa
275 1063 440 1147 scriptoris
466 1061 567 1127 verba
589 1083 655 1128 non
687 1071 721 1130 ut
743 1064 809 1128 illic
831 1070 905 1147 post
927 1067 1019 1136 οὕτως
1041 1063 1154 1129 addita
1175 1071 1259 1128 sunt.
1303 1085 1388 1147 quae
1409 1064 1436 1130 si
1456 1063 1542 1130 forte

182 1165 341 1249 quispiam
364 1163 564 1230 intercidisse
586 1165 620 1229 in
643 1164 734 1231 libris
756 1172 862 1250 putet,
888 1165 976 1232 haud
998 1165 1173 1232 adsentior.
1217 1185 1293 1231 nam
1315 1166 1443 1249 gemino
1466 1168 1542 1234 lem-

182 1274 269 1333 mate
296 1269 360 1351 περὶ
383 1274 435 1351 τῆς
456 1273 579 1351 φυσικῆς
602 1270 771 1352 ἀκροάσεως
794 1270 842 1332 καὶ
865 1269 989 1353 οὐρανοῦ
1012 1268 1118 1352 [codd.
1142 1268 1251 1344 αὐτοῦ,
1278 1289 1345 1334 non
1365 1268 1476 1336 dubito
1499 1268 1542 1334 de

184 1370 349 1455 Spengelii
374 1368 616 1453 emendatione]
639 1392 705 1436 non
728 1372 755 1437 is
777 1373 824 1437 uti
847 1374 929 1438 solet
950 1373 1004 1456 qui
1026 1372 1163 1437 alterum
1180 1378 1254 1454 post
1275 1372 1413 1437 alterum
1435 1371 1543 1436 locum

183 1473 342 1537 allaturus
371 1477 430 1537 est.
475 1491 552 1554 ergo
585 1473 761 1540 Stohaeum
793 1475 889 1540 credo
923 1496 964 1541 ex
992 1473 1186 1539 scholastica
1222 1473 1378 1540 memoria
1403 1472 1544 1538 Abbiana

183 1575 284 1640 verba
306 1573 558 1658 amplificasse.²

270 1676 353 1741 Hinc
375 1677 418 1741 ad
440 1677 652 1745 difficiliorem
676 1679 898 1762 quaestionem
924 1680 1022 1743 ianua
1052 1684 1152 1763 patet.
1197 1678 1240 1743 ab
1266 1684 1338 1744 utro
1360 1677 1544 1743 Aristotelis

184 1777 370 1845 testimonia
385 1779 581 1863 decretaque
597 1780 785 1864 diligentem
803 1780 889 1845 illius
903 1781 1076 1846 lectionem
1090 1781 1262 1865 prodentia
1277 1779 1423 1865 profecta
1438 1779 1544 1845 credis

184 1882 226 1947 ab
255 1881 348 1945 Aetio
381 1900 425 1944 an
454 1888 654 1948 vetustorum
688 1883 884 1949 Placitorum
916 1883 1103 1948 conditore?
1147 1883 1297 1948 nimirum
1331 1884 1468 1966 explosa
1495 1888 1545 1947 est

186 1984 355 2049 Strabonis
382 2004 421 2049 ex
444 1984 529 2050 veris
555 1984 711 2070 falsisque
738 1986 818 2050 mire
846 1985 947 2049 mixta
977 1985 1018 2050 de
1046 1984 1179 2069 Scepsio
1211 1985 1362 2071 hypogeo
1391 1984 1545 2068 narratio,

186 2106 281 2170 quam
309 2086 501 2152 Plutarchus
530 2085 698 2175 [8111126]
729 2096 858 2154 secutus
884 2087 931 2152 eis
958 2107 1042 2169 quae
1065 2087 1106 2153 de
1128 2087 1313 2153 Andronico
1334 2086 1434 2153 fando
1457 2087 1547 2153 audi-

186 2196 278 2253 verat
302 2189 391 2254 haud
413 2189 491 2254 scite
514 2191 733 2275 amplificavit.
768 2195 895 2255 constat
916 2188 1001 2254 intra
1017 2188 1149 2255 scholae
1165 2196 1251 2257 certe
1267 2189 1347 2257 fines
1362 2188 1547 2255 Aristotelis

186 2291 310 2354 nullum
333 2291 449 2356 librum
472 2313 513 2358 ne
537 2291 763 2377 Metaphysica
785 2292 914 2375 quidem
940 2293 1005 2374 legi
1033 2312 1105 2357 esse
1132 2292 1238 2358 desita
1265 2291 1317 2374 [cf.
1341 2292 1448 2359 Zeller
1470 2291 1545 2358 abh.

186 2394 280 2458 ‹1.K.
304 2394 366 2458 Ak.
395 2395 426 2460 d.
449 2395 545 2461 Wiss.
570 2395 601 2460 b.
625 2396 702 2479 phil.
725 2396 810 2461 Berl.
834 2396 915 2460 1877
943 2414 974 2478 p.
997 2392 1202 2480 145-1611.
1247 2394 1305 2459 sed
1337 2394 1547 2462 vehementer

188 2497 299 2561 dubito
316 2518 398 2561 -num
422 2505 498 2563 ante
522 2505 671 2563 octavum
686 2518 717 2563 a.
734 2518 765 2562 u.
788 2497 952 2562 saeculum
976 2497 1247 2580 pragmaticorum
1268 2496 1451 2564 Aristotelis
1474 2497 1548 2564 scri-

187 2609 314 2684 ptorum
337 2606 429 2664 tanta
451 2601 590 2683 cognitio
613 2601 702 2684 apud
725 2621 798 2665 eum
820 2599 926 2683 fuerit,
948 2600 1001 2682 qui
1016 2606 1145 2666 vetusta
1160 2598 1286 2664 Placita
1308 2600 1448 2683 collegit.
1470 2621 1546 2666 narn

130 2708 134 2715 '
188 2704 278 2769 aliud
301 2710 350 2769 est
373 2704 550 2786 singularia
573 2705 643 2770 eius
666 2702 897 2769 commentaria
916 2703 1117 2786 cognovisse,
1140 2702 1230 2768 velut
1252 2702 1279 2766 si
1296 2701 1409 2769 Cicero
1425 2703 1548 2787 Topica

188 2827 224 2872 se
246 2805 368 2871 hahere
389 2806 546 2888 gloriatus
570 2813 619 2872 est
641 2808 720 2891 [top.
739 2810 756 2872 l
777 2817 793 2868 3
816 2805 854 2872 cf.
878 2808 943 2871 26.
963 2815 978 2867 1
1000 2804 1070 2869 835
1092 2805 1134 2871 de
1156 2811 1236 2871 orat.
1252 2806 1341 2870 1136
1362 2807 1425 2889 152]
1448 2808 1502 2873 vel
1519 2807 1547 2872 si

189 2909 407 2992 Tyrannionis
430 2910 545 2993 opinor
566 2930 664 2975 suasu
687 2909 813 2974 Luculli
837 2908 1291 2974 bibliotheca‘commentarc‘os
1306 2912 1457 2992 quosdam
1471 2911 1547 2973 Ari-

188 3014 325 3076 closellos
354 3008 406 3097 [de
428 3009 481 3076 fin.
497 3014 545 3077 111
565 3014 585 3077 3
608 3011 650 3098 10]
674 3010 855 3077 continuit³
885 3012 936 3077 vel
968 3011 993 3075 si
1016 3010 1050 3076 in
1073 3011 1255 3077 Philodemi
1278 3012 1406 3096 scriptis
1423 3011 1548 3097 Ἀριστο-

262 3218 266 3248 '
287 3221 409 3283 repetitur
426 3216 455 3267 τὸ
473 3216 587 3283 πέμπτον
605 3223 680 3284 σῶμα
699 3221 757 3269 Aet.
777 3221 790 3268 1
809 3218 824 3270 7
843 3229 867 3266 32
884 3217 901 3269 3
919 3229 942 3266 aa
961 3222 974 3269 1
995 3217 1026 3270 12
1044 3229 1056 3265 ³
1075 3220 1102 3268 Π
1122 3219 1137 3270 7
1156 3228 1176 3268 o.

258 3304 392 3357 ²Sochaei
417 3308 616 3370 interpolatione
640 3308 666 3356 ll
686 3305 719 3358 25
740 3317 761 3353 13
782 3301 945 3374 Ἡρακλείδης
972 3306 1016 3357 καὶ
1036 3302 1153 3363 'Unellos
1182 3309 1228 3375 γῆν
1253 3305 1346 3376 ὁμίχλῃ
1370 3307 1549 3377 περιεχομένην

188 3396 286 3456 [lunam
306 3393 373 3455 esse]
393 3396 475 3445 Ocelli
494 3410 588 3444 nomen
609 3395 723 3444 additum
742 3411 797 3442 esse
817 3395 871 3443 dixi
891 3411 915 3457 p.
934 3392 981 3443 100
994 3392 1009 3441 ¹.
1038 3410 1097 3444 nam
1116 3411 1162 3444 nee
1182 3397 1335 3446 Plutarchus
1354 3412 1401 3446 nec
1421 3398 1545 3448 Theodo-

188 3493 256 3534 retus
275 3484 383 3531 alterum
401 3489 531 3530 noverunt
549 3483 649 3530 lemma.
678 3490 810 3546 praeterea
829 3483 913 3530 nullus
933 3489 971 3529 est
990 3481 1021 3530 de
1041 3483 1103 3531 luna
1121 3483 1192 3532 loeus
1211 3485 1238 3533 in
1258 3483 1360 3533 subdito
1380 3485 1548 3535 Pseudocelli

188 3572 255 3621 libro
280 3586 354 3633 quiem
379 3585 426 3618 nos
450 3578 564 3618 tenemus
588 3579 613 3618 ot
638 3571 720 3619 tenuit
738 3570 824 3618 dorice
844 3571 1015 3632 conscriptum
1034 3570 1079 3617 sed
1099 3569 1173 3618 rebns
1193 3586 1245 3619 non
1265 3570 1394 3620 diversum
1413 3571 1548 3621 Stobaeus.

189 3674 271 3720 neque
291 3658 446 3706 verisimile
466 3658 527 3706 talia
551 3663 596 3705 aut
616 3659 641 3705 in
660 3656 727 3704 libro
746 3657 778 3705 de
798 3658 919 3705 universo
939 3659 1027 3706 autin
1047 3659 1137 3704 ceteris
1157 3658 1200 3718 qui
1220 3659 1281 3706 olim
1301 3659 1383 3707 Ocelli
1403 3658 1550 3707 ferebantur

189 3753 297 3795 tractata
315 3746 402 3793 fnisse.
440 3746 553 3806 genuina
575 3751 661 3792 antem
684 3747 778 3808 scripta
796 3745 867 3793 nullu
885 3745 962 3794 fuisse
984 3745 1108 3793 ridentur.
1142 3746 1210 3793 unde
1231 3747 1308 3808 igitur
1326 3745 1431 3796 Stobaei
1450 3762 1548 3796 merno-

188 3837 243 3883 ria?
274 3844 319 3881 aaut
336 3834 412 3881 fallor
431 3840 475 3879 ant
492 3833 626 3894 superiora
639 3833 665 3880 11
681 3829 712 3880 13
726 3840 748 3877 lh
762 3825 924 3898 ’11ραιιλε1δης
942 3830 994 3881 καὶ
1013 3829 1039 3880 ο1
1059 3826 1265 3898 Πυοαγόρειοι
1284 3829 1389 3882 ἕκαστον
1406 3836 1459 3883 τῶν
1478 3832 1549 3883 ἀστέ-

189 3938 239 3987 ριυν
258 3918 352 3985 κόσμον
371 3916 488 3986 ὑπάρχειν
507 3920 563 3984 γῆν
582 3915 768 3984 περιέχοντα
786 3917 862 3986 ἀέρα
881 3934 969 3969 ansam
989 3920 1114 3968 dederunt
1133 3920 1354 3983 Pythagoreorum
1373 3924 1454 3971 instar
1474 3922 1548 3972 Ocel-

189 4012 250 4066 lum,
270 4025 345 4070 quern
364 4007 491 4056 Stobaeus
510 4008 664 4070 suspiciebat
682 4008 713 4055 ef.
732 4008 779 4055 ecl.
799 4009 811 4056 1
831 4025 855 4071 p.
869 4006 1016 4058 tat-4⁴28.
1038 4004 1090 4058 338
1109 4008 1155 4067 H..
1174 4008 1343 4058 introducere.
1363 4011 1440 4059 simili
1459 4011 1548 4059 fraude

189 4099 270 4147 Ocelli
290 4097 385 4145 mentio
405 4096 434 4143 fit
451 4097 476 4143 in
497 4094 568 4143 Sext.
588 4096 685 4159 Empir.
705 4095 763 4144 adv.
783 4096 861 4144 naath.
880 4097 921 4144 IX
940 4095 999 4157 310,
1019 4095 1063 4144 nbi
1083 4096 1229 4144 Aristotelis
1248 4097 1383 4146 simulatur
1401 4100 1495 4147 socius.

260 4184 270 4214 ³
289 4185 482 4249 Tyrannionem
496 4184 568 4231 illnm
583 4184 741 4241 Amhenum,
762 4199 813 4231 non
833 4184 958 4232 iuniorem
979 4185 1054 4232 etiam
1068 4183 1200 4232 Ciceronis
1214 4183 1395 4233 bibliothecam
1415 4186 1549 4234 ordinasse

188 4283 213 4321 et
226 4274 384 4337 supplevisse
398 4272 612 4320 demonstravisse
627 4270 728 4319 ridetur
743 4271 867 4319 Planerus
880 4271 911 4320 de
927 4273 1087 4335 Tyrannion.
1102 4280 1235 4334 grammat.
1254 4271 1340 4319 Berol.
1359 4269 1424 4323 1852
1443 4289 1469 4335 p.
1482 4270 1512 4322 4⁸
1524 4273 1548 4324 6.

188 4364 209 4409 si
229 4361 366 4410 Plutarcho
387 4361 403 4408 l.
423 4377 444 4409 c.
465 4360 529 4408 fidas
548 4360 721 4423 Tyrannionis
742 4357 826 4406 studia
844 4367 904 4408 ante
924 4360 1102 4409 Andronicum
1125 4359 1245 4423 ponenda
1263 4368 1329 4408 sunt.
1367 4363 1438 4422 atqui
1458 4362 1548 4409 Amiso

189 4464 211 4497 a.
233 4447 282 4501 081
303 4464 325 4496 a.
346 4466 370 4496 n.
391 4459 539 4512 expugnata
558 4449 690 4512 'l'yrannio
709 4454 797 4508 eaptus
817 4447 925 4495 llomanr
945 4455 1102 4496 transuectus
1121 4455 1167 4505 est,
1187 4446 1230 4495 ubi
1248 4447 1384 4496 Aristoteli
1404 4449 1548 4497 incubuisse

189 4537 288 4585 dieitur.
321 4553 382 4598 ergo
403 4539 569 4585 Andronicus
588 4537 632 4582 rix
651 4542 709 4582 ante
729 4549 752 4582 a.
773 4532 824 4584 100
843 4536 1018 4584 atlmirabilem
1038 4551 1110 4584 suam
1130 4536 1269 4584 editionem
1290 4536 1435 4584 condidisse
1455 4544 1548 4599 putan-

189 4625 236 4672 dus
255 4632 300 4671 est.
338 4639 352 4670 e
371 4624 544 4685 Tyrannionis
563 4637 607 4669 ore
627 4623 754 4684 accepisse
775 4622 936 4683 Ciceronem,
955 4639 1021 4685 quae
1040 4624 1071 4670 de.
1088 4623 1234 4671 Aristotelis
1254 4639 1280 4671 re
1300 4623 1402 4686 publica
1421 4623 1549 4685 signitica-

190 4713 234 4769 vit‚
254 4711 285 4757 de
304 4710 384 4757 finV
405 4707 421 4756 4
443 4717 464 4754 11
482 4709 515 4757 ad
535 4708 584 4767 Qu.
604 4708 633 4755 fr.
648 4706 718 4758 1115
737 4718 756 4757 1.
775 4711 806 4758 de
827 4712 876 4774 leg.
896 4712 937 4761 ΙΙΙ
956 4712 971 4762 6
992 4718 1014 4754 lt
1036 4712 1145 4758 coniecit
1163 4709 1332 4760 Susemihlius
1351 4710 1384 4758 ad
1403 4712 1449 4759 Ar.
1469 4712 1549 4760 Polit.

189 4815 213 4860 p.
228 4799 309 4845 XLV.
340 4797 384 4844 sed
408 4796 575 4868 Philodemus
599 4796 624 4842 in
648 4794 714 4842 libro
737 4796 792 4862 περὶ
813 4802 911 4847 κακιῶν
936 4797 979 4847 sul
1003 4801 1054 4845 τῶν
1080 4795 1256 4862 ἀντικειμένων
1281 4800 1370 4859 (Arist.
1390 4798 1489 4848 Oecon.
1508 4799 1549 4848 ed.

191 4883 330 4946 t'loettling.
350 4899 373 4947 p.
389 4882 419 4931 tl
432 4882 498 4944 sqq.)
525 4882 701 4930 (leconomica
724 4885 770 4931 sub
794 4885 968 4951 Theophrasti
993 4887 1097 4934 nomine
1124 4884 1256 4950 [plna]
1280 4885 1359 4950 probe
1383 4889 1506 4948 cognorit
1524 4894 1549 4936 et
