3442 5588
650 343 751 393 εοΤιι
769 344 872 395 mc,
886 345 898 394 1
914 344 951 396 ιι
968 343 1042 396 τοι
1463 351 1526 418 275

310 407 1284 505 mmcffiffl‘ffimffl
1300 451 1331 505 ιο
1344 463 1367 501 ο

203 582 279 664 (ᾦα,
301 576 343 642 ἔτι
365 581 399 643 δὲ
421 586 512 648 ταῦτα
533 583 570 647 τὰ
591 583 744 668 γινόμενα,
767 583 817 666 ύμ-

202 682 266 766 βροι
308 683 436 768 χαλαζαι
478 687 610 771 κεραυνοὶ
653 692 819 772 πρηστῆρες

201 783 319 867 ἄνεμοι·
346 789 438 851 ταῦτα
459 787 515 873 γὰρ
538 787 601 874 ἔχει
624 790 719 875 ἀρχήν
741 812 817 853 τινα·

202 886 238 950 ού
250 886 305 972 γὰρ
316 886 345 957 ἐξ
357 888 464 960 αίῦινος
474 889 597 955 ἕκαστον
608 892 719 956 τούτων
731 891 817 970 ἐστίν,

175 988 268 1053 ῡάλλ’
301 991 360 1055 ἀπό
390 1015 465 1064 τινος
495 995 591 1081 ἀρχῆς
618 994 737 1077 γίνεται·
769 994 817 1057 καλ

201 1095 293 1156 ταῦτα
316 1093 413 1176 μέντοι
439 1094 499 1160 οίον
527 1100 591 1181 ζῷα
618 1096 695 1181 φυτὰ
721 1097 817 1182 ἀρχὴν

201 1195 343 1280 γενέσεως
365 1195 442 1283 ἔχει·
465 1198 496 1262 έν
518 1199 555 1282 δὴ
570 1197 683 1267 τούτοις
697 1199 717 1282 ἡ
733 1198 817 1283 φύσις

201 1299 282 1384 ἀρχὴ
312 1300 346 1362 τδ
372 1298 489 1384 πρῶτύν
517 1300 649 1364 ἐστικαὶ
672 1299 706 1364 ού
730 1300 817 1383 μύνον

201 1403 353 1486 κινήσεως,
377 1403 515 1467 ἀλλὰκαὶ
531 1402 669 1488 ἠρεμίας·
692 1402 748 1466 ύσα
762 1402 817 1486 γὰρ

165 1525 191 1562 ιο
203 1505 300 1591 ἀρχὴν
317 1506 460 1589 κινήσεως
474 1503 572 1592 ἔλαβε,
593 1508 685 1569 ταῦτα
700 1503 818 1569 δύναται

202 1608 300 1693 λαβεῖν
323 1608 371 1672 καὶ
393 1610 540 1693 τελευτήν.
567 1607 615 1672 διδ
629 1611 716 1671 τοῦτο
731 1604 817 1692 ούνὴ

203 1710 288 1795 φύσις
303 1709 383 1795 ἀρχὴ
395 1711 538 1794 κινήσεώς
549 1710 610 1774 ἐστι
622 1709 671 1774 καί
682 1708 815 1794 ἠρεμίας.

263 1844 292 1932 β.
335 1844 411 1911 Τίνι
434 1845 592 1931 διαφέρει
619 1846 712 1933 ἀρχὴ
932 1844 1017 1930 Περὶ
1040 1843 1162 1929 ἀρχῶν
1184 1848 1241 1910 καὶ
1265 1846 1460 1935 στοιχείων.

315 1949 372 2014 καὶ
395 1952 565 2035 στοιχεῖα.
595 1957 663 2011 621

168 2089 193 2128 ιο
240 2066 277 2134 Οἱ
293 2068 345 2151 μὲν
360 2066 411 2132 ούν
426 2068 490 2152 περὶ
509 2064 749 2152 Ἀριστοτέλην
766 2069 814 2134 καὶ
836 2072 849 2126 l
912 2065 950 2133 Οἱ
966 2067 1018 2151 μὲν
1033 2065 1084 2131 οῦν
1098 2067 1163 2152 περί
1175 2065 1415 2155 Ἀριστοτέλην
1430 2071 1479 2135 καὶ

204 2170 378 2235 Πλούτωνα
400 2169 544 2256 διαφέρειν
566 2170 704 2253 ἡγοῦνται
718 2171 814 2257 ἀρχὴν
867 2168 1037 2235 Πλάτωνα
1060 2168 1205 2256 διαφέρειν
1227 2173 1364 2255 ἡγοῦνται
1384 2173 1480 2258 ἀρχὴν

202 2274 250 2339 καὶ
272 2275 414 2359 στοιχεῖα.
866 2271 915 2336 καὶ
938 2275 1081 2358 στοιχεῖα.

239 2375 359 2459 Θαλῆς
379 2373 414 2438 δέ
435 2373 451 2438 ύ
474 2370 619 2457 Μιλήσιος
644 2372 748 2438 ταύτδν
770 2376 849 2438 νοῦ
910 2372 1027 2458 Θαλῆς
1055 2369 1076 2437 δ’
1105 2373 1121 2437 δ
1144 2370 1289 2460 Μιλήσιος
1310 2375 1414 2441 ταύτδν
1435 2397 1479 2438 νο·
1503 2393 1516 2432 ν

204 2475 279 2560 μίξει
293 2476 390 2562 ἀρχὴν
405 2476 454 2541 καὶ
469 2478 610 2562 στοιχεῖα.
632 2477 767 2541 πλεῖστον
782 2476 816 2541 δέ
868 2473 943 2559 μύζει
970 2475 1066 2562 ἀρχὴν
1094 2475 1142 2539 καί
1170 2481 1302 2562 στοιχεῖα
1353 2521 1362 2538 .
1412 2519 1420 2536 .

170 2579 274 2644 ινύσον
297 2577 426 2664 διαφέρει
447 2577 600 2663 ἀλλήλων·
628 2578 664 2643 τὰ
687 2579 739 2662 μὲν
760 2578 815 2664 γὰρ
867 2623 875 2641 .
926 2620 934 2637 .
979 2620 987 2637 .
1035 2623 1044 2640 .
1090 2619 1099 2636 .
1144 2618 1152 2635 .
1197 2618 1206 2635 .
1251 2621 1259 2637 .
1303 2622 1311 2638 .
1356 2621 1364 2639 .
1414 2621 1422 2637 .
1472 2620 1480 2637 .

204 2681 337 2767 στοιχεῖά
358 2679 419 2745 ἐστι
441 2679 575 2745 σύνθετα·
598 2679 650 2750 τὰς
672 2682 706 2745 δὲ
720 2681 815 2767 ἀρχάς
868 2721 877 2737 ·
905 2721 913 2738 ·
940 2722 948 2738 ·
978 2680 1038 2745 ἐστι
1070 2677 1210 2758 σύνθετα,
1242 2681 1294 2750 τὰς
1323 2680 1357 2746 δέ
1385 2680 1480 2766 ἀρχούς
1616 2683 1619 2689 ’

204 2805 299 2868 φαμεν
321 2780 393 2846 εἶναι
411 2779 478 2846 ούτε
491 2781 648 2852 σονδέτοος
663 2781 730 2847 οὔτε
744 2783 814 2847 ἀπο
866 2804 961 2871 φαμεν
976 2780 1048 2846 εἶναι
1071 2779 1138 2845 οὔτε
1159 2781 1314 2853 συνδέτοος
1329 2781 1396 2846 οῦτε
1410 2783 1480 2846 ἀπο

202 2885 375 2967 τελέσματα·
391 2882 451 2946 οἶον
463 2887 593 2969 στοιχεῖα
606 2884 658 2967 μὲν
670 2887 815 2968 καλοῦμεν
866 2883 1037 2966 τελέσματα·
1053 2882 1114 2948 οἶον
1125 2888 1256 2969 στοιχεῖα
1269 2886 1321 2967 μὲν
1334 2887 1478 2968 καλοῦμεν
1491 2903 1515 2942 1⁰

204 2990 258 3072 γῆν
281 2987 359 3071 ύδιορ
382 2983 455 3069 ἀέρα
475 2990 544 3072 πῦρ,
567 2987 661 3073 ἀρχὰς
683 2987 717 3051 δέ
737 2987 816 3071 λέγο-
866 2990 920 3070 γῆν
943 2985 1020 3070 ῦδοιρ
1043 2986 1116 3071 ἀέρα
1137 2989 1206 3071 πῦρ,
1229 2987 1323 3073 ἀρχὰς
1345 2988 1377 3050 δὲ
1398 2986 1477 3070 λέγο

168 3108 193 3147 ει
206 3112 258 3174 μεν
280 3088 328 3153 διὰ
348 3092 450 3164 τοῦτο,
473 3088 516 3152 ύτι
538 3087 592 3152 ούκ
614 3087 678 3176 ἔχει
699 3113 726 3152 τι
748 3089 815 3175 πρύ-
868 3109 920 3170 μεν
947 3087 995 3151 διὰ
1019 3089 1054 3152 τδ
1076 3087 1160 3152 οῦδὲν
1183 3086 1261 3175 ἔχειν
1288 3087 1426 3174 πρότερον
1449 3087 1479 3158 ἐξ

203 3214 286 3276 τερον
308 3189 338 3260 ἐξ
360 3188 395 3253 ού
417 3193 559 3272 γεννᾶται,
581 3191 644 3256 ἐπεὶ
663 3191 716 3256 ούκ
734 3189 815 3256 ἔσται
867 3187 902 3255 οῦ
931 3191 1079 3273 γεννᾶται,
1112 3188 1174 3253 ἐπεὶ
1204 3188 1258 3254 ούκ
1286 3188 1367 3255 ἔσται
1398 3192 1478 3278 ἀρχὴ

203 3294 284 3379 ἀρχὴ
306 3296 402 3370 τοῦτο,
424 3291 500 3356 ἀλλὰ
514 3291 608 3357 έκεῖνο
630 3292 660 3363 ἐξ
681 3292 717 3358 οῦ
738 3293 815 3378 γεγέ·
867 3290 992 3377 (τοῦτο),
1019 3289 1083 3356 ἀλλ’
1111 3291 1204 3357 έκεῖνο
1229 3291 1260 3362 ἐξ
1281 3291 1316 3356 ού
1338 3297 1479 3376 γεννᾶται.

203 3419 296 3480 νηιαι.
315 3399 368 3478 τῆς
383 3395 483 3478 δὲγης
505 3395 621 3459 καὶτοῦ
636 3395 817 3466 ῦδατύςέστί
867 3398 920 3479 τῆς
942 3395 975 3458 δὲ
996 3399 1051 3479 γῆς
1073 3394 1121 3459 καὶ
1143 3398 1195 3459 τοῦ
1217 3394 1322 3464 ύδατύς
1340 3394 1403 3459 ἐστί
1415 3419 1478 3460 τινα
1491 3415 1515 3453 1⁶

203 3521 265 3562 τινα
290 3496 415 3582 πρότερα
441 3494 471 3565 ἐξ
498 3496 540 3560 ιύν
561 3496 690 3581 γέγονεν,
716 3499 736 3583 ἡ
760 3498 814 3583 ύλη
867 3495 1006 3582 πρύτερον
1028 3495 1115 3567 έΕιύν
1132 3495 1256 3580 γέγονεν,
1277 3498 1332 3580 ύλη
1348 3497 1479 3584 ἄμορφος

168 3599 335 3684 εοοῖμορφος
350 3597 423 3663 ούσα
438 3597 486 3662 καὶ
502 3598 601 3684 ἀειδὴς
616 3600 665 3665 καί
679 3601 714 3664 τδ
729 3598 815 3678 εἶδος,
866 3599 915 3663 καί
937 3598 1074 3670 ἀνείδεος.
1117 3647 1126 3664 .
1172 3646 1180 3663 .
1226 3647 1234 3664 .
1277 3647 1286 3666 .
1333 3647 1341 3664 .
1377 3648 1385 3665 .
1423 3647 1432 3666 .
1469 3648 1478 3667 .

203 3703 219 3766 ὃ
242 3703 386 3782 καλοῦμεν
402 3699 592 3786 ἐντελέχειαν,
613 3705 662 3768 καί
677 3705 698 3787 ἡ
716 3701 815 3788 στέρη-

195 3887 213 3940 3
235 3885 288 3957 ἔχει
313 3884 395 3956 ἀρχήν
420 3888 480 3939 AB:
509 3891 600 3942 ordine
623 3893 727 3943 inverso
753 3893 775 3943 C
799 3888 812 3960 ΙΙ
902 3893 1024 3947 Ῑείειιύιιε
1042 3900 1183 3944 auctuum
1200 3894 1295 3945 additis
1313 3890 1356 3945 καί
1373 3894 1419 3944 τοῦ
1431 3891 1522 3952 παντύς
1554 3882 1556 3886 ⁴

161 3977 177 4029 7
199 3975 316 4044 γενέσεως
338 3976 374 4026 Βι
400 3974 532 4043 γεννίσεως
554 3980 594 4028 A:
617 3977 754 4047 γεννήσεως
780 3981 813 4031 C:
902 3981 1067 4035 Gintereidit
1082 3975 1196 4031 πλεῖστον
1214 3975 1240 4031 δέ
1255 3975 1312 4031 ύσον
1326 3977 1434 4050 διαφέρει
1445 3978 1521 4052 άλλη·

160 4061 282 4131 κινήσεως
300 4064 368 4113 coni.
387 4063 511 4114 eominus
534 4059 548 4131 ΙΙ
572 4061 603 4132 δὴ
623 4065 689 4118 AB:
711 4064 738 4118 δέ
757 4067 779 4118 C
799 4063 812 4134 ΙΙ
865 4067 927 4121 λων.
944 4066 976 4120 τὰ
994 4064 1040 4135 μλν
1057 4064 1104 4135 γὰρ
1122 4066 1231 4135 στοιχεῖά

160 4151 177 4204 8
204 4148 270 4220 ἀργὴ
295 4146 322 4200 δὲ
343 4146 465 4217 κινησεως
490 4148 543 4202 έστί
566 4162 625 4215 post
648 4150 699 4205 έστι
726 4170 814 4206 errore
904 4154 937 4208 14
953 4155 1028 4206 τοῦτο
1049 4163 1109 4220 ροσε
1132 4149 1199 4222 ἀρχὴ
1220 4154 1317 4217 addidi,
1343 4156 1444 4206 Ηοοτοιι
1463 4164 1522 4221 pont

160 4257 192 4291 ex
211 4257 234 4289 v.
252 4235 284 4289 12
302 4240 412 4302 repetitu
428 4238 524 4288 habent
541 4238 602 4289 AB:
620 4248 689 4291 εεεοι
707 4242 779 4292 οἱοῦ
799 4237 812 4308 Η
866 4240 934 4295 ύσται

163 4326 195 4380 10
207 4320 381 4390 δύνανταιΒΙΙ
399 4322 430 4375 12
442 4321 493 4375 ίστι
504 4324 689 4394 ΑΟιοεο.ΒΗ
704 4327 735 4380 14
749 4341 813 4379 στοι-
904 4330 935 4384 16
958 4330 1077 4383 Platonis
1105 4328 1190 4378 Ionum
1213 4329 1280 4380 Tim.
1302 4345 1327 4394 p.
1340 4328 1398 4384 3οΑ
1426 4330 1521 4381 adiecit

160 4419 215 4485 χιῖα
229 4415 302 4467 GAB
316 4410 392 4475 [ind.,
410 4414 437 4462 in
447 4420 569 4463 contextu
582 4414 769 4480 oblitteratum]
781 4416 813 4466 cf.
865 4417 993 4470 stobaeuu

159 4503 241 4555 v.17=
259 4499 411 4568 στοιχεῖονῡ
426 4501 504 4563 vulgo
520 4509 547 4551 οε
562 4502 663 4552 Ρεείλαε
680 4501 712 4551 do
725 4502 813 4551 omnis.

159 4591 241 4640 doctr.
259 4605 280 4639 α.
293 4587 326 4641 59
346 4582 359 4653 U
378 4584 412 4638 22
424 4583 612 4654 ἀποτελέσματα
622 4588 704 4651 (AB):
724 4587 812 4639 ἀπαεί-

158 4674 237 4743 λεσμα
247 4677 269 4729 C
280 4703 313 4712 —
324 4677 355 4726 εί.
368 4676 439 4727 Ptol.
450 4692 476 4740 ρ.
485 4673 535 4726 100
549 4670 563 4741 Η
577 4673 611 4727 26
620 4678 733 4742 γεννᾶται
742 4701 776 4711 -
786 4671 812 4734 ie

159 4759 189 4813 οῦ
208 4764 294 4814 οαι.Β
315 4759 328 4828 ΙΙ
352 4759 386 4813 27
404 4760 532 4830 γεγένηται
544 4761 652 4824 (A)BC:
671 4760 812 4830 γεγέννηται

158 4850 282 4901 Cominus
306 4844 320 4915 ΙΙ
345 4847 378 4901 29
402 4846 509 4917 πρύτερα
532 4848 593 4899 Ae:
617 4846 775 4917 πρύτερονΒ
796 4845 808 4914 ΙΙ

159 4934 191 4986 31
212 4931 306 4986 ano:
325 4933 356 5003 ην
374 4938 398 4985 A
