3442 5588
720 336 996 389 rsonaeonnns
1477 332 1538 398 155

178 505 278 572 mode
305 506 418 589 sugere
446 502 609 572 debebant
636 510 724 571 recte
746 503 901 589 restituit,
927 503 1079 587 graviora
1099 503 1133 568 in
1155 504 1258 588 prime
1281 511 1368 571 certe
1390 502 1473 568 libro
1494 502 1540 567 in-

178 614 269 675 taeta
292 606 475 690 relinquere
495 605 618 672 maluit.
1380 654 1383 660 r

267 708 410 775 Adhibui
433 707 531 790 Igitur
553 708 697 775 codicem
718 709 970 776 Barbarinum
991 709 1036 775 IV
1060 709 1102 774 78
1124 706 1213 794 [olim
1235 706 1361 794 saell,
1383 708 1543 792 quadrata
1565 703 1591 768 B

177 811 286 878 terma
310 810 447 894 maiore,
476 809 682 877 chartaceum
709 810 751 876 ab
778 811 892 878 eodem
920 810 1052 878 librario
1080 809 1231 894 seriptum
1254 810 1384 876 saecule
1405 809 1466 875 XV
1488 808 1541 875 vel

178 914 270 996 XVI,
286 934 381 997 quem
396 910 546 996 precibus
560 911 681 978 nestris
692 913 885 980 amicissime
896 933 1019 979 morsm
1030 932 1147 996 gerens
1159 909 1299 977 excussit
1314 909 1367 975 Fr.
1379 910 1421 976 de
1431 908 1540 974 Dubn.

177 1016 327 1082 continet
344 1014 423 1080 folia
439 1013 511 1078 138.
534 1012 555 1079 f.
574 1015 723 1079 1¹—30v
746 1012 894 1098 Origenis
916 1015 1208 1099 philosophumena
1229 1011 1250 1078 f.
1267 1014 1437 1078 arr-50¹
1460 1011 1541 1077 Διδύ·

179 1143 237 1201 μου
253 1119 329 1182 κατὰ
344 1116 529 1202 Μανιχαίων,
546 1114 568 1182 I.
584 1116 753 1182 53'-81'
772 1116 957 1202 Ἀλεξάνδρου
972 1118 1171 1183 Λυκοπολίτου
1186 1117 1386 1201 ἐπιστρέφεται
1401 1115 1431 1184 ἐξ
1446 1115 1540 1178 ἐθνῶν

177 1222 253 1303 πρὸς
276 1221 328 1289 τὰς
344 1218 511 1304 Μανιχαίου
533 1220 628 1295 δόξας,
650 1219 671 1285 f.
688 1219 852 1285 83³—8'l'b
870 1218 1012 1306 Ἰωσήπου
1034 1220 1068 1283 ἐκ
1082 1224 1133 1283 τοῦ
1149 1221 1220 1303 πρὸς
1229 1216 1377 1301 Ἕλληνας
1391 1218 1478 1299 λόγου
1490 1263 1498 1279 .
1512 1258 1520 1275 .
1534 1258 1542 1275 .

179 1323 247 1406 περὶ
277 1327 329 1406 τῆς
356 1326 407 1385 τοῦ
440 1323 546 1391 παντὸς
579 1322 673 1392 αἰτίας
700 1322 932 1388 t91·-138¹›
959 1321 1122 1387 Anastasii
1159 1320 1331 1386 orationes.
1377 1317 1542 1384 Barbarini

181 1424 344 1492 lectiones
365 1422 509 1506 integras
531 1423 689 1507 adscripsi
712 1423 853 1510 (omissis
874 1430 983 1490 amen
1005 1422 1224 1507 apostrophis,
1246 1424 1350 1506 γίνεται
1373 1428 1406 1488 et
1419 1422 1542 1504 γίγνεται

178 1525 354 1611 similibus)
376 1526 466 1591 utin
488 1546 553 1591 une
576 1526 692 1591 saltem
714 1525 795 1593 fides
817 1526 963 1592 codicum
984 1525 1150 1592 aestimari
1171 1524 1284 1609 possit.

270 1626 561 1695 OttebenIanus
584 1630 647 1693 194
670 1647 754 1694 saec.
774 1629 851 1695 XVI
874 1649 893 1695 e
914 1628 1004 1694 libris
1024 1626 1255 1710 Altempsianis
1278 1626 1420 1691 continet
1441 1623 1541 1708 Didy-
1564 1615 1592 1682 0

180 1751 272 1797 mum
294 1736 408 1796 centra
421 1728 630 1796 Manichaees
654 1737 686 1797 ct
707 1729 790 1796 alios
812 1730 986 1815 scriptores
1001 1728 1247 1812 ecclesiasticos,
1271 1727 1419 1811 Origenis
1440 1726 1542 1810 phile

179 1831 753 1918 sephnmenaIndeap.134—166.
776 1832 917 1916 inspexit
939 1853 1012 1899 cum
1033 1832 1072 1898 Α.
1089 1831 1303 1914 Kissslingius
1326 1830 1457 1913 dignum
1477 1849 1542 1894 nen

179 1917 257 2003 adse
278 1935 333 2018 qni
356 1933 554 2001 eenfcmetur
577 1935 761 2001 arbitratus.

267 2036 557 2105 Laurentianus
579 2039 627 2102 IX
650 2039 691 2104 32
713 2037 814 2104 ebant.
837 2038 1014 2122 quadratus
1039 2056 1125 2102 saee.
1148 2036 1225 2100 XIV
1253 2054 1274 2098 a
1296 2034 1441 2100 Salvinie
1463 2033 1544 2100 satis
1565 2029 1592 2093 L

178 2144 345 2224 aeeursts,
368 2146 403 2204 ut
424 2139 564 2223 videtur,
587 2141 735 2206 eenlatus
756 2161 797 2207 ox
819 2140 927 2207 Wolfii
950 2140 1093 2207 editione
1114 2137 1263 2205 innotuit.
1307 2137 1472 2220 adscripta
1494 2142 1544 2202 est

179 2241 320 2309 subinde
342 2241 553 2326 paraphrasis
574 2241 693 2308 nullius
716 2243 822 2326 pretii.

268 2350 344 2409 sunt
365 2343 400 2408 hi
421 2350 488 2410 tres
509 2344 583 2410 libri
604 2343 766 2411 simillimi.
844 2393 852 2407 .

267 2445 530 2513 'laurinensis
553 2446 668 2512 0110
689 2466 775 2513 sace.
790 2447 879 2513 XVI.
921 2446 1019 2513 index
1047 2446 1204 2512 contineri
1231 2445 1279 2511 ait
1301 2442 1450 2526 Origenis
1472 2440 1545 2506 Pbi·
1565 2444 1592 2507 T

180 2545 421 2631 losephumena
443 2554 477 2614 ct
498 2549 716 2633 Philecalian‚
747 2548 806 2614 sed
827 2547 1010 2630 quindecim
1031 2549 1111 2615 felia
1133 2550 1256 2615 evulsa.
1268 2554 1343 2612 sunt
1363 2551 1542 2630 pestesque

178 2648 302 2716 furtum
323 2651 467 2717 numeris
489 2651 579 2717 falsis
594 2650 766 2735 adscriptis
782 2652 931 2716 celatum.
966 2649 1027 2716 bec
1048 2650 1086 2715 A.
1103 2649 1318 2733 XIessIIngius
1332 2646 1448 2713 litteris
1466 2645 1542 2712 olim

179 2751 225 2817 ad
239 2751 423 2820 Usenorum
445 2755 531 2820 datis
553 2754 671 2819 denuit.
705 2753 777 2837 quis
792 2759 916 2819 tantum
932 2752 1089 2834 flagitium
1103 2751 1307 2834 commiserit,
1329 2771 1396 2816 nen
1410 2769 1543 2834 prorsus

179 2859 319 2919 constat
364 2856 532 2923 Passinins
557 2856 686 2939 quidem
714 2854 925 2922 'laurinensis
954 2855 1093 2938 catalogi
1116 2855 1251 2939 scriptor
1278 2852 1429 2920 Pfaffium
1454 2851 1543 2917 dubi-

181 2962 291 3023 tanter
313 2957 542 3041 significarit.¹
565 2958 659 3024 nobis
681 2959 820 3042 suspicio
843 2956 942 3024 etiam
963 2956 1081 3023 certior
1102 2957 1238 3023 videtur.
1261 2977 1336 3021 nam
1358 2955 1542 3038 Ohristoph.

180 3058 369 3126 Matthaeus
397 3058 518 3126 Pasfius
550 3060 605 3143 qui
634 3080 705 3125 oum
733 3060 851 3126 Garele
880 3058 1067 3125 Alexandro
1089 3060 1235 3145 principe
1256 3057 1544 3141 wirtembergensi

182 3160 223 3226 ab
244 3180 277 3227 a
295 3162 381 3227 1709
403 3181 505 3244 usque
519 3162 562 3226 ad
578 3163 662 3227 1712
684 3163 772 3247 apud
787 3163 946 3228 Taurinos
967 3161 1109 3244 degebat
1128 3168 1161 3228 et
1182 3162 1216 3227 in
1238 3160 1439 3227 excutiendis
1453 3158 1544 3225 libris

182 3262 436 3329 Taurinsnsibus
458 3263 607 3330 libertate
629 3264 780 3329 utebatur
802 3264 898 3329 nullis
919 3264 1036 3329 finibus
1067 3263 1322 3348 circumscripta,
1348 3264 1437 3327 selus
1462 3261 1544 3329 vidit

183 3363 259 3429 Iolia
275 3363 576 3448 Philosophumena
598 3367 779 3450 complexa,
802 3386 885 3448 quae
907 3367 1069 3451 excerpsit
1091 3366 1347 3448 varietatemque
1366 3365 1544 3448 scripturae

184 3465 302 3532 Wolfio
326 3465 539 3532 transmisit.2
561 3464 613 3553 [cf.
636 3468 706 3532 eius
728 3467 831 3551 praef.
847 3467 898 3534 ed.
914 3469 997 3533 1713
1020 3489 1052 3552 p.
1068 3466 1110 3554 3.]
1132 3488 1233 3551 quare
1255 3488 1321 3533 non
1343 3467 1447 3532 omnis
1469 3487 1544 3550 spes

181 3566 356 3634 abicienda
377 3574 428 3633 est
449 3567 518 3634 fore
535 3576 569 3633 ut
583 3570 701 3635 alieubi
717 3571 770 3635 vel
787 3569 993 3654 Stutgardiae
1015 3571 1069 3636 vel
1081 3569 1249 3653 Tuhingae
1272 3570 1325 3634 vel
1346 3568 1435 3652 apud
1449 3569 1544 3634 Bata·

180 3689 238 3734 res
252 3667 444 3754 Anglesqnc
457 3708 501 3717 -
515 3691 591 3736 nam
608 3671 667 3736 bes
682 3692 810 3755 quoque
825 3670 991 3737 itineribus
1007 3671 1074 3737 suls
1088 3670 1248 3755 attigit-
1265 3672 1379 3737 evulsa
1393 3671 1450 3736 illa
1464 3671 1544 3737 felia

176 3771 396 3856 reperiantur.
441 3794 502 3839 nes
524 3773 757 3839 Taurinensem
786 3793 852 3838 nen
879 3779 1029 3840 accurate
1052 3793 1221 3839 excussum
1244 3792 1315 3840 esse
1338 3772 1435 3838 valde
1458 3772 1544 3839 dele-

173 3892 260 3958 mus,
284 3875 362 3958 qnia
384 3896 424 3942 ex
446 3878 596 3960 exemplo
619 3876 804 3960 antiquiore
826 3881 858 3941 et
880 3875 976 3958 paule
997 3874 1127 3941 diverse
1147 3875 1298 3943 secteris
1320 3876 1476 3943 deductus
1499 3875 1543 3942 ri·

251 4169 305 4234 ¹p.
324 4172 392 4220 VIII
418 4172 571 4222 Pfalflum
599 4170 724 4232 quidem
753 4171 886 4219 fraudis
915 4178 946 4219 at
972 4171 1131 4219 mendacii
1156 4185 1293 4232 arguere
1319 4171 1464 4219 nolumus
1489 4176 1544 4218 sut

179 4259 264 4320 qued
287 4259 405 4307 invida
427 4273 520 4308 mann
538 4258 620 4307 Iolla
637 4258 798 4306 avulserit
816 4263 872 4305 snt
890 4257 974 4319 quod
994 4258 1122 4307 cedices
1141 4256 1322 4306 abstulerit.
1348 4258 1379 4306 cI.
1393 4259 1425 4305 Δ.
1440 4258 1543 4320 Peyron

179 4344 290 4408 Emped.
310 4352 338 4394 et
356 4345 476 4395 Parmcn.
496 4345 587 4408 fragm.
607 4361 631 4408 p.
646 4341 687 4394 65.

247 4426 258 4459 ²
282 4433 456 4496 suspicionem
483 4433 565 4494 magis
590 4432 743 4480 confirmant
771 4445 848 4493 quam
873 4431 987 4480 avellunt
1009 4447 1075 4494 quac
1101 4432 1178 4482 habet
1203 4432 1336 4482 Rstblef
1360 4432 1446 4494 gescb.
1467 4432 1542 4496 jetzt·

180 4516 304 4567 lebender
322 4519 429 4582 gelebrt.
448 4515 544 4568 1350:
571 4513 709 4566 Vieller'cbt
729 4516 800 4567 lette
819 4512 892 4566 Hcrr
911 4513 984 4584 Pfaf,
1004 4517 1055 4572 der
1074 4517 1149 4568 einen
1162 4517 1254 4584 freiero
1273 4516 1383 4586 Zuyenq
1402 4533 1435 4566 zu
1454 4515 1544 4567 diesen

182 4601 304 4654 Bdcbcrn
323 4603 444 4655 erboltsn
463 4603 548 4667 betta,
573 4602 622 4654 des
648 4602 715 4654 beate
741 4601 813 4653 Tber'l
830 4602 878 4652 der
900 4599 983 4656 Hdss.
1002 4621 1063 4654 veo
1082 4605 1144 4655 darc
1162 4603 1395 4655 urreissanders
1415 4601 1543 4653 Leuten

183 4706 220 4739 cn
237 4690 310 4741 oieb
329 4690 474 4757 triopas
493 4691 629 4741 deunce.
668 4688 707 4740 Er
730 4706 776 4756 seq
798 4688 860 4739 aber
879 4689 921 4740 dic
938 4689 1055 4758 Pepiere
1073 4709 1121 4745 aas
1140 4693 1200 4743 dem
1218 4690 1316 4743 Staube
1334 4690 1441 4748 bever,
1460 4689 1543 4756 scipta

185 4775 231 4828 den
248 4793 358 4844 pressea
384 4777 474 4829 Wartb
493 4776 628 4827 desselben
647 4775 702 4827 rand
723 4776 875 4842 ecrsem'pts
898 4775 1015 4829 desultor
1040 4779 1082 4830 cio
1107 4777 1297 4831 Verzer'cbniss.
1335 4776 1422 4827 Debet
1443 4775 1544 4827 sobrieb

185 4878 211 4912 er
230 4863 297 4915 vista
319 4862 496 4914 &tralatas
521 4863 562 4914 eb.
600 4863 665 4915 Alae
687 4864 737 4931 pub
763 4878 792 4914 er
812 4900 817 4911 .
838 4899 843 4912 .
863 4903 869 4916 .
893 4860 946 4913 Hr.
966 4862 1107 4917 Fabricius
1129 4865 1159 4917 irc
1178 4863 1317 4932 Hemberp
1342 4873 1421 4914 etwas
1440 4879 1473 4912 aa
1491 4863 1543 4913 den

192 4948 293 5002 Verbera
312 4950 360 5003 des
381 4947 555 5020 Hippolytus.
574 4950 613 5017 [S.
633 4953 738 5019 Hippoi.
759 4968 818 5017 opp.
837 4952 878 5002 cd.
897 4953 918 5003 1.
937 4952 971 5002 A.
989 4953 1167 5003 Fabricius
1186 4954 1278 5005 llamb.
1301 4950 1458 5018 lile-la]
