3442 5588
652 346 927 397 rnonneonsna
1431 345 1473 407 49

104 513 258 596 frequens
273 511 355 598 (noti
371 518 446 577 sunt
458 511 542 576 Astii
558 512 744 578 haereticus
761 520 792 578 et
807 513 951 579 medicus
967 519 999 579 et
1014 512 1137 577 amicus
1148 513 1264 578 Isidori
1276 512 1472 596 Pelusiotae,

103 615 161 680 alii
176 635 230 698 ap.
245 614 371 679 Fabric.
382 615 429 678 IX
446 615 568 699 alan.)
584 624 682 680 antea
698 623 747 681 ost
762 615 968 680 rarissimum.
993 613 1055 678 hoo
1065 614 1193 679 nisuros
1208 635 1280 681 esse
1295 616 1405 682 divino
1417 637 1474 681 eos

104 717 159 800 qui
181 716 349 783 hominem
370 737 489 782 norum
513 737 553 782 en
577 717 766 799 scriptorum
795 737 983 800 graecorum
1006 724 1120 781 senatu
1143 718 1378 784 excludendum
1401 739 1474 786 csse

104 826 272 885 censeant.
302 819 512 902 quamobrem
531 825 660 902 practer
679 819 807 883 het-ium
824 813 1073 885 Troe'zeniorurn
1094 819 1233 903 priscum
1254 841 1362 904 regem
1379 824 1474 904 [Pau-

104 941 173 987 σευ.
192 920 286 985 1130
304 923 334 1004 8]
356 942 452 986 unum
475 921 609 985 afferam
631 921 810 1003 proximum
834 922 863 988 ci
887 923 997 1006 aetati,
1021 942 1085 1004 qua
1111 922 1236 988 Placita
1252 924 1379 1008 scripta
1402 944 1473 989 esse

105 1030 222 1107 postea
237 1023 370 1090 docebo.
402 1029 517 1087 octavo
534 1021 618 1087 enim
635 1026 765 1088 sacculo
780 1045 847 1090 au.
857 1045 882 1089 c.
900 1023 1006 1089 floruit
1018 1022 1130 1087 Actius
1146 1024 1266 1110 rhetor,
1281 1026 1331 1092 cui
1347 1032 1473 1090 mortuo

105 1125 270 1208 eloginm¹
295 1124 422 1209 scripsit
444 1123 613 1207 Philippus
628 1125 929 1193 Thessalonicensis
952 1126 1006 1210 qui
1029 1132 1104 1209 post
1122 1127 1312 1213 Augustum,
1335 1128 1474 1193 fortasse

105 1227 204 1292 etiam
224 1228 285 1292 snb
299 1229 445 1310 Augusto
466 1226 633 1309 scripsisse
648 1227 715 1292 veri
739 1227 885 1294 similiter
900 1228 1051 1295 creditur.
1084 1249 1161 1294 narn
1177 1230 1347 1315 Philippus
1361 1231 1475 1297 antho-

105 1330 228 1412 logiam
255 1329 386 1412 collegit
413 1348 477 1410 qua
500 1328 718 1410 Meleagream
748 1332 947 1397 continuavit
971 1339 1148 1415 poetasque
1170 1352 1191 1397 a
1213 1333 1404 1400 Philodamo
1431 1333 1475 1399 ad

104 1432 379 1498 Automedontem
391 1431 521 1497 Nervae
532 1433 702 1512 aequalem
717 1433 961 1517 comprehendit.
972 1433 1025 1515 [cl.
1037 1432 1177 1498 Iacobsii
1189 1435 1286 1500 Anth.
1298 1436 1380 1500 XIII
1387 1436 1474 1518 9341.

105 1554 183 1617 ergo
211 1532 389 1600 inauditnm
416 1533 474 1598 illa
501 1540 610 1599 aetate
632 1554 751 1600 nomen
774 1535 858 1601 aetii
886 1557 951 1601 non
981 1542 1046 1619 cst,
1076 1534 1134 1600 scd
1161 1535 1335 1604 obscurius.
1369 1558 1474 1622 neque

105 1637 241 1721 scriptio
272 1644 343 1707 sola
369 1635 538 1719 diligentia
564 1638 789 1702 commendata
816 1638 956 1703 auctoris
988 1656 1105 1702 nomen
1135 1636 1307 1705 nobilitare
1335 1648 1474 1725 poterat.

105 1747 280 1823 praetcrea
301 1739 518 1807 Plutaroheae
540 1739 698 1823 epitomes
721 1740 876 1805 ementita
897 1739 1072 1805 auctoritas
1095 1739 1178 1805 adeo
1194 1741 1288 1807 Aetio
1312 1744 1418 1809 offecit
1440 1752 1475 1810 ut

105 1842 295 1926 paucissimi
322 1864 394 1910 eum
423 1842 560 1907 adirent.
603 1861 679 1906 nam
706 1850 837 1926 praeter
859 1841 1035 1908 stobaeum
1064 1850 1097 1908 et
1126 1843 1365 1911 Theodoretum
1392 1867 1475 1913 unus

105 1945 282 2011 Nemeeius
301 1965 341 2011 ex
364 1945 486 2011 maiore
508 1945 565 2011 illo
589 1944 670 2010 libro
693 1944 823 2011 haurire
846 1945 968 2011 maluit.

194 2047 399 2113 Nemeeius
428 2050 607 2113 Emesenus
638 2048 672 2112 in
699 2048 876 2114 Phoenicia
908 2049 1080 2133 episcopus
1111 2049 1166 2131 qui
1198 2053 1328 2119 saeculo
1360 2061 1475 2136 quarto

11 2193 18 2206 ·
104 2157 249 2217 exeunte
276 2149 377 2216 fuisse
406 2149 547 2215 creditur
574 2149 691 2214 librum
721 2170 813 2215 suum
836 2150 878 2216 de
899 2158 1017 2217 natura
1039 2150 1178 2216 hominis
1209 2152 1332 2218 subacti
1353 2153 1476 2238 ingenii

107 2252 286 2334 variaeque
314 2251 463 2318 lectionis
486 2258 603 2318 testem
624 2251 771 2318 Aetionis
794 2253 954 2319 coloribus
976 2253 1169 2336 compluries
1192 2253 1328 2320 ornavit.
1365 2255 1476 2321 statim

107 2355 172 2419 οἳ
195 2375 228 2438 p.
244 2355 286 2418 ‘28
308 2354 404 2418 Antv.
429 2354 471 2418 de
498 2353 610 2419 anima
632 2354 858 2420 concinnatum
880 2362 929 2420 est
951 2375 992 2420 ex
1014 2354 1098 2419 Accii
1120 2356 1200 2421 lva
1223 2366 1248 2419 3.
1271 2366 1310 2417 14.
1330 2367 1354 2418 9.
1374 2364 1414 2419 5².
1435 2366 1475 2419 ln.

106 2460 128 2523 2
153 2468 176 2518 l.
195 2466 212 2519 3
234 2456 364 2540 [eadem
383 2458 403 2535 ξ
422 2455 558 2520 iteratur
581 2457 667 2539 ρ.4ί
686 2456 858 2522 coniuncta
880 2476 952 2522 cum
974 2455 1041 2542 §ll
1064 2465 1088 2519 5.
1113 2469 1137 2521 6.
1163 2468 1179 2519 7
1210 2477 1250 2523 ex
1270 2457 1354 2523 heth
1370 2459 1415 2524 IV
1436 2460 1475 2524 13

108 2572 135 2624 9.
155 2572 184 2623 ιι
209 2577 388 2643 expressae
403 2565 478 2623 sunt
493 2558 670 2642 Hipparchi
694 2566 727 2625 et
742 2560 888 2624 Platonis
903 2559 1083 2626 sententiae
1106 2579 1133 2625 e.
1151 2561 1167 2623 l
1191 2581 1224 2644 p.
1240 2561 1291 2625 78.
1309 2562 1358 2626 79.
1392 2581 1476 2644 quae

108 2684 181 2730 eum
193 2667 433 2746 geometrarum
444 2660 573 2745 Epicuri
585 2660 767 2727 Aristotelis
779 2661 957 2728 sententias
968 2660 1339 2744 cingantaPlaeitorum
1350 2663 1477 2729 ratione

108 2786 173 2832 uon
195 2764 294 2830 nimis
316 2762 505 2828 recedentes
528 2782 647 2846 operae
670 2764 806 2847 pretium
834 2764 978 2830 facturus
1001 2763 1077 2827 mihi
1100 2763 1214 2831 videor
1234 2765 1262 2830 si
1285 2765 1337 2830 hie
1359 2767 1476 2831 saltem

110 2886 316 2951 excerpsero‚
340 2864 491 2947 quoniam
513 2864 593 2947 ipsis
609 2866 741 2931 l'laeitis
762 2868 906 2932 inserere
924 2864 1043 2932 nimiae
1065 2872 1152 2931 esset
1173 2866 1368 2933 audacias·
1401 2887 1476 2951 geo·

108 2977 288 3035 metretum
315 2973 402 3033 certe
424 2987 541 3032 nomen
569 2966 663 3032 abest
690 2989 711 3033 a
734 2968 882 3053 Placitis,
913 2987 998 3051 quac
1026 2966 1271 3035 mathematicos
1300 2969 1401 3035 citare
1427 2990 1477 3035 so

109 3073 187 3138 lent.
228 3076 402 3155 praeterea
425 3068 562 3135 refertus
590 3077 640 3135 est
669 3070 751 3136 liber
781 3071 974 3155 optimorum
1001 3069 1155 3134 librorum
1182 3072 1356 3156 excerptis,
1387 3073 1477 3138 velut

108 3173 258 3240 Galeam
280 3192 320 3237 ac
343 3169 545 3254 Porphyrius
573 3170 605 3235 in
628 3171 747 3237 vicinia
769 3173 917 3239 citantur.
964 3190 1064 3254 quare
1086 3171 1173 3237 unde
1195 3171 1397 3256 potissimum
1419 3173 1477 3238 illa

106 3273 285 3360 sumpserit
310 3276 408 3359 plane
433 3273 590 3340 incertum
613 3280 663 3340 est
685 3272 735 3360 [ci.
758 3274 851 3341 Alex.
868 3275 911 3340 ad
930 3273 1027 3338 Arist.
1044 3274 1074 3337 d.
1091 3293 1175 3340 sens.
1199 3296 1230 3358 p.
1247 3275 1333 3360 58st
1356 3272 1477 3361 Thur.].

184 3531 193 3564 ¹
213 3532 323 3583 Anthol.
337 3533 391 3582 vn
403 3529 455 3584 362
474 3527 599 3583 Φιλίππου
619 3528 818 3590 Θεσσαλονικέως

264 3611 364 3668 Edeta
382 3616 429 3684 τὴν
447 3616 515 3686 ίερὴν
534 3617 647 3687 κεφαλὴν
666 3617 736 3688 σάρος
754 3616 799 3687 ἥδε
817 3617 937 3672 κέκευθεν

298 3700 413 3754 Ἀετίου
431 3707 542 3772 χρηστοῦ
561 3703 666 3774 ῥήτορος
684 3704 818 3774 anapesto:
836 3705 984 3776 [έκπρεπέος
1005 3702 1047 3770 Ρ].

261 3785 355 3841 Ἤλυθε
375 3787 395 3844 δ’
416 3790 449 3848 είς
467 3787 545 3842 Ἀίδαο
564 3790 648 3859 δέμας,
667 3791 737 3862 ψυχὴ
756 3791 775 3844 δ’
797 3792 821 3850 ἐς
840 3791 961 3860 ὄλυμπον.

109 3888 239 3930 secuntur
256 3881 284 3928 iu
303 3880 324 3928 P
343 3879 394 3928 dno
414 3881 560 3944 interpolati
579 3899 675 3932 versus.

184 3962 262 4016 ’sed
279 3966 322 4015 hie
339 3967 486 4017 Aristotelis
509 3971 584 4018 simul
603 3970 634 4019 do
654 3966 925 4034 anima12p.404³=
944 3966 960 4018 3
980 3971 1154 4031 memorfuit,
1179 3970 1247 4019 nndc
1266 3978 1351 4020 tamon
1370 3967 1432 4038 ἀήρ,
1457 3972 1479 4020 si

109 4053 195 4103 modo
214 4053 292 4102 lectio
312 4068 384 4113 sana,
403 4056 628 4106 translatumesse
647 4072 699 4107 non
718 4064 810 4122 potest.

183 4137 195 4171 ⁸
218 4157 244 4204 p.
268 4137 303 4189 78
327 4142 405 4190 Antv.
431 4141 480 4193 179
508 4144 601 4192 Matth.
638 4141 661 4193 oi
689 4141 715 4194 δέ
747 4141 921 4210 γεωμέτραι
949 4140 1046 4199 κώνους
1074 4143 1140 4201 τινάς
1169 4144 1348 4213 ἀναγράφουσιν
1376 4143 1405 4195 έκ
1434 4147 1480 4213 τῆς

110 4223 314 4292 τινεμπτῶσεως
336 4231 388 4277 τῶν
411 4227 519 4279 ἀκτίνων
536 4229 678 4297 γινομένους
704 4235 756 4280 τῶν
779 4229 977 4296 ἐκπεμπομένων
1001 4228 1040 4280 διά
1062 4235 1114 4281 τῶν
1132 4229 1279 4301 ὀφθαλμῶν.
1307 4232 1412 4300 πέμπειν
1434 4231 1480 4301 γὰρ

111 4315 217 4369 ἀκτῖνας
234 4311 278 4363 τὸν
302 4313 347 4380 μὲν
369 4311 446 4373 δεξιὸν
471 4312 601 4384 ὀφθαλμὸν
620 4316 660 4368 ἐπὶ
678 4316 710 4368 τὰ
728 4316 841 4386 ἀριστερά
860 4315 902 4367 τὸν
921 4314 946 4367 δέ
965 4315 1090 4385 ἀριστερὸν
1108 4317 1148 4370 ἐπὶ
1166 4319 1198 4370 τὰ
1215 4316 1293 4381 δεξιοί,
1316 4318 1365 4370 ἀπὸ
1388 4318 1413 4370 ol
1436 4322 1482 4388 τῆς

112 4398 314 4469 πινεμπτῶσεως
332 4398 417 4452 αὐτῶν
435 4398 607 4454 ἀποτελεῖσθαι
631 4408 713 4453 κῶνον
731 4400 788 4454 ὅθεν
806 4400 870 4471 ὁμοῦ
889 4402 934 4471 μὲν
952 4401 1032 4454 πολλά
1051 4403 1239 4475 περιλαμβάνειν
1257 4403 1334 4474 ὁρατά
1352 4409 1398 4475 τῆν
1416 4403 1481 4475 ὄψιν,

113 4488 214 4559 βλέπειν
232 4486 259 4538 δέ
278 4485 390 4556 ἀκριβῶς
409 4487 490 4540 έκεῖνο
510 4486 570 4541 ἔνθα
589 4487 619 4540 ἀν
638 4490 820 4556 συνεμπέσωσιν
839 4490 863 4542 cl
887 4491 991 4549 ἀκτῖνες.
1015 4488 1083 4543 οὕτω
1105 4495 1163 4560 γοῦν
1182 4490 1302 4549 πολλάκις
1319 4491 1426 4562 ὁρῶντες
1448 4493 1482 4550 είς

112 4574 238 4645 τοῦδαφος
261 4571 310 4643 οὔχ
333 4572 432 4644 ὁρῶμεν
453 4575 482 4628 τὸ
501 4576 526 4628 ίν
545 4575 614 4645 αὐτῷ
633 4575 740 4644 νάμισμυ
759 4577 871 4644 κείμενον
890 4578 1038 4638 ἀτενίζοντες
1056 4579 1096 4630 ἐπὶ
1114 4578 1240 4641 πλεῖστον,
1263 4577 1311 4637 ίως
1330 4578 1359 4630 ἂν
1377 4580 1402 4632 αἱ
1421 4596 1481 4648 συμ-

115 4663 187 4732 βολαί
209 4668 262 4714 τῶν
286 4661 396 4714 ἀκτίνων
419 4664 444 4715 έν
467 4663 555 4732 ίκιίνιρ
578 4664 697 4731 γένωνται
719 4670 755 4732 τῷ
779 4664 847 4733 μέρει
871 4663 930 4715 ἔνθα
954 4671 1033 4717 κεῖται
1055 4664 1084 4716 τὸ
1106 4665 1213 4733 νόμισμα
1235 4666 1279 4716 καὶ
1302 4666 1357 4718 τότε
1380 4674 1411 4737 τῇ
1434 4665 1483 4736 tte

112 4751 300 4823 προστάττομεν
318 4748 397 4801 citos
416 4749 452 4807 ὡς
469 4749 524 4802 τότε
543 4755 644 4818 πρῶτον
662 4749 792 4819 ἀρξάμενοι
810 4751 947 4821 προσέχειν.
968 4781 1000 4787 --
1019 4751 1041 4802 ol
1060 4750 1086 4802 ol
1103 4746 1308 4820 Ἔπίκοίιρειοι
1321 4752 1412 4805 είλωλα
1430 4759 1483 4804 τῶν

114 4839 271 4908 pumpiaco
296 4837 457 4906 προσπίπτειν
480 4843 531 4895 τοῖς
549 4835 695 4907 ὀφθαλμοῖς.
715 4865 747 4875 ·-
767 4835 984 4908 Ἀριστοτέλης
1007 4838 1033 4890 δὲ
1056 4837 1103 4889 οὐκ
1126 4835 1230 4889 εἴδωλον
1253 4838 1396 4907 σωματικὸν
1420 4838 1483 4892 ἀλλά

115 4926 235 4997 ποιάτιγτα
252 4924 283 4978 δι’
306 4923 467 4984 ἀλλοιώσεως
484 4931 530 4978 τοῦ
549 4924 617 4994 πέριξ
636 4925 706 4992 άέρος
725 4925 774 4976 ἀπὸ
792 4931 844 4977 τῶν
862 4923 960 4994 ὁρατῶν
980 4925 1038 4995 ἀγρι
1057 4928 1101 4977 τοῦ
1119 4925 1202 4993 ὄψεως
1220 4924 1407 4996 παραγενέσθαι.

169 5042 259 5090 Diels,
280 5040 427 5090 Dexomphl
445 5039 527 5088 grucel.
1122 5029 1126 5038 ⁵
1260 5012 1283 5074 4
