3442 5588
623 345 899 397 raonneousna
1378 343 1438 407 157

75 516 189 582 omnia
210 520 298 582 recte
320 513 496 579 intellecta.
530 514 620 579 velut
641 513 697 594 §5
719 512 845 578 initium
866 511 1101 579 subabsurdum
1124 519 1226 595 esset,
1255 514 1316 580 nisi
1338 515 1441 582 Theos

74 617 240 702 phrastcis
265 615 473 699 comparatis,
495 615 573 698 quid
599 615 742 681 dicturus
774 621 875 698 esset,
909 619 1167 696 cognosceretur.
1211 617 1298 696 quod
1325 619 1440 702 Empe

75 720 164 786 dccli
196 715 322 800 vulgari
349 716 616 802 philosophorum
643 716 859 781 recentiorum
887 737 947 781 usu
973 718 1144 800 ἡγεμονικὸν
1173 716 1284 782 tribuit
1310 720 1440 802 aliaque

77 822 224 888 eiusdem
240 819 328 886 modi
343 838 450 903 pauca
466 821 639 885 mittamus
679 818 908 901 compilatoris,
931 817 1075 901 quisquis
1097 817 1171 900 fuit,
1194 819 1361 885 consilium
1383 822 1441 886 ali-

77 930 238 1007 quatenus
252 922 432 988 illustratur
449 943 490 989 ex
504 922 608 989 titulo.
642 920 702 986 sub
717 920 890 1004 splendida
909 919 994 985 enim
1015 921 1208 1005 στρωματέον
1231 921 1439 1004 inscriptione

78 1027 258 1092 miscellam
282 1025 459 1107 collegerat
476 1024 673 1107 farraginem
687 1042 736 1106 ae,
759 1023 786 1088 si
809 1022 975 1106 specimini
998 1022 1090 1108 fidas,
1113 1023 1192 1089 satis
1213 1021 1348 1088 aridam.
1381 1026 1440 1090 sed

78 1130 229 1196 norimus
259 1126 492 1193 Graeculorum
523 1127 636 1191 miram
663 1124 859 1190 inscribendi
886 1124 1088 1209 felicitatem,
1118 1145 1183 1207 qna
1209 1127 1363 1192 materias
1389 1128 1441 1191 fri·

78 1233 174 1298 volas
199 1231 309 1296 fucato
341 1229 465 1312 pittaoii
492 1228 666 1312 splendore
695 1226 919 1293 venditabant.
963 1227 1132 1294 invenerat
1153 1228 1279 1293 titulum
1303 1228 1441 1295 fortasse

78 1336 164 1401 alius
179 1335 324 1400 Graecus
350 1369 386 1379 -
410 1350 487 1398 nam
508 1349 551 1396 ne
574 1350 615 1396 ea
637 1328 767 1412 quidem
790 1330 861 1393 laus
883 1335 934 1393 est
954 1328 1007 1394 isti
1029 1329 1181 1395 nebuloni
1197 1366 1248 1413 -,
1272 1332 1441 1414 usurpavit

77 1445 167 1504 certe
190 1435 309 1502 latinns
334 1434 472 1519 scriptor
494 1431 625 1498 lhaiani
654 1431 802 1514 aequalis
825 1428 1005 1496 Caesellius
1027 1431 1168 1515 Vindex,
1194 1432 1248 1515 qui
1272 1433 1442 1499 Lectiones

77 1558 157 1605 snas
179 1538 331 1620 antiquas
355 1535 415 1602 sub
437 1534 640 1618 generaliore
662 1533 869 1600 Stromatson
892 1533 985 1598 titulo
1008 1535 1196 1617 complexus
1218 1554 1291 1599 esse
1313 1534 1441 1600 videtur

78 1639 130 1728 [cf.
154 1639 310 1706 Priscian.
337 1660 370 1723 p.
387 1639 494 1721 210,t
524 1638 597 1719 230,
614 1639 653 1702 11
686 1634 906 1702 Caesellius
939 1635 1088 1702 Vindex
1120 1636 1158 1700 in
1193 1635 1439 1723 Stromateol.

78 1743 186 1809 Plinio
200 1739 352 1808 Naturali
374 1738 529 1805 historiae
552 1737 699 1822 praefato
722 1739 825 1803 multa
846 1737 913 1802 alia
934 1744 1013 1804 nota
1032 1745 1116 1821 sunt,
1140 1738 1340 1805 Stromatcas
1361 1760 1441 1805 non-

78 1846 154 1912 dum
182 1843 284 1911 norit
327 1848 363 1907 at
393 1840 485 1906 norit
516 1839 640 1906 Gellius
672 1840 726 1922 qui
754 1840 912 1906 Noctibus
938 1841 1005 1905 suis
1033 1839 1251 1924 prooemiatus
1282 1842 1440 1907 Plinianis

78 1947 197 2032 partim
218 1943 365 2029 repetitis
386 1942 477 2008 addit
499 1947 686 2026 στρωματεῖς.
733 1942 852 2008 deinde
873 1941 1023 2009 Clemens
1038 1942 1278 2008 Alexandrinus
1301 1943 1440 2009 fortasse

79 2047 290 2115 Plutarchum
316 2064 411 2129 quem
438 2044 575 2110 credidit
600 2044 782 2109 aemulatus
808 2044 1028 2111 doctissimum
1058 2064 1139 2128 opus
1162 2044 1224 2110 hoc
1244 2046 1375 2112 nomine
1396 2046 1442 2110 in·

80 2151 233 2234 signitum
260 2148 363 2215 voluit
388 2144 440 2233 [ef.
463 2145 605 2212 Dindorf
631 2145 732 2212 Clem.
763 2145 864 2230 praef.
888 2147 904 2210 Ι
928 2144 1054 2233 xxvn1].
1090 2147 1269 2230 pleniorem
1300 2148 1442 2214 Pseudo-

82 2251 263 2338 plutarchei
283 2249 357 2315 libri
378 2248 623 2333 inscriptionem
646 2247 790 2314 servavit
805 2247 977 2333 Lampriae
991 2247 1157 2333 personati
1172 2251 1340 2332 catalogus
1355 2271 1387 2315 n.
1400 2251 1441 2314 62

82 2353 160 2443 [μθ
182 2355 235 2422 ed.
257 2350 354 2439 Τῐσιι]
381 2356 559 2438 στρωματεῖς
582 2351 718 2435 ἱστορικοὶ
742 2351 886 2434 ποιητικοί
906 2335 964 2439 eff,
985 2351 1055 2416 ἔνιοι
1078 2353 1110 2416 δὲ
1133 2338 1193 2422 ἕλ’.
1237 2371 1442 2417 numerorum

81 2456 312 2541 discrepantia,
335 2473 432 2538 quam
454 2475 476 2521 a
497 2454 615 2520 'lhevio
637 2471 753 2537 parum
774 2453 968 2536 explicatam
991 2454 1087 2520 video
1110 2455 1154 2537 [p.
1171 2454 1241 2537 49]‚
1264 2454 1442 2537 repetenda

82 2565 188 2626 estex
205 2557 425 2640 exemplorum
441 2556 631 2622 diversitate
645 2554 679 2619 in
694 2554 889 2620 bibliotheca
904 2562 1143 2622 asservatorum
1166 2556 1205 2622 cf.
1222 2574 1321 2639 supra
1342 2576 1374 2639 p.
1390 2556 1441 2621 27.

82 2660 170 2744 quod
191 2661 330 2726 alterum
353 2658 520 2741 exemplar
541 2676 690 2722 mancum
720 2663 808 2741 erat,
835 2656 930 2721 istinc
951 2657 1088 2723 forsitan
1109 2657 1268 2741 quispiam
1291 2656 1444 2741 explicet,

80 2761 169 2845 quod
190 2760 347 2846 peculiari
369 2760 463 2827 titulo
486 2780 553 2825 non
574 2761 684 2825 nullae
707 2760 842 2841 eclogae
865 2757 1181 2825 circumferebantur.
1225 2779 1286 2826 nec
1309 2760 1443 2825 relucta·

79 2863 141 2929 bor
168 2862 198 2928 si
224 2861 296 2945 quis
316 2883 349 2928 u.
368 2862 430 2928 184
457 2860 599 2943 catalogi
631 2863 695 2946 capi
723 2867 781 2925 τῶν
808 2865 923 2946 πρῶτον
950 2864 1208 2947 φιλοσοφησάντων
1236 2863 1284 2926 καὶ
1305 2866 1364 2925 τῶν
1387 2862 1442 2925 ἀπ’

79 2966 179 3031 αὐτῶν
203 2964 388 3031 Eusebiano
415 2963 597 3046 fragmento
627 2982 694 3028 non
720 2962 851 3028 differre
877 2962 1058 3047 suspicatus
1081 2963 1151 3030 erit.
1174 2964 1182 2995 ¹
1228 2963 1443 3046 adgnovimus

79 3067 179 3152 igitur
217 3066 440 3151 miscellanea,
475 3063 585 3148 qualia
616 3063 675 3129 illa
707 3070 818 3131 aetate
849 3064 1048 3147 collegerunt
1075 3064 1256 3131 Favorinus
1287 3065 1443 3131 Aelianus

80 3190 140 3238 nec
162 3169 256 3255 peior
278 3167 343 3234 illis
362 3167 497 3253 Gellius,
521 3167 716 3233 Plutarchus
737 3173 847 3233 autem
868 3166 930 3231 iste
952 3167 1049 3249 longe
1071 3166 1213 3234 inferior.
1247 3186 1323 3232 nam
1344 3168 1444 3234 Euse-

80 3271 152 3338 bius
174 3270 258 3337 nihil
280 3271 356 3336 hinc
378 3269 519 3354 dempsit
540 3275 598 3335 ant
619 3269 755 3355 addidit,
779 3276 815 3335 ut
837 3274 963 3335 constet
985 3270 1229 3353 compilatorem
1250 3290 1316 3336 non
1339 3273 1443 3336 solum

81 3375 149 3441 sine
165 3380 239 3440 arte
260 3372 319 3438 sed
343 3371 442 3438 etiam
457 3358 527 3437 sind
541 3372 668 3439 ratione
690 3371 724 3438 in
745 3370 898 3436 horreum
921 3371 1123 3455 congessisse
1144 3373 1299 3456 quidquid
1321 3374 1355 3437 in
1378 3374 1443 3439 stili

80 3495 217 3542 acumen
239 3473 406 3540 inciderat
441 3473 500 3540 sed
521 3471 583 3539 hoc
606 3473 789 3557 postmodo.
824 3472 866 3538 de
881 3479 991 3539 aetate
1010 3474 1204 3556 quaerimus.

164 3576 201 3643 Si
227 3575 300 3659 quis
325 3574 448 3640 bandis
473 3581 590 3658 aperta
620 3574 713 3657 signa
742 3593 923 3656 causasque
949 3594 1016 3639 non
1039 3576 1283 3658 neglexerit-
1306 3597 1383 3642 nam
1406 3578 1443 3642 ti-

80 3680 132 3746 tuli
156 3676 316 3764 splendor
341 3676 547 3758 auctorisque
573 3676 778 3742 mendacium
805 3696 847 3743 ex
873 3675 988 3742 codem
1016 3678 1186 3760 mangonis
1216 3678 1351 3744 consilio
1373 3701 1445 3763 pro-

80 3781 266 3850 ficiscuntur
287 3815 330 3826 —
351 3777 552 3860 aliquantum
575 3785 649 3862 post
670 3777 836 3845 Plutarchi
859 3783 994 3844 mortem
1017 3779 1251 3862 progredietur.
1297 3781 1445 3847 sednon

78 3886 226 3950 nultum.
271 3900 347 3946 nam
379 3879 465 3944 circa
497 3879 638 3945 medium
672 3883 810 3947 alterum
843 3881 1008 3946 saeculum
1045 3879 1185 3946 maxime
1215 3881 1249 3947 in
1280 3883 1445 3949 Plutarchi

74 4005 196 4053 nomon
231 3987 380 4067 grassata
402 3982 530 4048 videtur
561 3981 651 4048 fraus
684 3980 967 4066 grammaticorum
998 3980 1049 4068 [cf.
1079 4003 1177 4067 snpra
1205 4006 1236 4068 p.
1258 3986 1324 4067 65].
1359 3993 1446 4052 certe

68 4087 252 4171 Eusebius,
275 4103 359 4168 quae
381 4090 432 4150 est
453 4083 537 4149 mira
559 4085 629 4150 eius
652 4084 818 4168 securitas,
841 4083 1016 4168 genuinum
1039 4084 1140 4151 fetum
1162 4086 1309 4153 credidit.

162 4186 340 4273 Scriptoris
367 4184 485 4251 levitas
513 4204 552 4251 eo
575 4187 778 4270 potissimum
800 4186 941 4252 camitur
964 4186 1051 4269 quod
1073 4186 1204 4253 diversa
1226 4190 1315 4253 nullo
1338 4188 1448 4253 discri-

62 4292 165 4359 mine
186 4286 383 4376 permiscuit.
407 4305 483 4352 nam
505 4295 594 4354 certo
617 4289 735 4355 certius
757 4294 807 4354 est
829 4291 871 4369 ἐξ
887 4289 981 4353 1-7.
1007 4289 1133 4355 10-12
1156 4309 1196 4355 σιτ
1211 4310 1275 4355 uuo
1292 4290 1446 4374 deinceps

62 4391 206 4460 fontei.
223 4410 252 4458 e.
268 4387 517 4473 Theophrastea
533 4389 674 4473 epitome
688 4391 865 4457 secundum
888 4390 1104 4474 philosophos
1127 4391 1277 4456 ordinata
1298 4398 1444 4476 sumptas

149 4581 159 4612 ¹
179 4581 333 4633 confirmare
356 4581 457 4631 videtur
479 4582 555 4630 istam
578 4583 633 4631 sive
657 4584 806 4646 opinionem
831 4583 886 4631 siva
911 4582 1093 4631 ariolationcm
1112 4583 1181 4645 quod
1202 4582 1332 4646 praecedit
1349 4599 1375 4631 n.
1397 4580 1446 4633 183

73 4666 172 4737 φυσικὴ
193 4665 300 4735 λιτττσμή
319 4671 337 4717 i.
355 4683 379 4717 c.
398 4668 529 4732 geminum
552 4670 697 4733 exemplum
715 4671 874 4720 Placitorum
893 4684 919 4717 n.
934 4667 965 4719 el
986 4667 1042 4735 πιρὶ
1059 4670 1112 4717 τῶν
1130 4665 1287 4736 ἀρεσκόντων
1306 4664 1447 4736 φιλοσόφοις

76 4756 186 4823 φυσικῆς
210 4752 332 4821 ἐπιτομῆς
351 4750 433 4820 βιβλία
451 4733 475 4805 ἶ.
500 4756 592 4805 eodem
615 4756 693 4805 modo
718 4770 770 4805 uno
793 4756 868 4804 titulo
887 4757 959 4819 prior
977 4765 1016 4805 est
1038 4771 1063 4804 a.
1077 4751 1111 4805 62
1134 4757 1296 4822 στρωματεῖς.
1320 4757 1346 4805 in
1371 4757 1445 4804 titulo

80 4839 200 4908 λστσφιιιοὶ
217 4845 355 4906 scriptores
373 4841 545 4906 pedestras
564 4844 731 4907 intellegendi
751 4842 878 4892 sidentur.
907 4842 1027 4906 bipartita
1044 4843 1113 4890 enirn
1131 4844 1179 4892 fuit
1196 4844 1357 4906 singulorum
1376 4845 1445 4906 capl-

89 4938 137 4978 tum
153 4929 255 4990 divisio,
274 4929 346 4992 quali
363 4929 472 4980 Stohasi
490 4944 554 4995 opus
573 4930 726 4979 adornatum
745 4937 793 4979 est.
