3442 5588
644 317 918 383 rnonnoonnus
1420 336 1456 396 31
1512 355 1515 359 -

95 515 257 578 quemque
279 498 416 564 scubam
432 505 649 563 correcturum
664 505 769 581 putes,
792 497 838 563 ita
852 520 924 564 cum
940 499 1162 581 antiquissimo
1178 502 1362 583 Musquensi
1380 502 1461 566 libro

93 598 182 680 iacit,
207 606 241 664 ut
255 600 370 665 affines
392 619 432 665 ac
455 620 561 684 paene
583 601 739 683 gemellos
754 602 878 667 credas.
912 603 1030 666 scimus
1045 622 1086 667 ex
1102 601 1244 667 Stobaec
1260 624 1371 669 verum
1389 625 1461 670 esse

94 700 139 785 ὑφ’
161 701 196 765 οὗ
219 702 307 767 V30
328 714 359 776 1,
380 703 460 768 mire
482 710 668 785 corruptum
692 702 849 784 praebent
872 705 1068 786 glossemate
1083 704 1206 769 intruso
1223 707 1319 789 ὑφέξω
1335 708 1462 772 codices

94 803 195 867 nostri
220 805 342 887 optimi,
366 805 409 890 ὑφ’
431 807 467 889 ἧς
491 805 655 886 corrigunt
678 805 839 887 vulgares.
874 807 931 871 sed
954 806 1081 871 Psellus
1102 805 1302 888 ineptissime
1325 810 1368 894 ὑφ’
1395 811 1461 878 ἕξιν.

93 903 266 970 dilucidior
297 906 332 972 fit
360 908 565 973 necessitudo
595 917 646 980 §6
683 907 828 978 Αἰθίοπας
849 912 1002 992 γηράσκειν
1023 907 1074 991 ἔτη
1097 910 1258 990 τριάκοντα.
1290 912 1345 975 vix
1363 913 1461 977 risum

93 1014 217 1072 teneas.
262 1009 347 1076 adeo
380 1010 413 1074 in
442 1018 593 1094 promptu
626 1019 696 1076 erat
725 1010 847 1075 bomini
880 1012 978 1093 paulo
1012 1010 1176 1075 attentiori
1210 1010 1266 1074 ἔτει
1298 1023 1460 1102 τριακοστῷ

92 1109 280 1195 emendare,
303 1112 389 1195 quod
406 1133 427 1178 a
444 1113 533 1177 libris
548 1111 763 1178 deterioribus
778 1113 902 1178 scilicet
913 1112 1034 1176 dudum
1047 1111 1214 1177 inventum
1230 1123 1288 1179 est.
1312 1117 1460 1183 ninurum

94 1209 151 1273 ἔτει
168 1199 195 1274 I
216 1214 370 1298 scriptum
393 1215 464 1298 fuit,
487 1216 574 1297 quod
588 1215 687 1281 etiam
701 1215 873 1298 insipidius
889 1214 1030 1296 corrupit
1045 1213 1189 1280 Galenus
1204 1216 1244 1280 cf.
1261 1238 1291 1299 p.
1306 1221 1355 1283 12.
1383 1221 1460 1301 quid

92 1313 192 1396 igitur
212 1318 443 1400 consequitur?
470 1337 587 1401 nempe
608 1326 642 1383 ut
664 1339 704 1384 ex
724 1318 903 1399 exemplari
918 1316 1074 1382 inviolato
1091 1316 1188 1381 Psclli
1205 1320 1398 1404 exemplum,
1421 1342 1460 1387 ex

93 1417 210 1483 eodem
235 1440 365 1486 mucore
389 1427 504 1504 postca
520 1440 648 1486 corroso
665 1419 810 1484 codicum
830 1427 1012 1485 nostrorum
1027 1418 1223 1502 archetypus
1238 1419 1395 1488 deductus
1410 1425 1459 1489 sit.

92 1519 199 1585 minus
222 1529 349 1588 constat
371 1523 413 1589 de
436 1521 645 1605 temporibus.
677 1522 804 1587 Psellns
825 1529 975 1609 extremo
993 1522 1123 1586 saeculo
1138 1522 1187 1584 XI
1208 1521 1323 1606 floruit,
1346 1526 1459 1591 eodem

92 1628 240 1705 tempere
267 1626 320 1690 vel
342 1626 440 1708 paulo
463 1632 537 1709 post
558 1623 761 1706 Musquensis
785 1623 866 1689 liber
888 1622 944 1709 (Α)
966 1622 1146 1706 descriptus
1168 1632 1227 1690 est.
1265 1646 1459 1709 quamquam

92 1723 229 1789 vacillat
250 1726 407 1792 Matthaei
435 1728 477 1792 de
505 1727 575 1793 eius
602 1734 710 1792 aetate
733 1726 893 1791 iudicium.
939 1745 1039 1807 (parare
1065 1733 1189 1790 tautum
1217 1728 1285 1792 veri
1314 1729 1460 1795 similiter

93 1847 197 1912 sumo,
221 1831 351 1894 maculo
366 1829 396 1894 X
411 1830 464 1895 vel
479 1829 611 1895 ineunte
622 1829 670 1893 XI
685 1828 898 1912 archetypum
916 1849 1011 1910 quem
1026 1848 1178 1894 vocamus
1193 1837 1361 1895 exaratum
1378 1850 1459 1896 esse.

179 1929 247 1995 Sub
270 1932 335 1995 XII
349 1931 471 1998 saeculi
490 1932 612 1998 exitum
627 1930 836 2013 cognovimns
859 1931 1042 1995 Ioannem
1064 1930 1243 1995 Tzetzam
1265 1933 1459 2015 compluries

94 2031 261 2096 Plutarchi
278 2033 409 2098 Placitis
425 2055 527 2099 usum.
561 2042 731 2100 comment.
747 2033 781 2097 in
796 2033 888 2098 Iliad.
904 2054 935 2115 p.
952 2034 1003 2115 67,
1021 2032 1061 2096 ’28
1084 2033 1191 2097 Herm.
1208 2054 1248 2098 ex
1265 2035 1411 2099 Plutia
1432 2045 1457 2118 5,

94 2155 123 2216 p.
140 2135 232 2217 65,9
254 2155 295 2201 ex
318 2137 417 2218 182,
445 2136 545 2202 schol.
569 2137 611 2200 ad
639 2137 745 2201 Pzetz.
768 2136 864 2217 alleg.
888 2155 940 2218 ap.
966 2134 1107 2200 Cramer.
1130 2135 1167 2198 Α.
1192 2134 1229 2199 0.
1252 2138 1299 2201 III
1323 2138 1395 2220 380,
1418 2140 1457 2202 12

92 2255 132 2300 ex
153 2237 204 2300 lv
228 2247 252 2320 1,
275 2238 425 2305 schehin
448 2239 579 2304 Hesiod.
602 2259 633 2321 p.
650 2239 691 2302 66
707 2238 792 2321 Bas,
815 2259 845 2321 p.
862 2239 918 2301 40·
941 2237 1050 2303 Heius.
1067 2257 1106 2302 ex
1130 2238 1215 2302 V‘Iss
1233 2248 1250 2297 4
1272 2247 1456 2322 excerptum

91 2346 152 2404 est.
197 2346 323 2405 tantum
350 2341 436 2406 enim
458 2340 548 2405 alind
571 2360 672 2422 agens
694 2340 832 2424 repperi.
878 2346 1101 2423 excerptorum
1129 2339 1256 2403 illorum
1279 2342 1386 2405 nullus
1409 2350 1458 2407 est

91 2461 180 2507 usus.

181 2545 378 2630 Vulgaribus
401 2546 565 2612 codicibus
585 2567 662 2611 usus
685 2551 734 2611 est
754 2546 852 2610 etiam
875 2545 1095 2612 scholiasta
1117 2545 1311 2630 Platonis,
1339 2549 1392 2630 qui
1415 2548 1458 2614 ad

91 2648 262 2732 Rempubl.
286 2671 318 2733 p.
333 2650 424 2714 seer
460 2651 543 2714 Plut.
559 2650 647 2715 1122
663 2659 679 2711 2
699 2656 732 2714 et
753 2649 795 2713 23
808 2659 864 2712 et
883 2648 1053 2732 excerpsit.

179 2752 229 2815 Er
257 2751 435 2816 novissima
462 2752 715 2837 Byzantinorum
743 2759 853 2818 aetate
879 2752 922 2816 ad
950 2749 1158 2815 Plutarchum
1187 2753 1320 2817 recurrit
1347 2754 1375 2816 is
1402 2755 1456 2837 qni

91 2852 126 2916 in
153 2852 225 2917 cod.
254 2853 473 2919 Laurentiano
501 2854 643 2918 XXVIII
667 2855 709 2919 22
732 2875 757 2918 s.
775 2853 834 2918 XV
849 2854 871 2918 f.
890 2853 1030 2919 81-83
1058 2853 1343 2918 astronomicarum
1371 2855 1457 2920 futti-

91 2953 249 3019 lissimam
273 2956 443 3022 colluviem
467 2956 611 3022 corrasit.
644 2956 829 3021 inscribitur
851 2956 985 3022 ridicule
1004 2953 1337 3040 Ἐρωτοαποκρίσεις
1359 2963 1456 3044 φιλο-

92 3058 208 3142 cocco
227 3057 504 3142 Ἀριστοτέλους,
527 3077 609 3140 quas
632 3058 669 3124 V.
691 3059 816 3124 Roseus
838 3057 872 3123 in
895 3059 1034 3123 Hermae
1057 3058 1119 3122 vol.
1138 3058 1185 3122 IX
1201 3060 1262 3123 119
1285 3063 1455 3144 excerpsit.

92 3167 224 3242 praeter
246 3161 481 3227 astronomicas
503 3160 646 3226 rationes
668 3162 841 3227 Persarum
863 3160 978 3243 opinor
1000 3158 1149 3224 doctrina
1168 3160 1284 3226 leviter
1305 3161 1456 3246 imbutas,

92 3281 190 3344 quam
211 3262 245 3327 bi
267 3263 310 3327 ab
327 3261 487 3328 Arabibus
504 3269 537 3328 et
552 3262 654 3347 Syris,
677 3270 744 3328 tum
766 3284 791 3328 s.
808 3263 885 3328 XIV
899 3281 921 3326 a
937 3261 1045 3327 Persis
1061 3261 1178 3327 Graeci
1194 3273 1385 3346 receperunt
1405 3264 1455 3352 [cs.

94 3363 231 3430 Usencri
259 3364 396 3449 symbol.
428 3366 471 3430 ad
498 3365 611 3430 histor.
642 3373 818 3431 astronom.
840 3386 872 3448 p.
888 3362 941 3450 24]
974 3363 1137 3429 Plutarchi
1164 3365 1285 3447 placita
1314 3366 1365 3432 bic
1390 3369 1457 3434 illic

91 3466 278 3549 expilantur
299 3467 389 3532 velut
411 3467 443 3530 11
466 3469 503 3532 11
529 3476 607 3532 2—5.
631 3467 720 3532 1111.
739 3476 763 3528 a.
782 3479 808 3529 4.
829 3477 853 3530 5.
875 3465 1027 3532 utebatur
1054 3464 1165 3530 codice
1193 3467 1339 3551 vulgato,
1367 3471 1456 3534 cuius

91 3568 250 3634 lectiones
277 3588 337 3633 sua
365 3568 498 3651 insuper
525 3569 739 3653 perversitate
767 3569 800 3634 in
826 3589 933 3635 meras
955 3586 1059 3650 nugas
1082 3567 1249 3632 convertit.
1278 3590 1378 3652 quare
1402 3573 1457 3637 mi·

91 3670 155 3735 rari
184 3671 273 3737 subit
300 3672 387 3755 quod
416 3670 526 3736 nescio
556 3692 619 3753 que
646 3679 741 3755 pacto
772 3672 927 3755 originem
960 3671 1012 3736 vel
1041 3669 1215 3734 Plutarcho
1242 3672 1456 3755 antiquiorem

92 3773 249 3840 odoratus
272 3781 322 3840 est
343 3774 479 3857 Roseus,
502 3774 557 3856 qui
582 3773 751 3858 pristinum
775 3774 970 3840 Placitorum
992 3793 1109 3855 corpus
1130 3773 1249 3838 talibus
1276 3775 1457 3859 quisquiliis

91 3874 189 3941 ditari
217 3897 315 3961 posse
342 3876 497 3961 sperabat
519 3898 549 3960 p.
569 3877 664 3941 120¹:
694 3880 743 3941 τὸν
767 3879 819 3960 μὲν
842 3877 942 3961 κρόνον
964 3877 1051 3961 φασὶν
1074 3875 1235 3959 φαέθοντα,
1257 3878 1306 3939 τὸν
1328 3879 1362 3941 δὲ
1383 3879 1455 3962 ἄρην

91 3980 244 4062 mptum,
267 3983 317 4044 τὸν
339 3979 364 4043 δ’
391 3981 474 4065 ἥλιον
497 3979 725 4061 πεζοδρόμον,
746 3981 799 4063 τὴν
823 3981 856 4042 δὲ
878 3978 1034 4063 ἀφροδίτην
1057 3978 1217 4062 ἑωσφόρον,
1239 3980 1288 4041 τὸν
1310 3981 1343 4042 δὲ
1364 3982 1455 4065 ἑρμῇν

91 4080 260 4166 στίλβοντα,
287 4084 340 4168 την
368 4083 401 4145 δὲ
430 4083 554 4165 σελήνην
583 4083 677 4166 μήνην
700 4078 782 4167 [eod.
807 4077 909 4166 pirurl·
953 4087 987 4144 at
1014 4079 1096 4144 haee
1124 4080 1298 4145 decantata
1327 4089 1456 4148 suntet

90 4182 197 4249 ubivis
230 4184 328 4251 obvia
357 4189 488 4267 praeter
513 4186 618 4268 μήνην,
646 4185 733 4267 quod
766 4204 806 4249 ex
833 4181 939 4266 poetis
967 4180 1066 4246 fluxit.
1122 4184 1301 4267 πεζοόρὸμος
1337 4192 1455 4269 autem,

89 4288 176 4369 quod
205 4287 313 4354 Boseo
345 4286 558 4353 cummaxime
591 4285 762 4370 imposuit,
792 4292 906 4368 aperte
934 4284 1186 4368 Byzantinorum
1217 4292 1276 4367 est,
1309 4293 1344 4351 ut
1374 4294 1455 4360 πεζο-

89 4391 218 4473 δραμεῖν.

175 4493 432 4579 Byzantinorum
455 4512 550 4558 nemo
579 4499 709 4576 praeter
735 4511 793 4557 eos
822 4510 902 4573 qnos
930 4488 1095 4555 nominavi
1120 4489 1327 4555 Plutarchum
1355 4495 1456 4559 oculis

88 4597 301 4681 usurpavisse
328 4595 466 4660 videtur.
511 4594 683 4660 Michael
706 4593 836 4676 quidem
860 4592 1021 4677 Glycas,
1050 4610 1144 4673 quem
1175 4591 1295 4658 vixisse
1318 4594 1402 4660 cirea
1424 4616 1453 4661 a.

90 4701 174 4764 1050
195 4697 307 4764 docuit
329 4697 503 4762 Labbaeus
533 4694 596 4783 [ed.
621 4695 726 4761 Beklr.
751 4692 826 4782 IXI,
862 4695 894 4759 in
923 4695 1041 4760 Annal.
1070 4694 1094 4758 I.
1118 4693 1151 4756 II
1177 4693 1219 4757 ad
1248 4695 1455 4762 Plutarchum

88 4809 246 4883 provocat
268 4823 299 4885 p.
317 4800 393 4883 247,
409 4798 464 4864 4Β
487 4801 560 4863 κατὰ
582 4804 667 4863 τοῦτο
687 4799 734 4861 καὶ
751 4800 767 4862 ὁ
785 4797 1016 4884 Πλούταρχος
1033 4795 1128 4879 ἔλεγεν
1147 4793 1270 4882 ‘ibelim
1282 4835 1324 4842 —
1336 4799 1449 4870 αὐτούς’

87 4903 128 4967 ef.
144 4905 229 4969 Plut.
247 4905 262 4968 I
277 4905 299 4967 6
317 4912 346 4967 8.
368 4909 405 4966 at
427 4901 531 4984 ipsum
553 4902 692 4985 primum
713 4900 907 4967 vocabulum
929 4898 1032 4985 ἔλαβον
1049 4921 1106 4982 pro
1122 4898 1287 4963 Plutarchi
1312 4903 1454 4987 ἐλάβομεν
