<?xml version="1.0" encoding="UTF-8"?>
<!DOCTYPE html PUBLIC "-//W3C//DTD XHTML 1.0 Transitional//EN"
    "http://www.w3.org/TR/xhtml1/DTD/xhtml1-transitional.dtd">
<html xmlns="http://www.w3.org/1999/xhtml" xml:lang="en" lang="en">
 <head>
  <title>
</title>
<meta http-equiv="Content-Type" content="text/html;charset=utf-8" />
  <meta name='ocr-system' content='tesseract 3.04.00' />
  <meta name='ocr-capabilities' content='ocr_page ocr_carea ocr_par ocr_line ocrx_word'/>
</head>
<body>
  <div class='ocr_page' id='page_1' title='image "./doxographigraec00dielgoog/doxographigraec00dielgoog_0204.png"; bbox 0 0 3464 5586; ppageno 0'>
   <div class='ocr_carea' id='block_1_1' title="bbox 669 321 1003 401">
    <p class='ocr_par' dir='ltr' id='par_1_1' title="bbox 669 321 1003 401">
     <span class='ocr_line' id='line_1_1' title="bbox 669 321 1003 401; baseline 0.009 -27"><span class='ocrx_word' id='word_1_1' title='bbox 669 321 945 376; x_wconf 77' lang='lat' dir='ltr'><strong>Paonneounun</strong></span> <span class='ocrx_word' id='word_1_2' title='bbox 1002 396 1003 401; x_wconf 9' lang='grc' dir='ltr'><strong>ρ</strong></span> 
     </span>
    </p>
   </div>
   <div class='ocr_carea' id='block_1_2' title="bbox 357 488 608 572">
    <p class='ocr_par' dir='ltr' id='par_1_2' title="bbox 357 488 608 572">
     <span class='ocr_line' id='line_1_2' title="bbox 357 488 608 572; baseline -0.012 -19"><span class='ocrx_word' id='word_1_3' title='bbox 357 489 396 553; x_wconf 86' lang='grc'><strong>16</strong></span> <span class='ocrx_word' id='word_1_4' title='bbox 429 488 494 571; x_wconf 81' lang='grc' dir='ltr'><strong>περὶ</strong></span> <span class='ocrx_word' id='word_1_5' title='bbox 517 489 608 572; x_wconf 78' lang='grc' dir='ltr'><strong>ἀκοῆς</strong></span> 
     </span>
    </p>
   </div>
   <div class='ocr_carea' id='block_1_3' title="bbox 111 592 1480 4401">
    <p class='ocr_par' dir='ltr' id='par_1_3' title="bbox 111 592 1480 4401">
     <span class='ocr_line' id='line_1_3' title="bbox 355 592 688 686; baseline 0.006 -30"><span class='ocrx_word' id='word_1_6' title='bbox 355 593 393 656; x_wconf 82' lang='lat' dir='ltr'><strong>ll</strong></span> <span class='ocrx_word' id='word_1_7' title='bbox 428 592 492 675; x_wconf 80' lang='lat' dir='ltr'><strong>napi</strong></span> <span class='ocrx_word' id='word_1_8' title='bbox 515 596 688 686; x_wconf 64' lang='grc' dir='ltr'><strong>ὀσφρήσεως</strong></span> 
     </span>
     <span class='ocr_line' id='line_1_4' title="bbox 356 693 644 779; baseline 0.017 -14"><span class='ocrx_word' id='word_1_9' title='bbox 356 693 397 758; x_wconf 82' lang='grc'><strong>18</strong></span> <span class='ocrx_word' id='word_1_10' title='bbox 430 696 495 779; x_wconf 72' lang='grc' dir='ltr'><strong>περὶ</strong></span> <span class='ocrx_word' id='word_1_11' title='bbox 517 704 644 779; x_wconf 76' lang='grc' dir='ltr'><strong>γεύσεως</strong></span> 
     </span>
     <span class='ocr_line' id='line_1_5' title="bbox 283 795 617 892; baseline 0 -32"><span class='ocrx_word' id='word_1_12' title='bbox 283 795 333 861; x_wconf 86' lang='grc'><strong>19.</strong></span> <span class='ocrx_word' id='word_1_13' title='bbox 354 796 399 860; x_wconf 88' lang='grc'>20</span> <span class='ocrx_word' id='word_1_14' title='bbox 429 799 494 882; x_wconf 79' lang='grc' dir='ltr'><strong>περὶ</strong></span> <span class='ocrx_word' id='word_1_15' title='bbox 516 813 617 892; x_wconf 74' lang='grc' dir='ltr'><strong>φωνῆς</strong></span> 
     </span>
     <span class='ocr_line' id='line_1_6' title="bbox 353 901 660 997; baseline 0.033 -32"><span class='ocrx_word' id='word_1_16' title='bbox 353 901 396 966; x_wconf 88' lang='grc'><strong>22</strong></span> <span class='ocrx_word' id='word_1_17' title='bbox 427 904 492 987; x_wconf 75' lang='grc' dir='ltr'><strong>περὶ</strong></span> <span class='ocrx_word' id='word_1_18' title='bbox 514 908 660 997; x_wconf 80' lang='grc' dir='ltr'><strong>ἀναπνοῆς</strong></span> 
     </span>
     <span class='ocr_line' id='line_1_7' title="bbox 353 1004 621 1091; baseline 0.034 -23"><span class='ocrx_word' id='word_1_19' title='bbox 353 1004 395 1069; x_wconf 82' lang='grc'>23</span> <span class='ocrx_word' id='word_1_20' title='bbox 429 1010 493 1091; x_wconf 79' lang='grc' dir='ltr'><strong>περὶ</strong></span> <span class='ocrx_word' id='word_1_21' title='bbox 515 1011 621 1077; x_wconf 76' lang='grc' dir='ltr'><strong>παθῶν</strong></span> 
     </span>
     <span class='ocr_line' id='line_1_8' title="bbox 269 1108 653 1201; baseline 0.005 -29"><span class='ocrx_word' id='word_1_22' title='bbox 269 1108 297 1172; x_wconf 88' lang='lat' dir='ltr'>V</span> <span class='ocrx_word' id='word_1_23' title='bbox 321 1109 337 1171; x_wconf 88' lang='grc'><strong>1</strong></span> <span class='ocrx_word' id='word_1_24' title='bbox 427 1113 492 1196; x_wconf 82' lang='grc' dir='ltr'><strong>περὶ</strong></span> <span class='ocrx_word' id='word_1_25' title='bbox 515 1122 653 1201; x_wconf 76' lang='grc' dir='ltr'>μαντικῆς</span> 
     </span>
     <span class='ocr_line' id='line_1_9' title="bbox 321 1214 768 1303; baseline 0.011 -26"><span class='ocrx_word' id='word_1_26' title='bbox 321 1214 341 1277; x_wconf 90' lang='grc'>2</span> <span class='ocrx_word' id='word_1_27' title='bbox 431 1218 494 1284; x_wconf 83' lang='grc' dir='ltr'><strong>πῶς</strong></span> <span class='ocrx_word' id='word_1_28' title='bbox 517 1215 621 1302; x_wconf 77' lang='grc' dir='ltr'>ὄνειροι</span> <span class='ocrx_word' id='word_1_29' title='bbox 645 1221 768 1303; x_wconf 87' lang='grc' dir='ltr'><strong>γίνονται</strong></span> 
     </span>
     <span class='ocr_line' id='line_1_10' title="bbox 126 1334 460 1416; baseline -0.006 -16"><span class='ocrx_word' id='word_1_30' title='bbox 126 1335 175 1400; x_wconf 87' lang='lat' dir='ltr'><strong>VI</strong></span> <span class='ocrx_word' id='word_1_31' title='bbox 221 1334 271 1398; x_wconf 88' lang='lat' dir='ltr'><strong>de</strong></span> <span class='ocrx_word' id='word_1_32' title='bbox 292 1351 460 1416; x_wconf 90' lang='lat' dir='ltr'><strong>corpore</strong></span> 
     </span>
     <span class='ocr_line' id='line_1_11' title="bbox 214 1435 648 1522; baseline 0.009 -22"><span class='ocrx_word' id='word_1_33' title='bbox 214 1435 363 1500; x_wconf 71' lang='lat' dir='ltr'><strong>lle-5</strong></span> <span class='ocrx_word' id='word_1_34' title='bbox 396 1436 461 1519; x_wconf 78' lang='grc' dir='ltr'><strong>περὶ</strong></span> <span class='ocrx_word' id='word_1_35' title='bbox 485 1437 648 1522; x_wconf 74' lang='grc' dir='ltr'><strong>σπέρματος</strong></span> 
     </span>
     <span class='ocr_line' id='line_1_12' title="bbox 345 1539 657 1626; baseline 0.006 -24"><span class='ocrx_word' id='word_1_36' title='bbox 345 1539 365 1602; x_wconf 87' lang='grc'><strong>6</strong></span> <span class='ocrx_word' id='word_1_37' title='bbox 399 1539 463 1623; x_wconf 83' lang='grc' dir='ltr'><strong>περὶ</strong></span> <span class='ocrx_word' id='word_1_38' title='bbox 486 1543 657 1626; x_wconf 79' lang='grc' dir='ltr'>συλλήψεως</span> 
     </span>
     <span class='ocr_line' id='line_1_13' title="bbox 346 1641 929 1728; baseline 0.005 -23"><span class='ocrx_word' id='word_1_39' title='bbox 346 1642 363 1705; x_wconf 76' lang='lat' dir='ltr'><strong>l</strong></span> <span class='ocrx_word' id='word_1_40' title='bbox 398 1644 462 1710; x_wconf 81' lang='grc' dir='ltr'><strong>πῶς</strong></span> <span class='ocrx_word' id='word_1_41' title='bbox 483 1641 588 1726; x_wconf 80' lang='grc' dir='ltr'><strong>ἄρρενα</strong></span> <span class='ocrx_word' id='word_1_42' title='bbox 609 1649 740 1727; x_wconf 73' lang='grc' dir='ltr'><strong>γεννᾶται</strong></span> <span class='ocrx_word' id='word_1_43' title='bbox 763 1645 810 1707; x_wconf 80' lang='grc' dir='ltr'><strong>καλ</strong></span> <span class='ocrx_word' id='word_1_44' title='bbox 835 1645 929 1728; x_wconf 75' lang='grc' dir='ltr'><strong>θήλεα</strong></span> 
     </span>
     <span class='ocr_line' id='line_1_14' title="bbox 344 1743 715 1828; baseline 0.005 -20"><span class='ocrx_word' id='word_1_45' title='bbox 344 1743 365 1808; x_wconf 87' lang='grc'>8</span> <span class='ocrx_word' id='word_1_46' title='bbox 399 1747 462 1813; x_wconf 88' lang='grc' dir='ltr'><strong>πῶς</strong></span> <span class='ocrx_word' id='word_1_47' title='bbox 484 1744 589 1828; x_wconf 78' lang='grc' dir='ltr'><strong>τέρατα</strong></span> <span class='ocrx_word' id='word_1_48' title='bbox 610 1747 715 1828; x_wconf 88' lang='grc' dir='ltr'><strong>γίνεται</strong></span> 
     </span>
     <span class='ocr_line' id='line_1_15' title="bbox 346 1845 1271 1934; baseline 0 -24"><span class='ocrx_word' id='word_1_49' title='bbox 346 1846 367 1910; x_wconf 89' lang='lat'>9</span> <span class='ocrx_word' id='word_1_50' title='bbox 399 1845 497 1909; x_wconf 80' lang='grc' dir='ltr'><strong>διὰτί</strong></span> <span class='ocrx_word' id='word_1_51' title='bbox 518 1850 655 1919; x_wconf 78' lang='grc' dir='ltr'>πολλάκις</span> <span class='ocrx_word' id='word_1_52' title='bbox 676 1850 747 1934; x_wconf 82' lang='grc' dir='ltr'><strong>γυνὴ</strong></span> <span class='ocrx_word' id='word_1_53' title='bbox 770 1853 997 1924; x_wconf 75' lang='grc' dir='ltr'><strong>συνουσιάζουσα</strong></span> <span class='ocrx_word' id='word_1_54' title='bbox 1020 1852 1054 1914; x_wconf 83' lang='grc' dir='ltr'><strong>οὐ</strong></span> <span class='ocrx_word' id='word_1_55' title='bbox 1078 1850 1271 1933; x_wconf 79' lang='grc' dir='ltr'><strong>συλλαμβάνει</strong></span> 
     </span>
     <span class='ocr_line' id='line_1_16' title="bbox 324 1949 927 2036; baseline 0.01 -26"><span class='ocrx_word' id='word_1_56' title='bbox 324 1950 365 2014; x_wconf 88' lang='grc'><strong>10</strong></span> <span class='ocrx_word' id='word_1_57' title='bbox 394 1953 457 2018; x_wconf 86' lang='grc' dir='ltr'><strong>πῶς</strong></span> <span class='ocrx_word' id='word_1_58' title='bbox 479 1949 584 2032; x_wconf 82' lang='grc' dir='ltr'><strong>δίδυμα</strong></span> <span class='ocrx_word' id='word_1_59' title='bbox 607 1952 654 2013; x_wconf 81' lang='grc' dir='ltr'><strong>καὶ</strong></span> <span class='ocrx_word' id='word_1_60' title='bbox 678 1953 799 2036; x_wconf 85' lang='grc' dir='ltr'><strong>τρίδυμα</strong></span> <span class='ocrx_word' id='word_1_61' title='bbox 821 1954 927 2036; x_wconf 88' lang='grc' dir='ltr'><strong>γίνεται</strong></span> 
     </span>
     <span class='ocr_line' id='line_1_17' title="bbox 324 2050 1393 2137; baseline -0.004 -20"><span class='ocrx_word' id='word_1_62' title='bbox 324 2053 363 2117; x_wconf 85' lang='lat'><strong>11</strong></span> <span class='ocrx_word' id='word_1_63' title='bbox 399 2050 489 2115; x_wconf 78' lang='grc' dir='ltr'><strong>πόθεν</strong></span> <span class='ocrx_word' id='word_1_64' title='bbox 511 2053 633 2134; x_wconf 90' lang='grc' dir='ltr'><strong>γίνονται</strong></span> <span class='ocrx_word' id='word_1_65' title='bbox 656 2058 714 2117; x_wconf 91' lang='grc' dir='ltr'><strong>τῶν</strong></span> <span class='ocrx_word' id='word_1_66' title='bbox 737 2054 844 2137; x_wconf 85' lang='grc' dir='ltr'><strong>γονέων</strong></span> <span class='ocrx_word' id='word_1_67' title='bbox 866 2057 896 2118; x_wconf 80' lang='grc' dir='ltr'><strong>αἱ</strong></span> <span class='ocrx_word' id='word_1_68' title='bbox 920 2058 1072 2137; x_wconf 82' lang='grc' dir='ltr'><strong>ὁμοιώσεις</strong></span> <span class='ocrx_word' id='word_1_69' title='bbox 1095 2056 1142 2117; x_wconf 87' lang='grc' dir='ltr'><strong>καὶ</strong></span> <span class='ocrx_word' id='word_1_70' title='bbox 1165 2059 1222 2116; x_wconf 90' lang='grc' dir='ltr'><strong>τῶν</strong></span> <span class='ocrx_word' id='word_1_71' title='bbox 1245 2053 1393 2137; x_wconf 83' lang='grc' dir='ltr'><strong>προγόνων</strong></span> 
     </span>
     <span class='ocr_line' id='line_1_18' title="bbox 325 2153 1446 2240; baseline -0.005 -20"><span class='ocrx_word' id='word_1_72' title='bbox 325 2157 365 2221; x_wconf 88' lang='grc'><strong>12</strong></span> <span class='ocrx_word' id='word_1_73' title='bbox 398 2160 461 2226; x_wconf 85' lang='grc' dir='ltr'><strong>πῶς</strong></span> <span class='ocrx_word' id='word_1_74' title='bbox 482 2153 580 2224; x_wconf 77' lang='grc' dir='ltr'><strong>ἄλλοις</strong></span> <span class='ocrx_word' id='word_1_75' title='bbox 601 2157 724 2238; x_wconf 88' lang='grc' dir='ltr'><strong>γίνονται</strong></span> <span class='ocrx_word' id='word_1_76' title='bbox 748 2157 843 2239; x_wconf 78' lang='grc' dir='ltr'><strong>ὅμοιοι</strong></span> <span class='ocrx_word' id='word_1_77' title='bbox 866 2161 892 2221; x_wconf 86' lang='lat' dir='ltr'><strong>ol</strong></span> <span class='ocrx_word' id='word_1_78' title='bbox 916 2160 1087 2240; x_wconf 78' lang='grc' dir='ltr'><strong>γεννώμενοι</strong></span> <span class='ocrx_word' id='word_1_79' title='bbox 1110 2158 1157 2220; x_wconf 76' lang='grc' dir='ltr'><strong>καὶ</strong></span> <span class='ocrx_word' id='word_1_80' title='bbox 1180 2158 1214 2220; x_wconf 72' lang='grc' dir='ltr'><strong>οὐ</strong></span> <span class='ocrx_word' id='word_1_81' title='bbox 1237 2160 1297 2224; x_wconf 81' lang='grc' dir='ltr'><strong>τοῖς</strong></span> <span class='ocrx_word' id='word_1_82' title='bbox 1319 2158 1446 2236; x_wconf 80' lang='grc' dir='ltr'><strong>γονεῦσιν</strong></span> 
     </span>
     <span class='ocr_line' id='line_1_19' title="bbox 324 2258 1306 2343; baseline -0.003 -20"><span class='ocrx_word' id='word_1_83' title='bbox 324 2258 364 2323; x_wconf 84' lang='grc'><strong>13</strong></span> <span class='ocrx_word' id='word_1_84' title='bbox 397 2263 460 2328; x_wconf 88' lang='grc' dir='ltr'><strong>πῶς</strong></span> <span class='ocrx_word' id='word_1_85' title='bbox 482 2262 590 2342; x_wconf 85' lang='grc' dir='ltr'><strong>στεῖραι</strong></span> <span class='ocrx_word' id='word_1_86' title='bbox 612 2259 735 2341; x_wconf 85' lang='grc' dir='ltr'><strong>γίνονται</strong></span> <span class='ocrx_word' id='word_1_87' title='bbox 757 2262 787 2324; x_wconf 87' lang='grc' dir='ltr'><strong>αί</strong></span> <span class='ocrx_word' id='word_1_88' title='bbox 810 2266 940 2343; x_wconf 87' lang='grc' dir='ltr'><strong>γυναῖκες</strong></span> <span class='ocrx_word' id='word_1_89' title='bbox 963 2261 1010 2324; x_wconf 77' lang='grc' dir='ltr'><strong>καὶ</strong></span> <span class='ocrx_word' id='word_1_90' title='bbox 1034 2259 1130 2342; x_wconf 82' lang='grc' dir='ltr'><strong>ἄγονοι</strong></span> <span class='ocrx_word' id='word_1_91' title='bbox 1158 2261 1184 2321; x_wconf 84' lang='lat' dir='ltr'><strong>ol</strong></span> <span class='ocrx_word' id='word_1_92' title='bbox 1207 2258 1306 2343; x_wconf 81' lang='grc' dir='ltr'><strong>ἄνδρες</strong></span> 
     </span>
     <span class='ocr_line' id='line_1_20' title="bbox 324 2360 814 2446; baseline 0.006 -23"><span class='ocrx_word' id='word_1_93' title='bbox 324 2360 365 2423; x_wconf 86' lang='grc'><strong>14</strong></span> <span class='ocrx_word' id='word_1_94' title='bbox 397 2360 445 2422; x_wconf 83' lang='grc' dir='ltr'><strong>διὰ</strong></span> <span class='ocrx_word' id='word_1_95' title='bbox 467 2361 495 2422; x_wconf 91' lang='grc' dir='ltr'><strong>τί</strong></span> <span class='ocrx_word' id='word_1_96' title='bbox 516 2362 545 2423; x_wconf 85' lang='grc' dir='ltr'><strong>σί</strong></span> <span class='ocrx_word' id='word_1_97' title='bbox 568 2361 682 2444; x_wconf 76' lang='grc' dir='ltr'><strong>ἡμίονοι</strong></span> <span class='ocrx_word' id='word_1_98' title='bbox 705 2367 814 2446; x_wconf 82' lang='grc' dir='ltr'><strong>στεῖραι</strong></span> 
     </span>
     <span class='ocr_line' id='line_1_21' title="bbox 238 2459 809 2548; baseline -0.002 -20"><span class='ocrx_word' id='word_1_99' title='bbox 238 2459 366 2528; x_wconf 79' lang='lat'>15-18</span> <span class='ocrx_word' id='word_1_100' title='bbox 400 2461 479 2524; x_wconf 80' lang='grc' dir='ltr'><strong>εἰτὸ</strong></span> <span class='ocrx_word' id='word_1_101' title='bbox 501 2460 625 2546; x_wconf 82' lang='grc' dir='ltr'><strong>ἔμβρυον</strong></span> <span class='ocrx_word' id='word_1_102' title='bbox 649 2467 725 2548; x_wconf 76' lang='grc' dir='ltr'><strong>ζῷον</strong></span> <span class='ocrx_word' id='word_1_103' title='bbox 748 2468 809 2528; x_wconf 86' lang='grc' dir='ltr'>κτλ.</span> 
     </span>
     <span class='ocr_line' id='line_1_22' title="bbox 236 2561 569 2649; baseline -0.006 -19"><span class='ocrx_word' id='word_1_104' title='bbox 236 2565 362 2630; x_wconf 86' lang='grc'>19-21</span> <span class='ocrx_word' id='word_1_105' title='bbox 397 2565 461 2648; x_wconf 77' lang='grc' dir='ltr'><strong>περὶ</strong></span> <span class='ocrx_word' id='word_1_106' title='bbox 483 2561 569 2649; x_wconf 74' lang='grc' dir='ltr'><strong>ζηίων</strong></span> 
     </span>
     <span class='ocr_line' id='line_1_23' title="bbox 321 2666 1477 2751; baseline -0.003 -19"><span class='ocrx_word' id='word_1_107' title='bbox 321 2668 363 2732; x_wconf 94' lang='grc'><strong>22</strong></span> <span class='ocrx_word' id='word_1_108' title='bbox 396 2667 430 2730; x_wconf 80' lang='grc' dir='ltr'><strong>ἐκ</strong></span> <span class='ocrx_word' id='word_1_109' title='bbox 451 2666 542 2730; x_wconf 83' lang='grc' dir='ltr'><strong>ποίων</strong></span> <span class='ocrx_word' id='word_1_110' title='bbox 566 2673 661 2751; x_wconf 81' lang='grc' dir='ltr'><strong>μερῶν</strong></span> <span class='ocrx_word' id='word_1_111' title='bbox 685 2671 849 2733; x_wconf 80' lang='grc' dir='ltr'><strong>συνίσταται</strong></span> <span class='ocrx_word' id='word_1_112' title='bbox 872 2669 993 2732; x_wconf 75' lang='grc' dir='ltr'><strong>ἕκαστον</strong></span> <span class='ocrx_word' id='word_1_113' title='bbox 1015 2674 1073 2732; x_wconf 88' lang='grc' dir='ltr'><strong>τῶν</strong></span> <span class='ocrx_word' id='word_1_114' title='bbox 1096 2670 1126 2733; x_wconf 84' lang='grc' dir='ltr'><strong>ἐν</strong></span> <span class='ocrx_word' id='word_1_115' title='bbox 1148 2671 1218 2751; x_wconf 80' lang='grc' dir='ltr'><strong>ἡμῖν</strong></span> <span class='ocrx_word' id='word_1_116' title='bbox 1241 2671 1360 2749; x_wconf 84' lang='grc' dir='ltr'><strong>γενικῶν</strong></span> <span class='ocrx_word' id='word_1_117' title='bbox 1381 2672 1477 2749; x_wconf 84' lang='grc' dir='ltr'><strong>μερῶν</strong></span> 
     </span>
     <span class='ocr_line' id='line_1_24' title="bbox 322 2768 1065 2855; baseline -0.001 -21"><span class='ocrx_word' id='word_1_118' title='bbox 322 2770 364 2834; x_wconf 82' lang='grc'>23</span> <span class='ocrx_word' id='word_1_119' title='bbox 397 2769 468 2832; x_wconf 84' lang='grc' dir='ltr'><strong>πότε</strong></span> <span class='ocrx_word' id='word_1_120' title='bbox 489 2768 610 2855; x_wconf 81' lang='grc' dir='ltr'><strong>ἄρχεται</strong></span> <span class='ocrx_word' id='word_1_121' title='bbox 633 2769 787 2855; x_wconf 77' lang='grc' dir='ltr'><strong>ἅνθρωπος</strong></span> <span class='ocrx_word' id='word_1_122' title='bbox 810 2777 863 2855; x_wconf 81' lang='grc' dir='ltr'><strong>τῆς</strong></span> <span class='ocrx_word' id='word_1_123' title='bbox 886 2770 1065 2853; x_wconf 80' lang='grc' dir='ltr'><strong>τελειότητος</strong></span> 
     </span>
     <span class='ocr_line' id='line_1_25' title="bbox 321 2871 963 2958; baseline -0.002 -21"><span class='ocrx_word' id='word_1_124' title='bbox 321 2873 363 2937; x_wconf 82' lang='grc'>26</span> <span class='ocrx_word' id='word_1_125' title='bbox 395 2875 458 2941; x_wconf 85' lang='grc' dir='ltr'><strong>πῶς</strong></span> <span class='ocrx_word' id='word_1_126' title='bbox 481 2871 597 2956; x_wconf 72' lang='grc' dir='ltr'><strong>ηὐξήθη</strong></span> <span class='ocrx_word' id='word_1_127' title='bbox 620 2874 656 2937; x_wconf 82' lang='grc' dir='ltr'><strong>τὰ</strong></span> <span class='ocrx_word' id='word_1_128' title='bbox 676 2877 753 2958; x_wconf 78' lang='grc' dir='ltr'><strong>φυτὰ</strong></span> <span class='ocrx_word' id='word_1_129' title='bbox 779 2876 827 2937; x_wconf 83' lang='grc' dir='ltr'><strong>καὶ</strong></span> <span class='ocrx_word' id='word_1_130' title='bbox 851 2874 876 2936; x_wconf 86' lang='grc' dir='ltr'><strong>εί</strong></span> <span class='ocrx_word' id='word_1_131' title='bbox 899 2877 963 2957; x_wconf 73' lang='grc' dir='ltr'><strong>ζῷα</strong></span> 
     </span>
     <span class='ocr_line' id='line_1_26' title="bbox 320 2974 592 3060; baseline -0.011 -21"><span class='ocrx_word' id='word_1_132' title='bbox 320 2976 360 3040; x_wconf 77' lang='grc'>27</span> <span class='ocrx_word' id='word_1_133' title='bbox 396 2974 460 3059; x_wconf 82' lang='grc' dir='ltr'><strong>περὶ</strong></span> <span class='ocrx_word' id='word_1_134' title='bbox 482 2979 592 3060; x_wconf 79' lang='grc' dir='ltr'><strong>τροφῆς</strong></span> 
     </span>
     <span class='ocr_line' id='line_1_27' title="bbox 321 3071 794 3162; baseline 0.006 -24"><span class='ocrx_word' id='word_1_135' title='bbox 321 3078 363 3144; x_wconf 82' lang='grc'>28</span> <span class='ocrx_word' id='word_1_136' title='bbox 396 3077 460 3161; x_wconf 79' lang='grc' dir='ltr'><strong>περὶ</strong></span> <span class='ocrx_word' id='word_1_137' title='bbox 483 3076 605 3161; x_wconf 72' lang='grc' dir='ltr'><strong>ὀρέξεως</strong></span> <span class='ocrx_word' id='word_1_138' title='bbox 626 3081 684 3140; x_wconf 89' lang='grc' dir='ltr'><strong>τῶν</strong></span> <span class='ocrx_word' id='word_1_139' title='bbox 708 3071 794 3162; x_wconf 74' lang='grc' dir='ltr'><strong>ζηίων</strong></span> 
     </span>
     <span class='ocr_line' id='line_1_28' title="bbox 235 3179 793 3263; baseline -0.013 -15"><span class='ocrx_word' id='word_1_140' title='bbox 235 3182 363 3248; x_wconf 83' lang='grc'>24-25</span> <span class='ocrx_word' id='word_1_141' title='bbox 396 3180 460 3263; x_wconf 85' lang='grc' dir='ltr'><strong>περὶ</strong></span> <span class='ocrx_word' id='word_1_142' title='bbox 484 3181 572 3244; x_wconf 81' lang='grc' dir='ltr'><strong>ὕπνου</strong></span> <span class='ocrx_word' id='word_1_143' title='bbox 595 3181 643 3244; x_wconf 77' lang='grc' dir='ltr'><strong>καὶ</strong></span> <span class='ocrx_word' id='word_1_144' title='bbox 667 3179 793 3242; x_wconf 81' lang='grc' dir='ltr'><strong>θανάτου</strong></span> 
     </span>
     <span class='ocr_line' id='line_1_29' title="bbox 320 3282 730 3368; baseline -0.007 -19"><span class='ocrx_word' id='word_1_145' title='bbox 320 3284 362 3349; x_wconf 87' lang='grc'>29</span> <span class='ocrx_word' id='word_1_146' title='bbox 397 3288 460 3353; x_wconf 85' lang='grc' dir='ltr'><strong>πῶς</strong></span> <span class='ocrx_word' id='word_1_147' title='bbox 481 3285 586 3366; x_wconf 88' lang='grc' dir='ltr'><strong>γίνεται</strong></span> <span class='ocrx_word' id='word_1_148' title='bbox 609 3282 730 3368; x_wconf 75' lang='grc' dir='ltr'><strong>πυρετός</strong></span> 
     </span>
     <span class='ocr_line' id='line_1_30' title="bbox 324 3385 951 3471; baseline -0.005 -21"><span class='ocrx_word' id='word_1_149' title='bbox 324 3387 367 3450; x_wconf 86' lang='grc'><strong>30</strong></span> <span class='ocrx_word' id='word_1_150' title='bbox 399 3386 464 3471; x_wconf 82' lang='grc' dir='ltr'><strong>περὶ</strong></span> <span class='ocrx_word' id='word_1_151' title='bbox 487 3388 582 3469; x_wconf 82' lang='grc' dir='ltr'><strong>ὑγείας</strong></span> <span class='ocrx_word' id='word_1_152' title='bbox 604 3388 652 3451; x_wconf 79' lang='grc' dir='ltr'><strong>καί</strong></span> <span class='ocrx_word' id='word_1_153' title='bbox 674 3386 761 3450; x_wconf 76' lang='grc' dir='ltr'><strong>νόσου</strong></span> <span class='ocrx_word' id='word_1_154' title='bbox 784 3385 832 3448; x_wconf 85' lang='grc' dir='ltr'><strong>καὶ</strong></span> <span class='ocrx_word' id='word_1_155' title='bbox 855 3387 951 3470; x_wconf 86' lang='grc' dir='ltr'><strong>γήρως</strong></span> 
     </span>
     <span class='ocr_line' id='line_1_31' title="bbox 199 3494 1476 3582; baseline -0.002 -17"><span class='ocrx_word' id='word_1_156' title='bbox 199 3497 351 3582; x_wconf 79' lang='lat' dir='ltr'><strong>Capitnm</strong></span> <span class='ocrx_word' id='word_1_157' title='bbox 374 3495 520 3564; x_wconf 80' lang='lat' dir='ltr'><strong>ordinem</strong></span> <span class='ocrx_word' id='word_1_158' title='bbox 542 3496 690 3580; x_wconf 87' lang='lat' dir='ltr'><strong>quamvis</strong></span> <span class='ocrx_word' id='word_1_159' title='bbox 713 3495 900 3578; x_wconf 77' lang='lat' dir='ltr'><strong>singillatim</strong></span> <span class='ocrx_word' id='word_1_160' title='bbox 915 3503 1069 3580; x_wconf 88' lang='lat' dir='ltr'><strong>tanquam</strong></span> <span class='ocrx_word' id='word_1_161' title='bbox 1084 3494 1258 3580; x_wconf 79' lang='lat' dir='ltr'><strong>genuinum</strong></span> <span class='ocrx_word' id='word_1_162' title='bbox 1276 3498 1328 3561; x_wconf 88' lang='lat' dir='ltr'><strong>vel</strong></span> <span class='ocrx_word' id='word_1_163' title='bbox 1345 3497 1476 3580; x_wconf 90' lang='lat' dir='ltr'><strong>plenum</strong></span> 
     </span>
     <span class='ocr_line' id='line_1_32' title="bbox 111 3596 1480 3687; baseline -0.002 -19"><span class='ocrx_word' id='word_1_164' title='bbox 111 3604 282 3687; x_wconf 84' lang='lat' dir='ltr'><strong>praestare</strong></span> <span class='ocrx_word' id='word_1_165' title='bbox 302 3598 485 3684; x_wconf 90' lang='lat' dir='ltr'><strong>insipientis</strong></span> <span class='ocrx_word' id='word_1_166' title='bbox 508 3599 549 3664; x_wconf 89' lang='lat' dir='ltr'><strong>sit</strong></span> <span class='ocrx_word' id='word_1_167' title='bbox 565 3599 584 3683; x_wconf 91' lang='lat'><strong>¹,</strong></span> <span class='ocrx_word' id='word_1_168' title='bbox 608 3604 716 3664; x_wconf 90' lang='lat' dir='ltr'><strong>tamen</strong></span> <span class='ocrx_word' id='word_1_169' title='bbox 738 3597 772 3661; x_wconf 93' lang='lat' dir='ltr'><strong>in</strong></span> <span class='ocrx_word' id='word_1_170' title='bbox 794 3596 983 3664; x_wconf 88' lang='lat' dir='ltr'><strong>universum</strong></span> <span class='ocrx_word' id='word_1_171' title='bbox 1001 3598 1104 3664; x_wconf 89' lang='lat' dir='ltr'><strong>habes</strong></span> <span class='ocrx_word' id='word_1_172' title='bbox 1118 3600 1228 3682; x_wconf 86' lang='lat' dir='ltr'><strong>talem,</strong></span> <span class='ocrx_word' id='word_1_173' title='bbox 1251 3598 1357 3680; x_wconf 89' lang='lat' dir='ltr'><strong>qualis</strong></span> <span class='ocrx_word' id='word_1_174' title='bbox 1371 3619 1392 3664; x_wconf 88' lang='lat' dir='ltr'><strong>a</strong></span> <span class='ocrx_word' id='word_1_175' title='bbox 1406 3621 1480 3684; x_wconf 89' lang='lat' dir='ltr'><strong>pru·</strong></span> 
     </span>
     <span class='ocr_line' id='line_1_33' title="bbox 111 3699 1478 3786; baseline -0.001 -16"><span class='ocrx_word' id='word_1_176' title='bbox 111 3705 211 3771; x_wconf 88' lang='lat' dir='ltr'><strong>dente</strong></span> <span class='ocrx_word' id='word_1_177' title='bbox 239 3702 395 3785; x_wconf 79' lang='lat' dir='ltr'><strong>scriptore</strong></span> <span class='ocrx_word' id='word_1_178' title='bbox 424 3701 587 3786; x_wconf 88' lang='lat' dir='ltr'><strong>profectus</strong></span> <span class='ocrx_word' id='word_1_179' title='bbox 616 3720 689 3767; x_wconf 91' lang='lat' dir='ltr'><strong>esse</strong></span> <span class='ocrx_word' id='word_1_180' title='bbox 717 3699 876 3767; x_wconf 85' lang='lat' dir='ltr'><strong>videatur.</strong></span> <span class='ocrx_word' id='word_1_181' title='bbox 921 3719 1016 3783; x_wconf 88' lang='lat' dir='ltr'><strong>quam</strong></span> <span class='ocrx_word' id='word_1_182' title='bbox 1047 3702 1088 3765; x_wconf 93' lang='lat' dir='ltr'><strong>sit</strong></span> <span class='ocrx_word' id='word_1_183' title='bbox 1111 3701 1347 3786; x_wconf 78' lang='lat' dir='ltr'><strong>Theophrastei</strong></span> <span class='ocrx_word' id='word_1_184' title='bbox 1371 3703 1478 3786; x_wconf 90' lang='lat' dir='ltr'><strong>operis</strong></span> 
     </span>
     <span class='ocr_line' id='line_1_34' title="bbox 112 3802 1478 3888; baseline -0.001 -16"><span class='ocrx_word' id='word_1_185' title='bbox 112 3805 237 3888; x_wconf 87' lang='lat' dir='ltr'><strong>similis,</strong></span> <span class='ocrx_word' id='word_1_186' title='bbox 259 3803 344 3870; x_wconf 85' lang='lat' dir='ltr'><strong>infra</strong></span> <span class='ocrx_word' id='word_1_187' title='bbox 366 3803 547 3870; x_wconf 72' lang='lat' dir='ltr'><strong>accuratius</strong></span> <span class='ocrx_word' id='word_1_188' title='bbox 569 3822 741 3887; x_wconf 82' lang='lat' dir='ltr'><strong>exponam.</strong></span> <span class='ocrx_word' id='word_1_189' title='bbox 790 3802 876 3887; x_wconf 89' lang='lat' dir='ltr'><strong>quod</strong></span> <span class='ocrx_word' id='word_1_190' title='bbox 903 3802 937 3867; x_wconf 92' lang='lat' dir='ltr'><strong>in</strong></span> <span class='ocrx_word' id='word_1_191' title='bbox 959 3822 1016 3869; x_wconf 82' lang='lat' dir='ltr'><strong>sex</strong></span> <span class='ocrx_word' id='word_1_192' title='bbox 1038 3803 1138 3868; x_wconf 89' lang='lat' dir='ltr'><strong>libros</strong></span> <span class='ocrx_word' id='word_1_193' title='bbox 1161 3824 1289 3870; x_wconf 91' lang='lat' dir='ltr'><strong>omnem</strong></span> <span class='ocrx_word' id='word_1_194' title='bbox 1310 3805 1478 3872; x_wconf 82' lang='lat' dir='ltr'><strong>materiam</strong></span> 
     </span>
     <span class='ocr_line' id='line_1_35' title="bbox 112 3905 1478 3994; baseline 0.001 -21"><span class='ocrx_word' id='word_1_195' title='bbox 112 3905 359 3991; x_wconf 82' lang='lat' dir='ltr'><strong>circumscripsi,</strong></span> <span class='ocrx_word' id='word_1_196' title='bbox 381 3926 446 3971; x_wconf 91' lang='lat' dir='ltr'><strong>nou</strong></span> <span class='ocrx_word' id='word_1_197' title='bbox 465 3905 568 3970; x_wconf 90' lang='lat' dir='ltr'><strong>solum</strong></span> <span class='ocrx_word' id='word_1_198' title='bbox 583 3905 687 3989; x_wconf 87' lang='lat' dir='ltr'><strong>ipsam</strong></span> <span class='ocrx_word' id='word_1_199' title='bbox 705 3911 975 3988; x_wconf 83' lang='lat' dir='ltr'><strong>argumentorum</strong></span> <span class='ocrx_word' id='word_1_200' title='bbox 991 3906 1238 3974; x_wconf 80' lang='lat' dir='ltr'><strong>concinnitatem</strong></span> <span class='ocrx_word' id='word_1_201' title='bbox 1255 3914 1383 3973; x_wconf 90' lang='lat' dir='ltr'><strong>secutus</strong></span> <span class='ocrx_word' id='word_1_202' title='bbox 1398 3929 1478 3994; x_wconf 88' lang='lat' dir='ltr'><strong>sum,</strong></span> 
     </span>
     <span class='ocr_line' id='line_1_36' title="bbox 112 4006 1479 4094; baseline 0 -18"><span class='ocrx_word' id='word_1_203' title='bbox 112 4009 172 4076; x_wconf 84' lang='lat' dir='ltr'><strong>sed</strong></span> <span class='ocrx_word' id='word_1_204' title='bbox 193 4008 293 4076; x_wconf 85' lang='lat' dir='ltr'><strong>etiam</strong></span> <span class='ocrx_word' id='word_1_205' title='bbox 307 4007 392 4074; x_wconf 77' lang='lat' dir='ltr'><strong>Astii</strong></span> <span class='ocrx_word' id='word_1_206' title='bbox 415 4016 512 4075; x_wconf 89' lang='lat' dir='ltr'><strong>tenue</strong></span> <span class='ocrx_word' id='word_1_207' title='bbox 534 4007 717 4092; x_wconf 78' lang='lat' dir='ltr'><strong>vestigium,</strong></span> <span class='ocrx_word' id='word_1_208' title='bbox 739 4007 793 4090; x_wconf 88' lang='lat' dir='ltr'><strong>qui</strong></span> <span class='ocrx_word' id='word_1_209' title='bbox 816 4006 976 4092; x_wconf 88' lang='lat' dir='ltr'><strong>capitibus</strong></span> <span class='ocrx_word' id='word_1_210' title='bbox 997 4008 1047 4072; x_wconf 92' lang='lat' dir='ltr'><strong>III</strong></span> <span class='ocrx_word' id='word_1_211' title='bbox 1062 4009 1082 4073; x_wconf 87' lang='grc'>9</span> <span class='ocrx_word' id='word_1_212' title='bbox 1095 4029 1163 4092; x_wconf 89' lang='lat' dir='ltr'><strong>sqq.</strong></span> <span class='ocrx_word' id='word_1_213' title='bbox 1190 4009 1364 4092; x_wconf 88' lang='lat' dir='ltr'><strong>separatim</strong></span> <span class='ocrx_word' id='word_1_214' title='bbox 1387 4030 1479 4094; x_wconf 88' lang='lat' dir='ltr'><strong>prae-</strong></span> 
     </span>
     <span class='ocr_line' id='line_1_37' title="bbox 112 4110 1478 4197; baseline -0.001 -20"><span class='ocrx_word' id='word_1_215' title='bbox 112 4111 199 4177; x_wconf 75' lang='lat' dir='ltr'><strong>fatur</strong></span> <span class='ocrx_word' id='word_1_216' title='bbox 220 4110 338 4176; x_wconf 73' lang='lat'><em>11182</em></span> <span class='ocrx_word' id='word_1_217' title='bbox 356 4110 625 4195; x_wconf 80' lang='grc' dir='ltr'><strong>περιγεγραμμένων</strong></span> <span class='ocrx_word' id='word_1_218' title='bbox 653 4111 686 4175; x_wconf 80' lang='grc' dir='ltr'><strong>δέ</strong></span> <span class='ocrx_word' id='word_1_219' title='bbox 713 4135 763 4193; x_wconf 85' lang='grc' dir='ltr'><strong>μοι</strong></span> <span class='ocrx_word' id='word_1_220' title='bbox 792 4114 849 4174; x_wconf 92' lang='grc' dir='ltr'><strong>τῶν</strong></span> <span class='ocrx_word' id='word_1_221' title='bbox 882 4112 1075 4195; x_wconf 88' lang='grc' dir='ltr'><strong>μεταρσίων</strong></span> <span class='ocrx_word' id='word_1_222' title='bbox 1105 4110 1334 4197; x_wconf 71' lang='grc' dir='ltr'><strong>ἐφοδευθήσεται</strong></span> <span class='ocrx_word' id='word_1_223' title='bbox 1365 4113 1412 4175; x_wconf 82' lang='grc' dir='ltr'><strong>καί</strong></span> <span class='ocrx_word' id='word_1_224' title='bbox 1443 4114 1478 4176; x_wconf 83' lang='grc' dir='ltr'><strong>τὰ</strong></span> 
     </span>
     <span class='ocr_line' id='line_1_38' title="bbox 113 4212 1477 4299; baseline 0.004 -23"><span class='ocrx_word' id='word_1_225' title='bbox 113 4215 292 4299; x_wconf 79' lang='grc' dir='ltr'><strong>πρόσγεια</strong></span> <span class='ocrx_word' id='word_1_226' title='bbox 324 4233 429 4295; x_wconf 87' lang='lat' dir='ltr'><strong>neque</strong></span> <span class='ocrx_word' id='word_1_227' title='bbox 451 4212 540 4280; x_wconf 85' lang='lat' dir='ltr'><strong>aliud</strong></span> <span class='ocrx_word' id='word_1_228' title='bbox 561 4212 771 4280; x_wconf 83' lang='lat' dir='ltr'><strong>dissimulabo</strong></span> <span class='ocrx_word' id='word_1_229' title='bbox 793 4213 879 4297; x_wconf 89' lang='lat' dir='ltr'><strong>quod</strong></span> <span class='ocrx_word' id='word_1_230' title='bbox 902 4233 954 4279; x_wconf 89' lang='lat' dir='ltr'><strong>me</strong></span> <span class='ocrx_word' id='word_1_231' title='bbox 977 4213 1093 4298; x_wconf 79' lang='lat' dir='ltr'><strong>movit,</strong></span> <span class='ocrx_word' id='word_1_232' title='bbox 1116 4213 1176 4278; x_wconf 90' lang='lat' dir='ltr'><strong>etsi</strong></span> <span class='ocrx_word' id='word_1_233' title='bbox 1201 4232 1298 4296; x_wconf 90' lang='lat' dir='ltr'><strong>quam</strong></span> <span class='ocrx_word' id='word_1_234' title='bbox 1319 4213 1477 4281; x_wconf 88' lang='lat' dir='ltr'><strong>incertum</strong></span> 
     </span>
     <span class='ocr_line' id='line_1_39' title="bbox 112 4314 1479 4401; baseline 0.003 -19"><span class='ocrx_word' id='word_1_235' title='bbox 112 4316 155 4382; x_wconf 86' lang='lat' dir='ltr'><strong>sit</strong></span> <span class='ocrx_word' id='word_1_236' title='bbox 175 4316 248 4401; x_wconf 85' lang='lat' dir='ltr'><strong>ipae</strong></span> <span class='ocrx_word' id='word_1_237' title='bbox 269 4315 357 4382; x_wconf 88' lang='lat' dir='ltr'><strong>haud</strong></span> <span class='ocrx_word' id='word_1_238' title='bbox 379 4315 533 4399; x_wconf 83' lang='lat' dir='ltr'><strong>ignorem.</strong></span> <span class='ocrx_word' id='word_1_239' title='bbox 568 4321 696 4383; x_wconf 87' lang='lat' dir='ltr'><strong>constat</strong></span> <span class='ocrx_word' id='word_1_240' title='bbox 718 4314 837 4381; x_wconf 80' lang='lat' dir='ltr'><strong>eximia</strong></span> <span class='ocrx_word' id='word_1_241' title='bbox 859 4315 916 4380; x_wconf 90' lang='lat' dir='ltr'><strong>illa</strong></span> <span class='ocrx_word' id='word_1_242' title='bbox 938 4314 1066 4382; x_wconf 90' lang='lat' dir='ltr'><strong>Ottouis</strong></span> <span class='ocrx_word' id='word_1_243' title='bbox 1081 4314 1187 4380; x_wconf 90' lang='lat' dir='ltr'><strong>Iahnii</strong></span> <span class='ocrx_word' id='word_1_244' title='bbox 1207 4317 1479 4386; x_wconf 87' lang='lat' dir='ltr'><strong>commentatione</strong></span> 
     </span>
    </p>
   </div>
   <div class='ocr_carea' id='block_1_4' title="bbox 114 4416 1479 4505">
    <p class='ocr_par' dir='ltr' id='par_1_4' title="bbox 114 4416 1479 4505">
     <span class='ocr_line' id='line_1_40' title="bbox 114 4416 1479 4505; baseline 0.001 -20"><span class='ocrx_word' id='word_1_245' title='bbox 114 4418 201 4503; x_wconf 88' lang='lat' dir='ltr'><strong>[Ber.</strong></span> <span class='ocrx_word' id='word_1_246' title='bbox 224 4417 283 4484; x_wconf 89' lang='lat' dir='ltr'><strong>der</strong></span> <span class='ocrx_word' id='word_1_247' title='bbox 307 4418 432 4484; x_wconf 89' lang='lat' dir='ltr'><strong>saechs.</strong></span> <span class='ocrx_word' id='word_1_248' title='bbox 451 4417 526 4485; x_wconf 84' lang='lat' dir='ltr'><strong>Ges.</strong></span> <span class='ocrx_word' id='word_1_249' title='bbox 549 4416 945 4505; x_wconf 80' lang='lat' dir='ltr'><strong>phil.111850281sqq.]</strong></span> <span class='ocrx_word' id='word_1_250' title='bbox 967 4416 1000 4481; x_wconf 91' lang='lat' dir='ltr'><strong>in</strong></span> <span class='ocrx_word' id='word_1_251' title='bbox 1015 4417 1053 4482; x_wconf 79' lang='lat' dir='ltr'><strong>A.</strong></span> <span class='ocrx_word' id='word_1_252' title='bbox 1071 4416 1228 4482; x_wconf 86' lang='lat' dir='ltr'><strong>Corneli</strong></span> <span class='ocrx_word' id='word_1_253' title='bbox 1245 4417 1348 4483; x_wconf 83' lang='lat' dir='ltr'><strong>Celsi</strong></span> <span class='ocrx_word' id='word_1_254' title='bbox 1370 4421 1479 4505; x_wconf 88' lang='lat' dir='ltr'><strong>amplo</strong></span> 
     </span>
    </p>
   </div>
   <div class='ocr_carea' id='block_1_5' title="bbox 112 4515 1478 4612">
    <p class='ocr_par' dir='ltr' id='par_1_5' title="bbox 112 4515 1478 4612">
     <span class='ocr_line' id='line_1_41' title="bbox 112 4515 1478 4612; baseline 0.004 -26"><span class='ocrx_word' id='word_1_255' title='bbox 112 4520 356 4605; x_wconf 85' lang='lat' dir='ltr'><strong>disciplinarum</strong></span> <span class='ocrx_word' id='word_1_256' title='bbox 379 4520 468 4604; x_wconf 79' lang='lat' dir='ltr'><strong>orbe,</strong></span> <span class='ocrx_word' id='word_1_257' title='bbox 491 4521 541 4587; x_wconf 90' lang='lat' dir='ltr'><strong>cui</strong></span> <span class='ocrx_word' id='word_1_258' title='bbox 565 4520 668 4587; x_wconf 81' lang='lat' dir='ltr'><strong>Cesti</strong></span> <span class='ocrx_word' id='word_1_259' title='bbox 691 4520 926 4588; x_wconf 80' lang='lat' dir='ltr'><strong>Graeculorum</strong></span> <span class='ocrx_word' id='word_1_260' title='bbox 951 4539 1040 4585; x_wconf 91' lang='lat' dir='ltr'><strong>more</strong></span> <span class='ocrx_word' id='word_1_261' title='bbox 1066 4515 1160 4605; x_wconf 87' lang='lat' dir='ltr'><strong>[Pliu.</strong></span> <span class='ocrx_word' id='word_1_262' title='bbox 1183 4519 1223 4585; x_wconf 87' lang='lat' dir='ltr'><strong>N.</strong></span> <span class='ocrx_word' id='word_1_263' title='bbox 1244 4520 1285 4586; x_wconf 77' lang='lat' dir='ltr'><strong>ll.</strong></span> <span class='ocrx_word' id='word_1_264' title='bbox 1307 4523 1408 4606; x_wconf 83' lang='lat' dir='ltr'><strong>praef.</strong></span> <span class='ocrx_word' id='word_1_265' title='bbox 1424 4523 1478 4612; x_wconf 81' lang='lat'><strong>24]</strong></span> 
     </span>
    </p>
   </div>
   <div class='ocr_carea' id='block_1_6' title="bbox 113 4745 1478 4986">
    <p class='ocr_par' dir='ltr' id='par_1_6' title="bbox 113 4745 1478 4986">
     <span class='ocr_line' id='line_1_42' title="bbox 184 4745 1478 4811; baseline 0 -15"><span class='ocrx_word' id='word_1_266' title='bbox 184 4745 329 4811; x_wconf 82' lang='lat' dir='ltr'><strong>¹inprlmls</strong></span> <span class='ocrx_word' id='word_1_267' title='bbox 352 4762 414 4797; x_wconf 74' lang='lat' dir='ltr'><strong>cave</strong></span> <span class='ocrx_word' id='word_1_268' title='bbox 436 4748 577 4796; x_wconf 86' lang='lat' dir='ltr'><strong>minutiora</strong></span> <span class='ocrx_word' id='word_1_269' title='bbox 594 4746 640 4795; x_wconf 82' lang='lat' dir='ltr'><strong>illa</strong></span> <span class='ocrx_word' id='word_1_270' title='bbox 661 4747 786 4811; x_wconf 84' lang='lat' dir='ltr'><strong>capitula,</strong></span> <span class='ocrx_word' id='word_1_271' title='bbox 814 4761 866 4809; x_wconf 88' lang='lat' dir='ltr'><strong>quo</strong></span> <span class='ocrx_word' id='word_1_272' title='bbox 891 4747 982 4797; x_wconf 72' lang='lat' dir='ltr'><strong>Altius</strong></span> <span class='ocrx_word' id='word_1_273' title='bbox 1007 4752 1163 4808; x_wconf 85' lang='lat' dir='ltr'><strong>argumenta</strong></span> <span class='ocrx_word' id='word_1_274' title='bbox 1188 4746 1324 4809; x_wconf 90' lang='lat' dir='ltr'><strong>proposita</strong></span> <span class='ocrx_word' id='word_1_275' title='bbox 1348 4746 1478 4808; x_wconf 85' lang='lat' dir='ltr'><strong>dissecuit,</strong></span> 
     </span>
     <span class='ocr_line' id='line_1_43' title="bbox 113 4833 1478 4899; baseline 0.001 -17"><span class='ocrx_word' id='word_1_276' title='bbox 113 4842 212 4885; x_wconf 81' lang='lat' dir='ltr'><strong>vetusto</strong></span> <span class='ocrx_word' id='word_1_277' title='bbox 236 4835 377 4898; x_wconf 78' lang='lat' dir='ltr'><strong>exemplari</strong></span> <span class='ocrx_word' id='word_1_278' title='bbox 394 4836 499 4899; x_wconf 83' lang='lat' dir='ltr'><strong>propria</strong></span> <span class='ocrx_word' id='word_1_279' title='bbox 517 4834 595 4883; x_wconf 84' lang='lat' dir='ltr'><strong>luisse</strong></span> <span class='ocrx_word' id='word_1_280' title='bbox 618 4839 699 4896; x_wconf 81' lang='lat' dir='ltr'><strong>putes.</strong></span> <span class='ocrx_word' id='word_1_281' title='bbox 732 4835 811 4882; x_wconf 91' lang='lat' dir='ltr'><strong>immo</strong></span> <span class='ocrx_word' id='word_1_282' title='bbox 835 4834 882 4882; x_wconf 87' lang='lat' dir='ltr'><strong>nisi</strong></span> <span class='ocrx_word' id='word_1_283' title='bbox 907 4835 1096 4896; x_wconf 81' lang='lat' dir='ltr'><strong>generaliorem</strong></span> <span class='ocrx_word' id='word_1_284' title='bbox 1124 4834 1186 4882; x_wconf 90' lang='lat' dir='ltr'><strong>olim</strong></span> <span class='ocrx_word' id='word_1_285' title='bbox 1211 4833 1291 4883; x_wconf 85' lang='lat' dir='ltr'><strong>fulsee</strong></span> <span class='ocrx_word' id='word_1_286' title='bbox 1315 4837 1478 4898; x_wconf 84' lang='lat' dir='ltr'><strong>partitionem</strong></span> 
     </span>
     <span class='ocr_line' id='line_1_44' title="bbox 116 4919 1052 4986; baseline -0.003 -15"><span class='ocrx_word' id='word_1_287' title='bbox 116 4922 205 4973; x_wconf 69' lang='lat' dir='ltr'><strong>credas</strong></span> <span class='ocrx_word' id='word_1_288' title='bbox 224 4924 269 4973; x_wconf 85' lang='lat' dir='ltr'><strong>vix</strong></span> <span class='ocrx_word' id='word_1_289' title='bbox 287 4936 388 4972; x_wconf 78' lang='lat' dir='ltr'><strong>errores</strong></span> <span class='ocrx_word' id='word_1_290' title='bbox 406 4923 477 4973; x_wconf 73' lang='lat' dir='ltr'><strong>Aelii</strong></span> <span class='ocrx_word' id='word_1_291' title='bbox 495 4921 620 4986; x_wconf 84' lang='lat' dir='ltr'><strong>explicari</strong></span> <span class='ocrx_word' id='word_1_292' title='bbox 638 4928 754 4986; x_wconf 81' lang='lat' dir='ltr'><strong>possunt,</strong></span> <span class='ocrx_word' id='word_1_293' title='bbox 773 4921 862 4984; x_wconf 83' lang='lat' dir='ltr'><strong>quales</strong></span> <span class='ocrx_word' id='word_1_294' title='bbox 881 4937 905 4983; x_wconf 90' lang='lat' dir='ltr'><strong>p.</strong></span> <span class='ocrx_word' id='word_1_295' title='bbox 919 4919 952 4971; x_wconf 79' lang='grc'><strong>84</strong></span> <span class='ocrx_word' id='word_1_296' title='bbox 972 4921 1052 4969; x_wconf 86' lang='lat' dir='ltr'><strong>attuli.</strong></span> 
     </span>
    </p>
   </div>
   <div class='ocr_carea' id='block_1_7' title="bbox 0 0 1744 5586">
    <p class='ocr_par' dir='ltr' id='par_1_7' title="bbox 0 0 1744 5586">
     <span class='ocr_line' id='line_1_45' title="bbox 0 0 1744 5586; baseline 0 0"><span class='ocrx_word' id='word_1_297' title='bbox 0 0 1744 5586; x_wconf 95' lang='lat' dir='ltr'><strong> </strong></span> 
     </span>
    </p>
   </div>
  </div>
 </body>
</html>
