3464 5586
180 331 243 395 110
390 334 455 382 vm
492 332 541 381 DE
560 328 817 381 THEOPHRASTI
837 329 1070 380 PHYSIOORUM
1090 328 1324 381 OPINIONIBUS

179 520 210 583 p.
227 499 307 564 2981>
330 501 371 565 15
399 500 487 564 οδθδν
512 501 567 584 γὰρ
597 498 665 562 οὔτε
690 497 839 581 γίγνεσθαί
865 517 952 580 φασιν
977 496 1044 560 οὔτε
1071 496 1243 580 φθείρεσθαι
1269 502 1328 561 τῶν
1350 496 1442 561 ὄντων
1463 498 1539 562 ἀλλά

180 602 266 684 μόνον
294 604 388 665 δοκεῖν
414 603 484 686 ἡμῖν
512 601 572 665 οίον
599 603 626 665 οἱ
654 602 719 685 περὶ
743 598 891 665 Μέλισσόν
918 621 950 661 τε
975 600 1024 662 καὶ
1052 598 1233 682 Παρμενίδην
1256 597 1306 668 οδς
1328 598 1353 661 εί
1375 600 1424 663 καὶ
1445 597 1539 664 τᾶλλα

179 704 292 787 λέγουσι
315 707 413 774 καλῶς
435 703 495 768 ἀλλ’
527 704 561 767 οὐ
588 708 742 788 φυσικῶς
766 726 799 786 γε
825 704 871 765 δεῖ
893 701 1007 784 νομίσαι
1029 701 1131 784 λέγειν.
1160 703 1193 764 τδ
1215 702 1270 785 γὰρ
1292 700 1364 765 εἶναι
1385 700 1539 767 ἀπατῶν

179 804 269 870 ὄντων
284 806 410 890 ἀγένητα
425 809 472 871 καὶ
489 807 565 876 ὅλως
579 806 700 889 ἀκίνητα
716 806 826 888 μᾶλλον
841 805 916 869 ἐστιν
931 803 1031 888 ἑτέρας
1045 804 1094 867 καὶ
1115 804 1284 888 προτέρας
1305 805 1325 888 ἢ
1341 809 1394 889 τῆς
1416 809 1540 889 φυσικῆς

179 909 319 992 σκέψεως.
354 908 428 975 hinc
443 909 607 974 Eudemus
627 908 790 994 ἀρχόμενος
804 913 863 971 τῶν
877 910 1008 992 φυσικῶν
1031 905 1188 989 [Simplic.
1203 906 1237 970 in
1258 905 1352 990 phys
1375 927 1406 991 p.
1423 909 1482 972 11‘
1498 908 1541 973 14

179 1009 300 1075 es.10'
316 1010 371 1092 54]
398 1016 489 1075 ταῦτα
512 1013 564 1094 μὲν
587 1010 648 1086 οδν,
669 1010 782 1095 inquit,
804 1011 904 1093 ἑτέρας
925 1007 1028 1093 ἀνείη
1050 1009 1222 1094 φιλοσοφίας
1243 1009 1419 1094 διακριβοῦν.
1450 1008 1552 1076 idem

179 1110 308 1177 Platoni
330 1112 428 1178 obicit
446 1113 517 1197 ipse
532 1112 777 1196 Theophrastus
799 1111 897 1197 Phys.
919 1111 957 1176 fr.
975 1113 1017 1177 10
1037 1116 1156 1176 τοιαῦτα
1179 1112 1231 1194 μὲν
1247 1113 1263 1174 δ
1279 1110 1465 1195 Θεόφραστος
1480 1113 1539 1177 ἐπι·

179 1223 249 1301 τιμᾷ
264 1222 306 1302 τῷ
322 1215 456 1280 Πλάτωνι
471 1218 535 1301 περὶ
550 1218 640 1300 τῆσδε
654 1220 707 1300 τῖης
729 1215 903 1300 ψυχογονίας
924 1215 994 1278 οὐδὲ
1015 1215 1063 1278 ἐπὶ
1084 1221 1143 1278 τῶν
1165 1217 1295 1299 φυσικῶν
1316 1215 1432 1284 πάντως
1445 1213 1538 1298 λέγων

181 1322 240 1383 δεῖν
261 1322 340 1404 ἡμᾶς
361 1319 505 1402 ἐπιζητεῖν
526 1321 560 1382 τὸ
582 1319 639 1382 ert
660 1319 701 1381 τί.
733 1317 811 1383 item
832 1315 872 1380 fr.
894 1316 936 1382 de
958 1315 1059 1398 igmss
1086 1317 1161 1381 ἀλλά
1188 1317 1242 1401 γάρ
1268 1320 1359 1379 ταῦτα
1389 1314 1483 1380 ἔοικεν
1509 1317 1540 1386 ἐς

52 1431 54 1435 ‘
182 1422 358 1505 pastoratui
380 1421 480 1505 σκέψιν
502 1422 633 1506 ἐκφέρειν
648 1423 727 1505 ἡμᾶς
740 1424 799 1482 τῶν
815 1419 1012 1501 ὑποκειμένων
1035 1420 1055 1503 ἣ
1079 1423 1160 1502 ζητεῖ
1179 1420 1238 1489 τάς
1260 1421 1396 1503 πρώτας
1417 1418 1541 1490 αίτῖας.

182 1523 332 1588 nimirum
354 1543 438 1605 qnae
460 1522 584 1606 primae
606 1521 831 1607 philosophiae
853 1527 929 1585 sunt
954 1540 975 1586 a
1000 1522 1195 1587 naturalium
1222 1541 1329 1587 rernm
1354 1521 1540 1604 cognitione

180 1630 279 1690 arcet.
313 1624 550 1708 Xenophanem
572 1632 682 1691 antem
696 1623 940 1707 Theophrastus
961 1629 1027 1687 tam
1050 1643 1115 1688 non
1137 1624 1271 1709 respuit,
1294 1630 1330 1689 ut
1350 1644 1417 1689 non
1432 1614 1538 1689 solnm

180 1734 297 1810 postea
317 1727 507 1792 nominatim
529 1728 698 1795 afferretur
720 1724 768 1813 [fr.
786 1723 838 1812 16]
860 1726 918 1791 sed
940 1745 1045 1810 paene
1068 1725 1177 1792 omnia
1191 1745 1275 1808 quae
1290 1726 1410 1810 posteri
1426 1727 1467 1792 de
1482 1726 1539 1791 ille

181 1828 312 1893 tradunt
333 1848 376 1894 ex
397 1827 609 1912 Opinionibns
630 1829 708 1896 solis
729 1828 833 1913 petita
853 1848 926 1894 esse
947 1828 1141 1894 Karstenins
1163 1829 1242 1893 scite
1264 1827 1461 1894 observaret.

266 1931 353 2013 Ergo
374 1931 458 1996 istuc
479 1931 600 1998 Kemio
623 1930 864 2017 concedendum
886 1938 945 2014 est,
968 1938 1103 1999 eatenus
1129 1950 1243 2014 posse
1270 1949 1312 1995 ea
1332 1929 1433 1997 rerba
1455 1949 1540 2014 qnae

182 2039 256 2116 post
277 2032 494 2127 Theophrasti
514 2034 710 2101 mentionem
732 2040 884 2100 secuntur
905 2033 948 2099 ab
970 2033 1084 2098 eodem
1108 2053 1180 2099 esse
1203 2031 1357 2117 proiecta
1391 2034 1540 2099 sedtum

180 2136 239 2201 illa
254 2135 429 2201 excusandi
445 2136 550 2219 gratia
564 2135 727 2221 praemitti
743 2134 900 2218 fingamus
922 2135 965 2201 ab
988 2156 1027 2202 eo
1050 2136 1104 2220 qui
1126 2134 1352 2220 metaphysica
1365 2134 1541 2220 Xenopha-

182 2237 232 2303 nis
246 2238 429 2303 accuratius
443 2245 639 2305 tractaturus
655 2244 714 2304 est.
736 2258 842 2321 neque
857 2238 1012 2304 dissimile
1027 2238 1097 2304 eins
1112 2237 1159 2304 rei
1173 2236 1357 2320 exemplum
1371 2237 1405 2301 in
1419 2236 1542 2303 Aristo

182 2339 247 2404 tele
267 2338 431 2405 invenitur
451 2341 506 2424 qui
528 2342 569 2408 de
591 2341 778 2406 Eleatarum
801 2339 966 2424 principiis
987 2340 1209 2424 disputaturus
1230 2337 1326 2423 phys.
1340 2339 1389 2404 12
1412 2359 1444 2422 p.
1458 2339 1540 2404 185·

183 2442 222 2506 lt
246 2440 324 2506 dicit
350 2442 385 2506 οδ
408 2445 465 2528 μὴν
488 2443 547 2509 ἀλλ’
575 2444 675 2527 ἐπειδὴ
698 2444 762 2527 περὶ
784 2443 901 2526 φύσεως
922 2444 974 2525 μὲν
996 2442 1042 2520 οὔ,
1063 2443 1186 2528 φυσικάς
1205 2443 1238 2505 δὲ
1252 2443 1375 2526 ἀπορίας
1390 2441 1540 2527 συμβαίνει

182 2544 275 2627 λέγειν
298 2544 396 2614 αὐτοῖς
418 2544 488 2616 ἴσως
510 2544 574 2631 ἔχει
596 2549 694 2615 καλῶς
715 2547 763 2610 ἐπὶ
786 2547 887 2629 μικρὸν
909 2544 1100 2631 διαλεχθῆναι
1123 2546 1187 2629 περὶ
1209 2543 1321 2608 αὐτῶν·
1343 2542 1406 2629 ἔχει
1421 2544 1475 2628 γάρ
1496 2567 1542 2628 φι·

181 2647 320 2731 λοσοφίαν
342 2649 362 2731 ψ
385 2647 485 2732 σκέψις
507 2645 559 2733 [cf.
581 2647 681 2714 Kem.
704 2646 802 2713 Beitr.
825 2668 856 2731 p.
873 2644 915 2732 3l.
951 2653 1076 2712 tantum
1098 2667 1139 2713 ex
1162 2645 1270 2730 specie
1291 2645 1474 2728 fragmenti.

268 2748 387 2813 Vemm
414 2748 499 2814 enim
530 2770 609 2817 vero
636 2752 723 2816 ultra
750 2748 1021 2833 progrediendum
1055 2754 1105 2814 est
1133 2756 1168 2814 ut
1196 2748 1408 2814 diiudicemus
1437 2747 1541 2814 Theo

182 2849 349 2933 phrastine
377 2850 419 2914 sit
444 2849 502 2916 illa
529 2853 685 2919 mantissa
713 2871 756 2919 an
778 2850 1101 2917 Pseudo-Aristotelis
1128 2870 1149 2915 a
1176 2849 1341 2934 Simplicio
1367 2851 1540 2916 inculcata

183 2949 265 3016 haee
295 2950 442 3032 quaestio
470 2972 542 3017 cnm
568 2953 782 3039 Xenophanis
810 2953 957 3020 doctrina
985 2953 1160 3018 indicanda
1188 2952 1349 3018 artissime
1378 2952 1540 3019 cohaeret

182 3053 417 3119 conclamatum
433 3060 482 3119 est
496 3055 680 3121 Aristotelis
694 3056 913 3122 testimoninm
927 3054 1070 3138 metaph.
1086 3056 1147 3120 Ae
1162 3076 1193 3138 p.
1202 3055 1283 3120 9861
1299 3056 1340 3120 18
1359 3054 1542 3139 Παρμενίδης

183 3155 304 3238 μὲνγὰρ
326 3153 403 3219 έοικε
424 3161 476 3219 τοῦ
498 3159 572 3221 κατὰ
593 3160 642 3222 τδν
664 3159 749 3241 λόγον
771 3159 835 3228 ἑνδς
849 3157 1004 3235 ἅπτεσθαι,
1028 3156 1173 3227 Μέλισσος
1188 3159 1221 3221 δὲ
1235 3163 1287 3221 τοῦ
1302 3158 1376 3222 κατὰ
1390 3159 1442 3242 τὴν
1459 3159 1541 3240 δλην.

182 3258 227 3319 διὸ
250 3257 298 3319 καὶ
321 3259 337 3320 δ
360 3257 413 3338 μὲν
435 3261 651 3344 πεπερασμένον
673 3263 689 3324 δ
712 3259 734 3324 δ
760 3260 878 3344 ἀπειρόν
893 3280 981 3345 φησιν
995 3259 1067 3323 είναι
1083 3260 1166 3324 αὐτό.
1195 3261 1362 3345 Ξενοφάνης
1377 3261 1411 3323 δὲ
1425 3265 1540 3344 πρῶτος

181 3356 291 3420 τούτων
317 3357 413 3427 ἑνίσας
438 3357 468 3444 (δ
492 3361 547 3445 ηάρ
575 3361 757 3447 Παρμενίδης
782 3362 885 3426 τούτου
912 3362 1025 3445 λέγεται
1051 3360 1199 3447 μαθητής)
1228 3363 1315 3427 οὐθὲν
1339 3366 1540 3449 διεσαφήνισεν
1570 3384 1573 3389 ’

182 3458 251 3522 οὐδὲ
272 3463 324 3542 τῆς
345 3460 461 3544 φύσεως
481 3463 591 3527 τούτων
614 3464 765 3549 οὐδετέρας
787 3464 865 3529 ἔοικε
887 3465 992 3548 θιγεῖν,
1018 3463 1077 3528 ἀλλ’
1105 3464 1146 3534 εἰς
1167 3467 1216 3528 τὸν
1238 3466 1305 3529 θλον
1328 3466 1448 3550 οὐρανδν
1471 3467 1541 3529 ἀπο-

183 3559 290 3644 βλέψας
311 3563 344 3624 τδ
366 3562 397 3625 ἓν
419 3561 493 3627 εἷναί
513 3586 585 3651 φησι
606 3568 656 3630 τὸν
678 3567 758 3630 θεόν.
790 3565 973 3649 quicunque
995 3566 1080 3632 hunc
1102 3568 1207 3632 locum
1229 3567 1336 3651 tetigit
1352 3566 1435 3632 alins
1450 3565 1541 3631 alind

182 3660 289 3726 inesse
310 3665 484 3731 contendit.
529 3667 623 3733 nobis
646 3668 830 3734 Snsemihlii
852 3669 1079 3751 interpretatio
1100 3668 1241 3734 manime
1262 3668 1450 3753 probatur.¹
1482 3666 1541 3732 sed

182 3763 291 3845 gravis
306 3765 495 3850 relinquitur
506 3769 656 3854 suspicio,
672 3791 714 3837 ne
729 3771 940 3855 posteriorem
952 3771 1217 3854 interpolatorem
1232 3791 1332 3856 passa
1342 3771 1409 3838 sint
1418 3768 1541 3836 Aristo·

181 3864 256 3930 telis
277 3868 388 3935 verba.
421 3870 517 3941 ἑνίσας
540 3871 625 3937 euim
648 3869 681 3959 [i.
703 3893 731 3939 e.
755 3878 869 3958 πρῶτος
890 3874 921 3939 ἓν
944 3873 1016 3938 εἶναι
1038 3875 1070 3936 τδ
1094 3873 1125 3936 δν
1148 3873 1238 3937 είπῶν
1259 3871 1417 3940 Alexand.
1441 3893 1472 3955 p.
1490 3872 1542 3955 33,

183 3968 222 4030 ll
235 3967 328 4055 Bon]
349 3992 416 4038 non
437 3974 540 4038 solnm
563 3973 605 4039 ab
620 3974 795 4044 Aristotele
817 3977 969 4053 alienum,
990 3976 1049 4042 sed
1072 3976 1202 4043 omnino
1225 3977 1288 4043 hae
1306 3972 1543 4060 significatione

254 4208 262 4240 ¹
281 4211 376 4262 Philol.
399 4215 465 4264 Ans.
489 4214 542 4265 VII
561 4211 613 4267 297
645 4217 858 4281 Xenophanes
877 4218 956 4268 habe
975 4216 1042 4267 sich
1062 4214 1155 4266 nicht
1178 4214 1248 4266 hlar
1266 4220 1458 4280 geaenssert
1479 4214 1543 4264 und

182 4298 263 4346 auch
283 4300 370 4349 wohl
389 4299 456 4350 sich
474 4301 564 4352 nicht
581 4302 654 4352 klar
672 4303 811 4366 gedacht
828 4305 927 4364 (deun
950 4305 1023 4354 dass
1045 4303 1126 4354 anch
1146 4303 1216 4353 dies
1234 4304 1373 4352 letztere
1395 4304 1427 4350 iu
1451 4294 1543 4350 οθθδν

183 4381 399 4453 διεσαφήνισεν
422 4381 492 4436 otta
514 4389 570 4456 τῆς
588 4384 713 4455 φθσιως
735 4385 856 4441 τούτων
878 4386 1046 4458 οδδιτίρας
1070 4387 1157 4440 ίοικι
1184 4386 1282 4457 θιηιῖν
1308 4391 1398 4452 liegt,
1422 4387 1544 4437 erhellt

183 4486 238 4520 aus
257 4474 323 4522 dem
342 4483 520 4536 gegensatz
539 4470 604 4525 ἀλλ’
625 4473 669 4532 είς
685 4473 743 4526 τὸν
761 4474 894 4545 οὐρανόν
912 4474 988 4538 κτλ)
1006 4476 1045 4527 cb
1063 4477 1133 4526 dem
1151 4477 1355 4539 goettlichcn
1373 4475 1542 4525 All-einen

183 4559 388 4624 begreuznng
416 4561 495 4610 oder
517 4563 789 4627 nnbegrenztheit
808 4565 1005 4628 beiaulegen
1028 4559 1090 4614 aet?
1128 4566 1209 4615 miror
1232 4565 1265 4615 ad
1291 4562 1461 4628 Xenophanis
1485 4560 1541 4611 flui-

183 4656 279 4697 tantem
299 4648 480 4698 obscuritatem
500 4649 619 4700 Phllcnia
642 4652 674 4701 de
697 4653 747 4702 deo
766 4653 902 4716 opiniones
920 4651 1037 4701 noudum
1055 4667 1112 4702 esse
1131 4660 1305 4716 comparatas,
1325 4652 1368 4714 qni
1387 4665 1446 4699 enm
1464 4649 1542 4699 modo

182 4735 314 4784 immotum
333 4734 411 4784 modo
431 4749 534 4785 ansam
547 4734 710 4798 effectricem,
729 4739 888 4801 potissimum
901 4737 1051 4801 simpliciter
1063 4752 1119 4786 ens
1132 4742 1285 4790 nominavit.
1310 4739 1422 4789 deloco
1441 4738 1542 4787 Aristo·

181 4821 239 4870 telis
262 4820 410 4872 conferendi
434 4829 495 4870 aunt
518 4822 704 4887 Ueberwaglns
728 4824 825 4874 Philol.
844 4824 936 4875 xxv1
955 4820 1016 4874 710.
1050 4823 1295 4877 Zellerna1⁴478¹
1323 4824 1543 4875 Teichmnellerua

182 4906 254 4957 Stnd.
274 4924 296 4957 z.
316 4906 408 4960 Geneh.
429 4907 454 4956 d.
473 4907 549 4971 Bega.
571 4907 681 4974 letne.
695 4907 755 4962 607.
780 4910 893 4961 Karnine
911 4911 991 4961 Beitr.
1011 4927 1037 4974 p.
1051 4912 1075 4963 θ.
