3442 5588
379 376 546 428 ιτειιισεκυ
566 374 670 426 τουτο.
690 374 833 426 τουτο..
852 373 1092 428 Palmae-11
1359 372 1422 436 653

109 546 204 630 δόγμα
225 545 278 610 οὑκ
308 544 365 609 οἶδ’
393 547 473 615 όπως
502 546 734 632 μεταβαλλομαι·
765 546 781 609 ό
811 542 1035 627 Παρμενίδης
1063 543 1113 606 τδν
1138 540 1371 627 Ἀναξαγόραν

108 655 161 736 τῆς
182 648 257 733 ἐμῆς
276 648 420 733 <γνιόμης>
440 647 589 732 ἐξήλασεν.

198 756 217 818 7
250 749 383 816 Ἐπειδὰν
404 750 437 813 δὲ
459 752 618 835 ἡγήσωμαε
640 749 735 834 δόγμα
764 748 844 835 ἔχειν
872 749 1022 832 ἀκίνητον,
1048 745 1274 831 Ἀναξιμένης
1303 748 1371 810 ὑπο-

109 856 208 942 λαβὼν
229 853 444 937 Ιαλντικέκραγεν·
474 852 539 917 ἀλλ’
566 853 625 938 ἐγώ
654 852 702 916 σοί
731 873 826 937 φημι·
858 852 892 916 τδ
923 855 981 914 πάν
1012 851 1088 913 ἐστιν
1118 852 1187 935 ἀήρ,
1214 852 1262 914 καὶ
1289 850 1373 920 οὑτος

107 957 303 1040 πυκνοὺμενος
326 956 376 1020 καλ
401 955 604 1038 συνιστάμενος
632 956 711 1040 ὕδωρ
736 954 786 1019 καλ
817 960 855 1040 γῆ
890 954 1013 1038 γίνεται,
1038 953 1227 1037 ἀραιοόμενος
1259 954 1293 1017 δὲ
1324 954 1403 1016 καλο

109 1059 297 1145 διαχεόμενος
311 1057 402 1142 αἰθὴρ
416 1056 465 1121 καὶ
479 1061 548 1142 πῦρ,
570 1057 611 1127 είς
633 1058 666 1121 δὲ
688 1059 741 1141 τὴν
762 1058 854 1121 αὑτοῦ
876 1058 962 1141 φόσιν
984 1057 1111 1121 ἐπανιὼν
1134 1058 1193 1142 ἀήρ
1215 1055 1372 1140 [βάραιός

110 1163 137 1226 εί
151 1163 247 1227 δὲκαὶ
261 1160 418 1244 πυκνωθῇ,
438 1158 537 1245 φησίν,
551 1157 781 1243 έξαλλάσσεται].
813 1159 863 1224 καλ
877 1161 963 1224 παλιν
978 1158 1016 1223 αὑ
1031 1159 1126 1245 τούτῳ
1150 1159 1373 1244 μεθαρμόζομαι

108 1265 157 1329 καὶ
179 1265 229 1329 τδν
248 1262 473 1348 Ἀναξιμένην
494 1264 583 1347 φιλῶ.

199 1368 220 1432 8
250 1364 283 1432 Ὀ
305 1368 339 1431 δὲ
356 1363 594 1450 Ἐμπεδοκλῆς
620 1364 752 1451 ἄντικρυς
781 1366 902 1450 ἔστηκεν
928 1365 1149 1452 ἐμβριμώμενος
1170 1367 1219 1429 καλ
1241 1365 1300 1430 ἀπὸ
1321 1370 1375 1451 τῆς

114 1466 223 1552 Αἴτνης
246 1467 320 1552 μέγα
342 1469 437 1553 βοῶν·
459 1469 550 1554 ἀρχαὶ
571 1472 630 1532 τῶν
652 1471 768 1534 πάντων
791 1467 888 1555 ἔχθρα
910 1469 959 1532 καὶ
981 1467 1073 1553 φιλία,
1094 1469 1114 1551 ἡ
1138 1468 1190 1551 μὶν
1213 1471 1375 1551 συνάγουσα
1393 1490 1417 1529 10

113 1572 134 1655 ἡ
157 1570 191 1634 δὲ
212 1571 414 1656 διακρίνουσα·
435 1570 485 1635 καί
506 1571 541 1635 τδ
562 1575 656 1642 νεῖκος
677 1571 775 1637 αὑτῶν
796 1577 876 1638 ποιεῖ
894 1572 931 1636 τὰ
951 1571 1055 1635 πάντα.
1092 1571 1225 1656 όρίζομαι
1247 1572 1280 1636 δὲ
1300 1571 1375 1637 αὑτὰ

116 1675 167 1738 καὶ
190 1674 279 1756 ὅμοια
300 1673 350 1738 καλ
372 1674 511 1758 ἀνόμοια,
533 1675 583 1738 καλ
605 1673 712 1760 ἄπειρα
733 1677 783 1739 καλ
804 1677 895 1761 πέρας
917 1672 1038 1761 ἔχοντα,
1066 1674 1116 1737 καὶ
1138 1674 1217 1738 ἀίδια
1239 1674 1287 1737 καὶ
1302 1674 1375 1756 γινό-

114 1799 196 1859 μενα.
243 1773 287 1840 Εὑ
309 1801 343 1860 γε
369 1777 395 1839 ὦ
417 1774 685 1860 Ἐμπεδόκλεις,
717 1779 827 1862 έπομαί
857 1799 903 1842 σοι
935 1777 984 1840 καλ
1014 1775 1102 1861 μέχρι
1134 1781 1194 1842 τῶν
1223 1780 1374 1863 κρατήρων

109 1883 161 1943 τοὺ
182 1878 282 1964 πυρός.

198 1984 220 2046 θ
253 1979 331 2046 Ἀλλ’
359 1981 408 2045 έπλ
435 1981 545 2067 θάτερα
575 1981 815 2070 Πρωταγόρας
843 1984 975 2067 ἑστηκὼς
1005 1982 1140 2047 ἀνθέλκει
1169 2005 1206 2064 με
1235 1983 1374 2067 φάσκων·
1393 2005 1416 2044 ιε

113 2083 180 2166 ὅρος
196 2084 246 2146 καλ
267 2085 359 2168 κρίσις
380 2089 440 2149 τῶν
462 2087 639 2169 πραγμάτων
663 2089 679 2152 ό
701 2086 857 2171 ἅνθρωπος
878 2086 927 2148 καὶ
948 2085 985 2149 τὰ
1008 2086 1060 2167 μὲν
1087 2083 1284 2149 ὑποπίπτοντα
1313 2092 1375 2158 ταῖς

113 2184 285 2270 αἰσθήσεσιν
308 2184 385 2259 ἔστιν
406 2188 572 2273 πράγματα,
593 2189 630 2253 τὰ
652 2190 686 2253 δὲ
707 2191 748 2275 μὴ
771 2188 969 2253 ὑποπίπτοντα
991 2186 1045 2251 οὑκ
1067 2185 1144 2251 ἔστιν
1166 2187 1197 2250 ἐν
1211 2192 1271 2258 τοῖς
1285 2187 1373 2254 ειοεσι

112 2294 166 2373 τῆς
187 2289 299 2360 οὐσίας
342 2291 437 2375 τούτῳ
459 2294 502 2375 τῷ
526 2290 605 2376 λόγῳ
627 2293 857 2376 κολακευόμενος
878 2290 936 2354 ὑπδ
960 2288 1193 2375 Πρωταγόρου
1219 2288 1372 2376 τέρπομαι

115 2393 159 2457 δτι
179 2393 213 2457 τδ
235 2397 293 2457 πάν
315 2393 336 2478 ἢ
357 2394 392 2457 τδ
413 2395 546 2459 πλεῖστον
566 2401 610 2481 τῷ
633 2395 783 2480 ἀνθρωπιρ
805 2395 896 2476 νέμει.

198 2499 241 2563 10
273 2493 453 2581 Ἀλλαχὺθεν
475 2495 509 2560 δέ
531 2521 580 2579 μοι
603 2496 726 2582 Θαλῆς
747 2496 800 2581 τὴν
822 2494 964 2618 ἀληθειαν
993 2493 1067 2558 νεὺει
1099 2494 1265 2579 ὁριζόμενος
1293 2497 1414 2581 όδωρεο

110 2603 162 2663 τοῦ
185 2600 293 2668 παντδς
314 2598 422 2683 ἀρχήν.
464 2598 513 2661 καὶ
536 2597 570 2662 ἐκ
590 2604 643 2664 τοῦ
666 2602 754 2684 ὑγροῦ
775 2600 812 2663 τό
834 2600 928 2662 πάντα
950 2599 1113 2662 συνίσταται
1142 2599 1191 2661 καὶ
1218 2598 1260 2668 εἰς
1289 2599 1373 2684 ὑγρδν

111 2702 275 2781 άνοιλὺεται,
297 2701 346 2764 καί
368 2702 388 2784 ἡ
410 2703 448 2785 γῆ
472 2700 520 2764 έπλ
543 2702 646 2772 όδατος
668 2704 791 2788 ὀχεῖται.
836 2702 884 2766 διὰ
906 2703 934 2765 τί
954 2700 1048 2764 τοίνυν
1071 2701 1113 2784 μὴ
1135 2700 1251 2764 πεισθῶ
1274 2699 1373 2784 Θαλῇ

111 2805 157 2890 τῷ
186 2803 374 2889 πρεσβυτάτω
403 2807 463 2866 τῶν
490 2802 607 2888 Ἰώνων;
639 2802 705 2868 ἀλλ’
734 2807 751 2869 ὑ
777 2805 897 2887 πολίτης
918 2802 1008 2867 αὑτοῦ
1027 2801 1301 2888 ’Ἀναξίμανδρος
1322 2810 1373 2868 τοῦ

113 2906 201 2991 ὑγρυό
229 2906 424 2991 πρεσβυτέραν
447 2907 542 2993 ἀρχὴν
565 2907 637 2972 εἶναι
658 2907 735 2991 λέγει
757 2908 810 2993 τὴν
832 2907 923 2972 ἀίδιον
945 2906 1055 2991 κίνησιν
1077 2905 1125 2970 καὶ
1146 2905 1240 2989 ταότη
1262 2907 1299 2971 τὰ
1321 2908 1373 2990 μὲν

110 3010 276 3092 γεννᾶσθαι,
297 3008 334 3072 τὰ
354 3009 388 3072 δὲ
405 3009 588 3095 φθείρεσθαι.
625 3011 674 3077 καὶ
697 3011 733 3095 δὴ
756 3010 850 3075 τοίνυν
871 3011 972 3080 πιστὸς
990 3007 1264 3093 Ἀναξίμανδρος
1285 3007 1373 3073 ἔστω.
1392 3029 1416 3067 τε

199 3115 239 3179 11
275 3109 335 3177 Καὶ
358 3113 416 3197 μὴν
439 3112 493 3177 οὐκ
514 3112 665 3196 εὐδοκιμεῖ
681 3111 872 3199 Ἀρχέλαος
894 3112 1125 3198 ἀποφαινόμενος
1146 3116 1205 3174 τῶν
1228 3112 1304 3175 δλων
1325 3112 1373 3196 ἀρ

111 3216 169 3301 χὰς
190 3215 299 3299 θερμὸν
321 3214 371 3279 καλ
395 3216 521 3300 ψυχρδν;
549 3215 625 3280 ἀλλὰ
651 3216 700 3280 καὶ
726 3216 821 3301 τοότιρ
844 3217 929 3279 πάλιν
952 3218 969 3280 δ
992 3212 1199 3298 μεγαλόφωνος
1227 3211 1374 3278 Πλάτων

111 3316 171 3402 οὑχ
192 3317 330 3401 δμολογεῖ
349 3317 442 3401 λέγων
470 3319 565 3404 ἀρχὰς
591 3318 663 3383 εἶναι
686 3318 756 3383 θεδν
777 3319 827 3383 καλ
851 3319 922 3401 όλην
944 3317 993 3381 καί
1015 3315 1205 3399 παράδειγμα.
1250 3338 1299 3378 νυν
1323 3316 1375 3399 μέν

115 3421 164 3483 καλ
179 3420 216 3504 δὴ
232 3419 400 3504 πέπεισμαι.
437 3426 501 3491 πῶς
515 3421 600 3506 γὰρο
603 3420 741 3504 ὑμέλλω
762 3420 906 3485 πιστεόειν
928 3418 1083 3505 φιλοσόφῳ
1104 3441 1148 3504 τερ
1134 3418 1198 3481 ’τὸ
1212 3417 1280 3487 Διὸς
1295 3418 1375 3502 ἅρμα

113 3524 297 3608 πεποιηκότιγ
322 3523 443 3588 κατόπιν
472 3523 505 3586 δὲ
527 3523 617 3587 αὑτοῦ
641 3523 792 3608 μαθητὴς
800 3522 1043 3609 Ἀριστοτέλης
1070 3521 1176 3605 ἕστηκε
1202 3522 1372 3605 ζηλοτυπῶν
1390 3541 1415 3579 ιο

112 3626 163 3690 τδν
178 3627 400 3692 διδάσκαλον
365 3651 420 3712 της
434 3626 652 3711 άρματοποιίας.
690 3625 774 3696 οὑτος
789 3627 884 3713 ἀρχὰς
905 3625 995 3695 ἄλλος
1017 3622 1143 3709 ὁρίζεται
1164 3623 1198 3686 τὸ
1220 3627 1311 3686 ποιεῖν
1326 3624 1374 3687 καὶ

60 3775 262 3783 —-———-——-

61 3851 75 3904 l
96 3848 201 3920 γνιόμης
218 3869 251 3906 ex
269 3849 633 3920 p.655‚4ad‹11‹11tuen201.
658 3853 718 3903 Ρλο-
770 3853 882 3904 vandum
899 3857 938 3901 ost
960 3844 975 3917 ΙΙ
999 3845 1031 3899 21
1058 3845 1124 3916 έρχη
1144 3848 1247 3899 ΜοοεοΙ
1265 3847 1426 3912 distinguens

60 3942 150 3992 tonica
168 3941 265 4007 ellipsis
283 3950 312 3993 ιιι
333 3938 400 3992 κατά
421 3955 449 4008 γε
470 3936 517 4007 τὴν
535 3935 600 4007 ἐμήν
617 3949 643 3990 et
660 3937 677 4008 ἡ
695 3935 716 4007 i
771 3949 831 3992 ante
849 3933 917 4006 ὑδωρ
937 3931 953 4004 ΙΙ
972 3933 1007 3986 22
1025 3930 1122 3986 πεισθῶ
1134 3937 1171 3985 V:
1190 3929 1271 3985 πείθω
1289 3943 1349 3984 ante
1367 3933 1424 3985 Sel·

60 4024 112 4097 ίρὴ
130 4027 189 4097 νικᾷ
207 4029 240 4079 εὑ
258 4029 355 4083 ottone
373 4029 440 4079 malo
461 4034 598 4079 excusatur
770 4031 852 4079 lerum
871 4022 884 4092 ΙΙ
905 4021 939 4075 23
957 4020 1117 4091 πρεσβυτέρῳ
1133 4030 1193 4074 ante
1207 4022 1363 4073 Mentelium
1382 4026 1426 4085 qui

97 4112 115 4168 3
131 4113 258 4184 ἡγήσομαι
275 4123 336 4167 anto
355 4114 479 4168 Wolflum
498 4109 513 4180 ΙΙ
533 4111 550 4165 5
568 4112 613 4163 καὶ
630 4114 662 4180 γῆ
679 4115 717 4163 V:
771 4115 882 4166 conferri
900 4112 971 4162 iubet
983 4106 1093 4175 [Iastia]
1106 4111 1124 4160 1.
1136 4110 1153 4160 1.
1166 4125 1187 4160 ο.
1201 4106 1217 4161 5
1229 4126 1255 4174 p.
1269 4108 1309 4161 62
1327 4104 1425 4177 δπρεσ-

61 4200 108 4254 καλ
120 4200 169 4271 ἀὴρ
183 4207 263 4255 ceteri
274 4203 334 4255 libri
353 4197 367 4270 ΙΙ
390 4196 719 4270 6άραεός-ίξαλλάσσεται
771 4199 876 4270 βὺτατος
898 4203 951 4250 τῶν
970 4192 1031 4248 κατ’
1056 4193 1146 4255 αὑτοὺς
1168 4193 1284 4248 ἁπάντων
1308 4191 1393 4264 Θαλῆς
1410 4193 1426 4262 ΙΙ

61 4290 147 4342 delevi
156 4291 319 4357 periphrasin
328 4291 365 4342 εἰο
373 4291 427 4341 sere
437 4286 718 4356 ποετίτυεπὺαωάροιω
770 4292 817 4341 τοῦ
835 4286 911 4358 ὑγροῦ
930 4287 963 4337 οἱ.
981 4285 1054 4336 Ptol.
1072 4300 1098 4350 ρ.
1111 4280 1181 4337 263¹

60 4373 115 4437 θεὶς
132 4373 159 4429 δέ
177 4376 221 4428 καλ
239 4372 391 4441 ποκνωθιίς,
408 4375 492 4446 φησίν,
511 4372 685 4436 έξάλλάσσεταε
705 4371 718 4444 ΙΙ
807 4374 840 4432 26
860 4372 998 4441 εὑδοκιμεῖν
1010 4373 1098 4424 codd.=
1118 4387 1184 4422 corr.
1197 4371 1280 4423 Soiler
1293 4368 1307 4440 ΙΙ
1322 4370 1355 4424 27
1368 4368 1426 4422 τοὺ-

61 4463 134 4534 ’ίφῆ
147 4468 165 4517 i.
179 4481 203 4518 ε.
215 4463 289 4534 φησίν
303 4467 391 4516 αοὺσκ
410 4460 482 4533 φόσιν
494 4466 569 4516 wolf
585 4459 600 4530 ΙΙ
620 4460 719 4531 θαὺτιρ
771 4480 816 4516 του
838 4463 927 4515 οοὺόε
951 4477 1018 4512 corr.
1041 4460 1124 4511 Soiler
1151 4454 1166 4527 ΙΙ
1195 4456 1371 4528 μεγαλόφωνος
1394 4476 1427 4510 ex

59 4549 145 4621 τοὺτερ
165 4556 204 4604 v=
230 4550 300 4623 αὑτῷ
321 4554 396 4604 τοῦτο
417 4553 508 4617 vulgoz
532 4568 598 4603 corr.
617 4552 720 4603 Monzol
773 4549 898 4616 [Iustino]
911 4549 969 4600 eoh-
983 4549 1016 4600 οδ
1029 4556 1098 4614 gent.
1110 4564 1132 4599 υ.
1146 4544 1179 4598 31
1193 4564 1219 4612 ρ.
1228 4545 1263 4600 30
1271 4563 1295 4599 c.
1314 4548 1427 4599 indidem

96 4641 114 4694 9
132 4637 329 4711 έμβρεμοὺρενος
340 4649 401 4692 anto
415 4634 571 4691 Menzelium
590 4635 604 4705 ΙΙ
628 4636 657 4690 11
677 4636 721 4688 καὶ
773 4646 858 4690 uetera
871 4652 952 4701 usque
965 4637 999 4688 αὑ
1011 4631 1159 4703 πεποιηκότι
1175 4636 1207 4686 es.
1223 4635 1294 4687 Ptol.
1307 4652 1332 4700 ρ.
1345 4632 1397 4688 262
1411 4631 1425 4700 ΙΙ

59 4725 90 4780 εδ
112 4731 195 4787 νεῖκος
217 4725 272 4780 κτλ
301 4732 332 4781 ef.
356 4729 469 4779 Karsten
493 4726 602 4792 Emped.
625 4743 651 4791 ρ.
668 4723 720 4778 379
772 4723 807 4779 29
823 4722 861 4793 τῷ
878 4724 924 4775 τοῦ
942 4726 1033 4789 vulgo:
1053 4724 1154 4775 correxi
1168 4717 1228 4790 1131
1247 4719 1277 4773 τδ
1294 4725 1371 4773 ποιεῖν
1383 4719 1427 4772 κοιλ

60 4817 194 4867 intercidit
209 4818 318 4868 ίοττιιευε
337 4813 468 4884 στοιχείων
483 4816 581 4867 mentio
600 4821 659 4863 ποτε
677 4811 721 4863 καλ
773 4809 802 4864 τό
824 4810 927 4880 πάσχειν
955 4812 1141 4876 categoriarum
1168 4813 1346 4876 intempestive
1373 4824 1426 4859 me·

98 4901 132 4955 19
151 4901 219 4971 νέμει
236 4904 353 4956 VMOL:
373 4905 513 4954 deteriores
531 4899 600 4969 μένει
773 4902 857 4963 ειείιιίλ,
879 4899 926 4951 τοὺ
945 4914 977 4951 ex
997 4900 1121 4965 proximis
1140 4914 1197 4949 cum
1215 4898 1345 4948 Menzelio
1357 4898 1426 4959 ‚ueri-

97 4989 133 5044 20
146 4987 234 5060 μηνὺεε
247 4991 320 5044 (λεία.
334 4994 464 5056 poeticum
478 4990 584 5041 verbum
598 5006 651 5042 nou
663 5006 718 5041 mo·
774 4989 887 5039 bendum
907 4988 1008 5039 videtur
1025 4983 1054 5037 τδ
1072 4987 1157 5037 ποιοῦν
1176 4984 1219 5036 καλ
1237 4981 1266 5035 τδ
1284 4982 1380 5052 πάσχον
