3464 5586
261 324 323 388 188
525 329 590 378 XVI
626 329 675 378 Dte
695 329 798 378 AETII
816 329 1053 380 Philemonem
1072 329 1344 381 COMPOSITIONE

259 494 379 559 frustra
406 500 517 576 eruut,
547 495 601 577 qui
631 494 852 580 Pythagoram
880 502 1052 578 ceteraque
1081 497 1175 563 tutati
1203 495 1349 564 Ocellam
1377 498 1621 585 Archytamqne

259 603 423 679 tamquam
444 595 659 679 interpolatos
681 597 857 681 expellant.
901 598 1026 665 accedit
1053 599 1140 683 quod
1168 599 1294 683 patriae
1315 599 1478 666 adduntur
1498 601 1621 686 Pytha

260 717 359 781 gorae
383 698 511 765 Platoni
534 697 737 765 Dicaearcho
760 700 937 785 Aristoteli,
958 701 1108 785 idemque
1130 721 1201 767 mos
1222 701 1256 766 in
1279 700 1389 769 Ocello
1411 702 1621 788 Archytsqne

260 799 461 866 observatur.
500 800 577 883 quid
600 801 723 866 multa?
755 801 826 886 ipse
846 803 1110 870 Varro‘accedat
1131 822 1211 869 suae
1241 803 1410 870 doetrinae
1435 804 1557 872 vindex
1578 806 1622 872 de

260 922 295 968 re
310 908 388 966 rust.
404 903 436 967 11
453 904 520 988 1..3.³
543 906 648 985 iyitaa
669 907 806 986 inquam,
828 914 858 968 et
868 924 969 986 pecua
983 925 1051 968 cant
1065 925 1186 986 semper
1199 908 1298 987 samse
1311 909 1352 970 sil
1366 925 1490 971 necesse
1503 915 1622 971 natura

260 1008 340 1081 (siae
362 1008 443 1068 enim
464 1008 592 1088 aliquod
612 1008 673 1087 fait
695 1009 882 1088 principium
902 1008 1073 1088 perorandi
1094 1008 1276 1073 anr‘maliam
1297 1019 1330 1071 at
1347 1011 1468 1091 putavit
1490 1008 1622 1073 I'lrales

261 1109 426 1172 Milesias
449 1118 477 1171 el
503 1110 606 1172 Zeao
635 1110 778 1173 Citieus
804 1112 869 1173 sice
891 1119 1001 1172 contra
1021 1111 1209 1191 principiam
1235 1113 1344 1175 boram
1373 1114 1475 1175 estitit
1503 1113 1622 1175 cadam

260 1220 294 1272 ut
316 1212 449 1273 credidit
469 1212 702 1294 Pythoporas
723 1210 871 1275 Samius
893 1220 922 1276 el
945 1213 1169 1277 Aristotelea
1190 1214 1409 1295 Staperites)
1432 1232 1555 1277 accuse
1576 1224 1622 1278 est

259 1314 413 1376 humanae
434 1315 516 1376 citae
538 1333 698 1378 asumma
719 1317 869 1378 memoria
889 1315 1046 1395 pradatim
1068 1315 1264 1380 descendisse
1285 1318 1329 1380 ad
1346 1317 1428 1380 banc
1442 1325 1574 1381 aetatem
1588 1327 1623 1381 at

261 1418 368 1481 scribit
391 1418 646 1480 Dicaearchus
669 1434 818 1481 ...cece
840 1415 1046 1500 Pythagoras
1075 1436 1146 1482 cum
1169 1417 1343 1484 Aristotele
1365 1423 1399 1483 et
1419 1416 1622 1485 Dicaearcho

261 1519 404 1585 eiusdem
428 1517 589 1603 opinionis
604 1517 743 1603 patroni,
766 1537 850 1600 quae
865 1518 899 1582 in
914 1517 1093 1586 Censorino
1109 1520 1292 1587 accuratius
1307 1519 1490 1603 exponitur.
1514 1541 1621 1606 neque

261 1620 528 1704 philosophorum
553 1619 680 1703 patriae
705 1639 770 1685 non
796 1619 970 1686 adduntur.
1014 1622 1056 1688 de
1077 1623 1295 1688 Romanorum
1316 1621 1535 1704 Varronisque
1557 1623 1620 1709 Py·

260 1721 436 1804 thagoriois
451 1722 566 1789 studiis
581 1722 701 1789 dictum
716 1728 766 1789 est
780 1742 801 1787 a
815 1722 857 1787 m.
873 1722 1004 1790 Hertuio
1020 1725 1063 1790 de
1079 1724 1187 1807 Nigid.
1203 1723 1273 1807 Fig.
1294 1744 1326 1807 p.
1337 1725 1379 1788 24
1399 1721 1439 1788 oi.
1451 1722 1618 1790 Ritschelii

261 1844 371 1908 opusc.
390 1825 440 1890 III
458 1826 531 1891 442.
567 1823 669 1891 Ocelli
696 1824 777 1890 liber
804 1823 934 1908 quando
962 1826 1158 1910 compositus
1187 1825 1230 1890 sit
1250 1844 1292 1891 ne
1315 1824 1469 1891 Varronis
1491 1825 1620 1909 quidem

261 1933 371 1993 aetate
396 1933 484 1993 certo
511 1925 655 1992 efficitur.
699 1947 775 1993 nam
803 1927 830 1993 si
856 1927 1041 1994 Andronico
1067 1927 1153 2011 quod
1180 1945 1279 2011 supra
1304 1926 1372 1992 dixi
1400 1925 1534 1994 inferior
1562 1928 1624 1995 ruit

260 2027 413 2093 falsarius
441 2048 463 2093 a
488 2048 567 2095 sene
588 2029 735 2096 Varrone
765 2050 923 2097 novorum
952 2030 1106 2096 librorum
1135 2034 1171 2093 ut
1196 2028 1230 2092 in
1256 2028 1474 2110 grammaticis
1496 2049 1623 2115 aucupe

262 2130 326 2213 legi
348 2137 488 2214 poterat.
523 2149 716 2214 quamquam
738 2133 807 2199 veri
829 2132 934 2198 simile
948 2132 1133 2199 Aristotelis
1147 2150 1213 2196 non
1228 2130 1334 2216 ipsum
1355 2130 1623 2215 degeneratione

261 2231 378 2297 librum
393 2232 484 2298 illum
499 2233 697 2319 adhibuisse,
720 2234 778 2299 sed
794 2241 981 2318 excerptum
1003 2241 1037 2300 et
1059 2235 1269 2317 explanatum
1291 2253 1313 2298 a
1333 2233 1460 2299 iuniore
1482 2233 1623 2318 quodam

263 2335 490 2419 Peripatetico,
514 2355 595 2417 quos
609 2342 738 2401 constat
753 2334 870 2401 Stoicis
885 2336 1046 2402 coloribus
1061 2356 1176 2421 parum
1190 2334 1386 2419 pepercisse.
1421 2336 1507 2419 quod
1521 2356 1625 2420 genus

262 2445 312 2503 est
334 2437 367 2502 in
384 2435 484 2503 Ocell.
501 2439 520 2502 2
540 2445 556 2499 5
578 2441 608 2502 cl
631 2439 664 2502 at
687 2440 820 2520 δυνάμεις
842 2438 909 2503 οὔτε
931 2439 1097 2524 φθείρονται
1113 2439 1181 2503 οὔτε
1195 2439 1329 2521 premnt·
1354 2439 1452 2522 λόγοι
1465 2439 1520 2523 γὰρ
1533 2439 1623 2503 ἀσώ-

263 2565 364 2623 ματοι
386 2543 560 2626 τυγχάνουσι
582 2541 709 2619 τούτων,
738 2539 825 2623 quod
846 2540 914 2605 Arii
936 2541 1011 2607 fal
1032 2542 1066 2606 in
1088 2539 1275 2606 memoriam
1298 2547 1440 2624 revocat,
1463 2541 1518 2624 qui
1540 2541 1625 2606 eimi-

261 2643 347 2709 libus
369 2642 490 2726 eclogis
511 2641 696 2709 Andronico
718 2642 836 2726 partim
858 2643 1076 2727 superioribus
1097 2643 1131 2708 in
1150 2641 1354 2708 Aristoteleis
1377 2641 1424 2706 uti
1446 2643 1624 2709 consuevit.

263 2746 305 2811 de
319 2745 484 2830 Archytae
506 2745 661 2812 memoria
683 2743 764 2810 nihil
786 2746 873 2828 quod
895 2746 1000 2811 dicam
1022 2745 1139 2830 haheo,
1161 2745 1224 2811 nisi
1239 2744 1326 2828 qnod
1341 2743 1472 2810 dubium
1486 2765 1552 2811 non
1573 2752 1626 2811 est

261 2847 337 2931 quin
369 2868 409 2914 ex
442 2847 569 2914 subdito
605 2866 646 2912 ea
679 2865 807 2930 qnoque
835 2846 952 2912 hausta
987 2846 1028 2913 sit
1062 2847 1182 2913 libello.
1224 2866 1332 2931 neque
1364 2845 1449 2911 enim
1482 2847 1623 2914 Varroni

262 2949 420 3017 eiusmodi
436 2950 642 3034 quaestiones
656 2951 825 3034 scrupulos
839 2949 999 3032 parabant
1015 2949 1069 3033 qui
1083 2948 1261 3034 Archytam
1277 2947 1518 3034 Pythagoreum
1537 2948 1625 3016 inter

264 3052 310 3118 rei
325 3053 465 3119 rusticae
482 3053 655 3137 scriptores
670 3052 873 3120 enumerarit
887 3052 918 3117 d.
934 3072 959 3117 r.
975 3074 1001 3117 r.
1017 3051 1033 3116 Ι
1051 3054 1066 3116 1
1087 3059 1104 3113 8
1126 3070 1221 3134 quem
1238 3050 1421 3117 Demetrius
1435 3050 1624 3134 Magnesius

263 3151 305 3217 ab
326 3153 531 3240 homonymis
553 3162 736 3221 accreverat
758 3153 798 3220 cf.
814 3155 922 3219 Laert.
938 3154 1016 3219 VIII
1031 3153 1072 3219 82
1087 3154 1219 3238 γεγόνασι
1234 3152 1259 3217 δ’
1277 3151 1417 3238 Ἀρχῦται
1437 3153 1621 3238 τέτταρες

261 3256 354 3340 τρίτος
369 3260 432 3342 περὶ
455 3259 593 3343 γεωργίας
615 3260 775 3343 γεγραφώς·
798 3257 856 3323 sed
878 3256 960 3325 haee
982 3257 1110 3341 quidem
1131 3255 1174 3320 de
1187 3254 1469 3339 Pythagoreorum
1494 3255 1530 3320 in
1545 3255 1624 3321 Var-

263 3380 342 3426 rone
364 3360 539 3427 fraudibus.

263 3572 417 3647 excerpta
432 3574 490 3632 est.
517 3573 615 3649 atque
630 3585 701 3630 cunr
717 3567 835 3629 Atticas
856 3567 922 3627 eice
938 3563 976 3625 de
991 3565 1127 3625 nemete
1149 3559 1180 3648 [l.
1197 3560 1383 3627 maneribus
1398 3561 1438 3627 cf.
1454 3562 1623 3629 Ritsehelii

263 3687 315 3749 op.
330 3667 378 3731 m
394 3666 469 3754 405]
491 3675 525 3734 et
541 3670 658 3733 Tubero
681 3669 719 3730 de
740 3670 860 3748 origine
880 3667 1017 3728 bamaaa
1038 3663 1080 3729 ab
1101 3664 1172 3748 ipso
1196 3663 1407 3748 compilatore
1429 3665 1450 3729 2
1468 3672 1485 3727 t
1508 3685 1540 3748 p.
1556 3666 1586 3747 6,
1603 3668 1625 3730 5

263 3778 296 3836 et
317 3770 337 3833 9
359 3782 370 3832 1
395 3791 425 3853 p.
443 3772 552 3855 2213
575 3772 722 3855 citentur,
745 3768 948 3834 Tuberonem
965 3766 1104 3832 maxime
1124 3766 1265 3832 insnum
1280 3785 1373 3830 usum
1387 3766 1526 3833 vertisse
1541 3786 1625 3833 com-

264 3871 434 3956 pilatorem
457 3881 589 3957 propter
611 3872 791 3956 argumenti
815 3868 1057 3936 simihtudinem
1080 3873 1333 3935 consentaneum
1357 3874 1415 3934 est
1457 3869 1562 3934 altera
1588 3868 1626 3932 li-

263 3975 339 4040 belli
369 3995 445 4059 pars
466 3997 532 4041 non
562 3975 666 4041 minus
692 3973 893 4039 Varroniano
915 3992 956 4038 cx
983 3969 1099 4054 quibus
1127 3969 1216 4035 libris
1243 3970 1360 4035 hausta
1385 3968 1441 4054 eit,
1471 3967 1624 4034 indIcium

264 4077 411 4162 cohibeo,
434 4098 506 4144 cum
529 4077 700 4161 Gruppeus
724 4077 845 4159 [Herm.
861 4077 892 4141 X
910 4075 1043 4158 bdsqq.]
1064 4093 1130 4138 non
1146 4071 1254 4137 omnia
1268 4077 1356 4138 recte
1372 4071 1565 4138 enodatisse
1579 4070 1626 4137 ri·

263 4179 388 4247 deatur.
415 4198 520 4262 neque
535 4177 708 4262 quidquam
724 4180 768 4245 ad
783 4185 925 4244 nostram
941 4177 982 4243 de
995 4175 1166 4243 Tuberone
1175 4173 1399 4259 quaestionem
1410 4173 1497 4241 facit.
1512 4179 1626 4240 nostra

262 4281 396 4349 interest
417 4282 556 4366 priorem
579 4288 705 4365 partem
735 4281 777 4348 de
803 4280 926 4365 origine
948 4280 1092 4345 humana
1117 4299 1144 4344 c.
1160 4279 1267 4343 4-15
1294 4277 1490 4345 examinare.
1525 4281 1627 4359 atque

264 4386 327 4449 ο.4
348 4391 519 4468 postquam
546 4384 795 4469 Peripateticam
830 4391 863 4450 et
894 4382 1109 4449 recentiorum
1138 4380 1418 4466 Pythagoreorum
1444 4377 1626 4445 doctrinam

263 4505 391 4570 semper
411 4485 512 4552 fuisse
534 4486 709 4553 humanum
730 4506 833 4569 genus
856 4485 1015 4571 exposuit,
1037 4482 1243 4549 adversarios
1265 4481 1397 4548 inducit.

293 4654 384 4660 —....—
394 4656 401 4659 -
407 4654 663 4661 ——-----·-—.

263 4748 440 4809 Peripateticis
458 4749 597 4798 seiunctum
617 4759 670 4796 ease
684 4745 871 4796 Dicaearchum
884 4746 1016 4810 opinaris).
1035 4746 1130 4795 erroris
1149 4745 1236 4805 instar,
1257 4758 1332 4806 quem
1352 4751 1435 4792 statuo
1454 4738 1626 4791 aCensorino

263 4835 434 4892 commissum,
453 4834 519 4883 infra
537 4848 661 4898 promam.
