3464 5586
192 314 254 378 132
330 317 356 366 X
391 313 765 367 THEOPHHASTEORUM
784 316 884 367 APUD
905 313 1166 366 HXCHRPTORES
1184 312 1418 367 CONSPECTUS

192 483 460 570 philosophorum
489 483 530 550 de
552 476 717 569 principiis
739 484 909 570 opiniones
935 504 956 549 a
983 482 1121 550 Thalete
1143 503 1246 568 usque
1267 483 1311 548 ad
1331 481 1553 548 Democritum

192 592 225 652 et
248 586 454 654 Heraclidem
477 587 592 654 eodem
614 586 683 654 iere
704 608 767 670 quo
790 587 907 654 Sextus
928 588 950 654 l.
973 608 1000 654 c.
1024 587 1137 654 ordine
1164 585 1335 671 continuit,
1357 585 1442 651 alter
1463 583 1554 652 Cice

193 689 282 756 ronis
304 690 345 757 de
366 691 501 757 deorum
522 696 640 756 natura
660 690 775 757 librum
795 697 980 776 excerptum
995 689 1118 756 habuit.
1152 708 1238 775 nam,
1257 688 1344 773 quod
1358 686 1553 754 Krischem

192 799 280 858 recte
312 793 454 860 sensisse
476 792 588 878 video,
615 794 721 878 ipsum
744 793 934 860 Ciceronem
955 814 1022 859 non
1043 792 1186 877 inspexit
1207 790 1368 859 Clemens.
1402 797 1439 856 ut
1459 790 1554 857 latini

194 894 351 959 sermonis
365 914 487 978 gnarus
501 895 599 962 fuerit
612 895 710 961 homo
725 895 964 962 Alexandrinus
978 895 1065 980 quod
1080 915 1121 962 ex
1132 893 1288 962 Varronis
1302 892 1397 960 unius
1411 893 1552 978 nomine,

194 997 284 1062 cuius
306 1003 356 1063 est
378 998 596 1065 testimonium
617 998 659 1064 de
673 997 788 1063 Martis
803 996 973 1064 simulacro
988 999 1149 1081 Protrept.
1164 999 1186 1063 4
1206 1019 1237 1082 p.
1254 998 1294 1062 41
1312 997 1348 1062 Ρ.
1363 994 1552 1078 neutiquam

192 1099 313 1184 elucet,
342 1106 477 1168 tantone
505 1122 579 1169 eum
601 1099 707 1167 credis
728 1107 860 1185 stupore
882 1099 996 1184 luisse,
1022 1106 1058 1165 ut
1085 1100 1136 1166 oui
1158 1099 1256 1166 Tullii
1278 1097 1552 1183 promptissimum

192 1200 233 1267 de
256 1201 327 1267 deis
349 1210 446 1289 caput
468 1210 605 1289 pateret,
627 1202 670 1267 ad
692 1202 817 1287 priores
838 1201 1050 1287 philosophos
1069 1201 1116 1267 uti
1138 1201 1250 1287 nollet,
1271 1201 1330 1268 sed
1351 1200 1551 1268 alienissimo

191 1304 298 1386 potius
321 1305 403 1373 libro
426 1307 551 1373 adscito
573 1305 748 1390 ineptiret?
775 1310 809 1370 at
831 1306 914 1372 alios
933 1305 1003 1372 iore
1017 1324 1168 1390 auguror,
1191 1303 1245 1387 qui
1260 1304 1346 1370 ultra
1361 1302 1551 1371 Ciceronem

191 1408 313 1490 egressi
335 1407 561 1476 Philodamum
588 1414 645 1473 aut
667 1408 861 1493 Epicureum
888 1415 975 1474 certe
1001 1414 1167 1475 auctorem
1192 1405 1394 1491 perhibeant.
1438 1414 1552 1473 contra

191 1530 273 1591 quos
295 1511 375 1576 satis
397 1517 447 1577 est
468 1512 532 1578 loci
555 1510 791 1596 Theophrastei
818 1509 1129 1595 commonefacere,
1158 1509 1213 1593 qui
1239 1509 1301 1577 etei
1326 1507 1552 1576 brevissimum

191 1620 240 1677 est
262 1613 428 1696 utriusque
449 1620 647 1699 excerptum,
670 1613 845 1698 conspicua
867 1612 1023 1680 orationis
1045 1612 1169 1679 latinae
1188 1612 1328 1697 vestigia
1342 1611 1450 1678 traxit
1478 1610 1553 1676 Phi·

190 1714 309 1781 lodemi
331 1723 441 1783 autem
463 1722 617 1800 excerpta
638 1736 771 1800 prorsus
791 1717 888 1784 ahter
908 1721 1066 1800 concepta
1089 1721 1122 1781 et
1142 1716 1302 1801 ampliora
1324 1723 1408 1781 sunt.
1444 1731 1552 1797 neque

189 1817 355 1883 fortuitum
370 1817 519 1901 arbitror,
534 1818 621 1900 quod
633 1817 814 1885 Stoicorum
829 1819 1016 1885 fusionem
1031 1818 1266 1904 universam,
1280 1836 1377 1901 quam
1392 1817 1426 1883 in
1440 1815 1551 1882 latinia

189 1918 334 1984 additam
357 1939 456 2005 supra
476 1942 508 2005 p.
526 1921 588 1986 126
610 1920 693 2004 dixi,
721 1922 824 1986 solam
852 1921 983 1987 retinuit
1013 1920 1164 1987 Clemens
1196 1919 1247 2008 [cf.
1270 1920 1432 1988 StromV
1452 1921 1494 1985 14
1516 1928 1552 1983 90

190 2042 221 2105 p.
237 2023 300 2087 699
313 2020 371 2109 Ρ.].
407 2042 484 2106 crgo
507 2023 535 2088 si
558 2022 694 2089 latinum
715 2022 968 2089 ecclesiasticum
983 2023 1100 2090 librum
1114 2042 1233 2106 graece
1246 2044 1376 2090 versum
1391 2021 1552 2090 Clementi

190 2131 320 2209 praesto
331 2125 432 2192 fuisse
444 2125 604 2210 concedis,
619 2124 789 2211 probabile
800 2145 874 2191 cum
884 2133 961 2192 ante
972 2126 1104 2193 Minucii
1114 2127 1233 2194 Felicis
1243 2132 1386 2193 aetatem
1397 2125 1552 2209 scriptum

190 2247 273 2311 esse,
295 2228 349 2310 qui
366 2227 531 2295 Ciceronis
553 2226 666 2293 tabula
688 2228 731 2293 ad
745 2228 984 2312 impugnandos
1006 2228 1152 2295 ethnicos
1173 2248 1200 2295 c.
1218 2229 1258 2294 19
1280 2227 1427 2296 similiter
1440 2227 1550 2293 utitur.

275 2331 326 2396 De
348 2330 444 2396 editis
466 2350 487 2396 a
507 2329 603 2396 nobis
621 2330 763 2396 Tulliani
777 2330 1023 2415 Philodcmiqnc
1044 2331 1197 2399 librorum
1219 2329 1379 2415 capitibus
1400 2330 1464 2397 hoc
1484 2350 1552 2396 mc

189 2453 263 2499 neo.
299 2431 464 2500 Ciceronis
487 2432 663 2501 editionem
685 2438 814 2500 secutus
836 2454 906 2499 sum
928 2433 1149 2519 Halmianam,
1172 2434 1231 2501 sed
1251 2440 1287 2500 ut
1307 2433 1434 2502 leviora
1454 2431 1552 2499 libra

189 2534 309 2600 riorum
338 2535 457 2602 menda
480 2536 670 2623 omitterem,
693 2537 860 2621 aliquanto
883 2536 1014 2603 uberius
1029 2557 1210 2622 promerem
1224 2537 1366 2603 virorum
1381 2535 1551 2604 doctorum

189 2636 333 2704 arbitria.
367 2637 412 2702 ad
434 2638 582 2704 dextram
591 2626 778 2706 'Philodemi
801 2638 936 2705 adhibui
951 2639 1226 2724 comparationem
1242 2639 1427 2724 Comperuii
1449 2658 1552 2725 opera

190 2745 225 2804 ut
248 2759 308 2823 par
329 2746 379 2807 est
398 2740 498 2807 nisus.
531 2742 621 2808 ouius
643 2761 715 2807 cnm
733 2741 894 2826 integram
914 2741 1158 2809 adnotationem
1176 2748 1324 2826 repetere
1338 2761 1406 2808 ucn
1419 2761 1551 2826 possem

188 2841 232 2907 ad
254 2843 473 2911 coniecturam
495 2844 626 2930 saepius
647 2843 725 2910 mihi
747 2844 997 2930 confugiendum
1019 2850 1104 2931 erat,
1131 2851 1167 2912 ut
1192 2844 1349 2930 pristinae
1373 2844 1551 2912 memoriae

188 2944 421 3032 qualiscunque
442 2947 550 3033 imago
572 2955 882 3033 repraesentaretur.
1507 2942 1514 2953 ’

326 3355 356 3409 X
392 3352 761 3412 murmurandum
778 3356 878 3413 APHI)
896 3354 1160 3414 HXCHRHCRES
1177 3355 1414 3414 careremus.

272 3558 366 3637 Quod
388 3560 429 3625 de
452 3558 669 3644 Theophrasti
692 3559 888 3646 Opinionum
910 3563 1055 3647 corporis
1075 3563 1268 3630 auctoritate
1289 3561 1378 3648 apud
1399 3567 1549 3647 posteros

186 3670 219 3728 et
241 3684 300 3728 usu
323 3661 526 3746 adumbravi,
548 3661 613 3727 iam
636 3664 836 3730 enucleatius
858 3671 890 3731 ct
913 3665 1030 3731 certius
1052 3665 1338 3733 demonstrandum
1361 3672 1420 3732 cst.
1450 3684 1547 3748 quem

185 3765 228 3831 ad
250 3765 347 3832 finem
369 3764 556 3851 priusquam
577 3765 620 3830 ad
643 3766 788 3850 singulos
809 3767 983 3851 scriptores
1005 3769 1189 3853 veniamus,
1218 3767 1380 3853 potiorum
1402 3787 1421 3833 e
1443 3766 1549 3835 Theo

184 3869 318 3952 phrasto
349 3873 575 3951 excerptorum
608 3868 752 3935 tabulam
786 3889 982 3954 proponam,
1015 3890 1081 3954 qua
1112 3871 1246 3938 adscitis
1277 3870 1325 3936 eis
1357 3869 1547 3952 fragmentis

185 3992 270 4055 quae
290 3971 481 4038 nominatim
504 3990 544 4037 ex
566 3968 653 4035 illius
675 3971 905 4038 commentario
928 3971 1067 4039 collecta
1088 3980 1180 4058 sunt,
1210 3971 1379 4058 Hippolyti
1400 3971 1548 4039 Philcso

184 4075 348 4158 phumena
375 4073 541 4142 Plutarchi
564 4071 729 4139 Stromata
751 4074 872 4140 Laertii
903 4074 1057 4158 dogmata
1087 4074 1226 4159 denique
1252 4073 1359 4159 siquid
1388 4094 1429 4141 ex
1450 4073 1546 4140 Aeso

184 4177 322 4260 quadrat
343 4177 549 4261 comparabo.
588 4175 650 4241 hac
677 4174 803 4243 ratione
829 4175 984 4242 facillima
1005 4177 1049 4243 ad
1072 4177 1333 4262 persuadendum
1355 4177 1453 4243 etad
1474 4197 1547 4260 per·

183 4279 384 4344 lustrandum
408 4276 668 4345 commodissima
689 4298 755 4343 non
776 4279 880 4345 solum
902 4278 1163 4363 Theophrastum
1188 4280 1230 4348 ab
1252 4300 1317 4346 uno
1340 4297 1469 4364 quoque
1490 4278 1547 4346 ad·

182 4380 319 4446 hibitum
343 4381 402 4448 sed
424 4381 523 4447 etiam
545 4400 607 4462 quo
631 4379 744 4446 ordine
766 4389 799 4448 et
821 4401 885 4466 qua
907 4380 971 4447 fide
993 4382 1172 4450 ostendam.
1213 4403 1289 4450 nam
1312 4383 1440 4450 diverso
1462 4382 1547 4449 litte

182 4501 289 4547 rarum
321 4503 441 4566 genere
475 4489 630 4567 quantum
659 4483 794 4566 quisque
826 4483 945 4568 ubique
978 4483 1020 4550 ab
1054 4485 1231 4570 exemplari
1265 4484 1351 4552 absit
1382 4483 1545 4551 indicabo.

182 4591 354 4667 praeterea
375 4586 409 4652 iu
431 4586 544 4652 ordine
566 4585 778 4673 Hippolytum
800 4585 989 4653 fidissimum
1012 4594 1235 4672 excerptorem
1256 4608 1389 4673 sequar,
1417 4593 1545 4655 ceteros

179 4686 226 4751 ita
247 4686 339 4752 iuxta
361 4708 481 4771 ponam
502 4694 538 4753 ut
559 4688 613 4755 ubi
635 4689 790 4774 cuiusque
817 4689 983 4774 scriptoris
1008 4689 1161 4756 traditam
1188 4689 1465 4757 continuationem
1486 4697 1545 4758 aut

179 4789 415 4872 interrumpere
435 4796 492 4856 aut
513 4796 726 4874 transponere
748 4811 882 4859 necesse
904 4791 1011 4877 luerit,
1033 4792 1208 4858 asteriscos
1229 4813 1360 4877 ponam.
