<?xml version="1.0" encoding="UTF-8"?>
<!DOCTYPE html PUBLIC "-//W3C//DTD XHTML 1.0 Transitional//EN"
    "http://www.w3.org/TR/xhtml1/DTD/xhtml1-transitional.dtd">
<html xmlns="http://www.w3.org/1999/xhtml" xml:lang="en" lang="en">
 <head>
  <title>
</title>
<meta http-equiv="Content-Type" content="text/html;charset=utf-8" />
  <meta name='ocr-system' content='tesseract 3.04.00' />
  <meta name='ocr-capabilities' content='ocr_page ocr_carea ocr_par ocr_line ocrx_word'/>
</head>
<body>
  <div class='ocr_page' id='page_1' title='image "./doxographigraec00dielgoog/doxographigraec00dielgoog_0201.png"; bbox 0 0 3464 5586; ppageno 0'>
   <div class='ocr_carea' id='block_1_1' title="bbox 193 303 1279 369">
    <p class='ocr_par' dir='ltr' id='par_1_1' title="bbox 193 303 1279 369">
     <span class='ocr_line' id='line_1_1' title="bbox 193 303 1279 369; baseline -0.004 -12"><span class='ocrx_word' id='word_1_1' title='bbox 193 304 256 369; x_wconf 85' lang='grc'><strong>180</strong></span> <span class='ocrx_word' id='word_1_2' title='bbox 458 306 522 357; x_wconf 85' lang='lat' dir='ltr'><strong>XVI</strong></span> <span class='ocrx_word' id='word_1_3' title='bbox 559 305 608 355; x_wconf 80' lang='lat' dir='ltr'><strong>DE</strong></span> <span class='ocrx_word' id='word_1_4' title='bbox 628 305 729 354; x_wconf 76' lang='lat' dir='ltr'><strong>AliTll</strong></span> <span class='ocrx_word' id='word_1_5' title='bbox 749 304 986 355; x_wconf 79' lang='lat' dir='ltr'><strong>PLACITORUM</strong></span> <span class='ocrx_word' id='word_1_6' title='bbox 1007 303 1279 355; x_wconf 77' lang='lat' dir='ltr'><strong>couPosrrrouu</strong></span> 
     </span>
    </p>
   </div>
   <div class='ocr_carea' id='block_1_2' title="bbox 188 469 1552 772">
    <p class='ocr_par' dir='ltr' id='par_1_2' title="bbox 188 469 1552 772">
     <span class='ocr_line' id='line_1_2' title="bbox 229 469 1528 555; baseline -0.004 -16"><span class='ocrx_word' id='word_1_7' title='bbox 229 475 456 540; x_wconf 73' lang='lat' dir='ltr'><strong>Aetiusltlrl</strong></span> <span class='ocrx_word' id='word_1_8' title='bbox 558 469 759 555; x_wconf 82' lang='lat' dir='ltr'><strong>Epiphanius</strong></span> <span class='ocrx_word' id='word_1_9' title='bbox 775 472 836 536; x_wconf 87' lang='lat' dir='ltr'><strong>lo.</strong></span> <span class='ocrx_word' id='word_1_10' title='bbox 929 471 1174 538; x_wconf 83' lang='lat' dir='ltr'><strong>Laertinlel</strong></span> <span class='ocrx_word' id='word_1_11' title='bbox 1268 469 1400 536; x_wconf 80' lang='lat' dir='ltr'><strong>Eusebii</strong></span> <span class='ocrx_word' id='word_1_12' title='bbox 1423 488 1528 554; x_wconf 89' lang='lat' dir='ltr'><strong>oomp.</strong></span> 
     </span>
     <span class='ocr_line' id='line_1_3' title="bbox 220 567 1551 669; baseline -0.005 -21"><span class='ocrx_word' id='word_1_13' title='bbox 220 583 403 669; x_wconf 82' lang='grc' dir='ltr'>Ἡράκλειτος</span> <span class='ocrx_word' id='word_1_14' title='bbox 446 586 494 647; x_wconf 85' lang='grc' dir='ltr'><strong>καὶ</strong></span> <span class='ocrx_word' id='word_1_15' title='bbox 656 573 742 656; x_wconf 64' lang='grc' dir='ltr'><strong>ἕῖῙ·</strong></span> <span class='ocrx_word' id='word_1_16' title='bbox 934 581 1028 646; x_wconf 77' lang='grc' dir='ltr'>ἐδόκει</span> <span class='ocrx_word' id='word_1_17' title='bbox 1062 580 1087 645; x_wconf 75' lang='grc' dir='ltr'><strong>δ’</strong></span> <span class='ocrx_word' id='word_1_18' title='bbox 1122 580 1202 666; x_wconf 81' lang='grc' dir='ltr'>αὐτῷ</span> <span class='ocrx_word' id='word_1_19' title='bbox 1247 567 1551 658; x_wconf 79' lang='lat' dir='ltr'><strong>X1V38[ef.p.169]</strong></span> 
     </span>
     <span class='ocr_line' id='line_1_4' title="bbox 188 680 1552 772; baseline -0.002 -24"><span class='ocrx_word' id='word_1_20' title='bbox 188 683 333 756; x_wconf 78' lang='grc' dir='ltr'>Ἵππασος.</span> <span class='ocrx_word' id='word_1_21' title='bbox 349 735 356 749; x_wconf 94' lang='grc'><strong>.</strong></span> <span class='ocrx_word' id='word_1_22' title='bbox 374 734 381 749; x_wconf 97' lang='grc'><strong>.</strong></span> <span class='ocrx_word' id='word_1_23' title='bbox 399 688 494 772; x_wconf 81' lang='grc' dir='ltr'>ἀρχὴν</span> <span class='ocrx_word' id='word_1_24' title='bbox 574 680 758 768; x_wconf 82' lang='grc' dir='ltr'>Ἡράκλειτος</span> <span class='ocrx_word' id='word_1_25' title='bbox 770 684 786 746; x_wconf 82' lang='grc' dir='ltr'>ὁ</span> <span class='ocrx_word' id='word_1_26' title='bbox 798 685 849 744; x_wconf 82' lang='grc' dir='ltr'><strong>τοῦ</strong></span> <span class='ocrx_word' id='word_1_27' title='bbox 874 710 877 765; x_wconf 67' lang='grc' dir='ltr'>ι</span> <span class='ocrx_word' id='word_1_28' title='bbox 902 684 1068 753; x_wconf 77' lang='grc' dir='ltr'>καθολικῶς</span> <span class='ocrx_word' id='word_1_29' title='bbox 1090 684 1142 766; x_wconf 84' lang='grc' dir='ltr'><strong>μὲν</strong></span> <span class='ocrx_word' id='word_1_30' title='bbox 1157 686 1204 747; x_wconf 79' lang='grc' dir='ltr'>τά·</span> <span class='ocrx_word' id='word_1_31' title='bbox 1278 685 1294 747; x_wconf 86' lang='grc' dir='ltr'>ό</span> <span class='ocrx_word' id='word_1_32' title='bbox 1317 684 1350 746; x_wconf 71' lang='grc' dir='ltr'><strong>δὲ</strong></span> <span class='ocrx_word' id='word_1_33' title='bbox 1366 680 1552 768; x_wconf 75' lang='grc' dir='ltr'>Ἡράκλειτος</span> 
     </span>
    </p>
   </div>
   <div class='ocr_carea' id='block_1_3' title="bbox 181 778 1552 4561">
    <p class='ocr_par' dir='ltr' id='par_1_3' title="bbox 192 778 1552 1282">
     <span class='ocr_line' id='line_1_5' title="bbox 192 778 1551 871; baseline -0.003 -21"><span class='ocrx_word' id='word_1_34' title='bbox 192 793 250 850; x_wconf 84' lang='grc' dir='ltr'><strong>τῶν</strong></span> <span class='ocrx_word' id='word_1_35' title='bbox 299 791 412 852; x_wconf 82' lang='grc' dir='ltr'>πάντων</span> <span class='ocrx_word' id='word_1_36' title='bbox 461 789 494 851; x_wconf 86' lang='grc' dir='ltr'>τὸ</span> <span class='ocrx_word' id='word_1_37' title='bbox 548 783 701 854; x_wconf 85' lang='grc' dir='ltr'>Βλέσιυνος</span> <span class='ocrx_word' id='word_1_38' title='bbox 719 783 850 869; x_wconf 82' lang='grc' dir='ltr'>Ἐφέσιος</span> <span class='ocrx_word' id='word_1_39' title='bbox 874 778 877 813; x_wconf 69' lang='lat'>¹</span> <span class='ocrx_word' id='word_1_40' title='bbox 902 788 943 849; x_wconf 85' lang='grc' dir='ltr'><strong>δε.</strong></span> <span class='ocrx_word' id='word_1_41' title='bbox 980 787 1015 851; x_wconf 76' lang='grc' dir='ltr'>ἐκ</span> <span class='ocrx_word' id='word_1_42' title='bbox 1046 787 1136 870; x_wconf 84' lang='grc' dir='ltr'>πυρός</span> <span class='ocrx_word' id='word_1_43' title='bbox 1167 784 1204 848; x_wconf 79' lang='grc' dir='ltr'>τὰ</span> <span class='ocrx_word' id='word_1_44' title='bbox 1224 828 1227 855; x_wconf 89' lang='grc'><em>.</em></span> <span class='ocrx_word' id='word_1_45' title='bbox 1248 786 1343 871; x_wconf 79' lang='grc' dir='ltr'>ἀρχὴν</span> <span class='ocrx_word' id='word_1_46' title='bbox 1357 790 1416 848; x_wconf 80' lang='grc' dir='ltr'><strong>τῶν</strong></span> <span class='ocrx_word' id='word_1_47' title='bbox 1435 784 1551 848; x_wconf 80' lang='grc' dir='ltr'>πάντων</span> 
     </span>
     <span class='ocr_line' id='line_1_6' title="bbox 192 866 1551 1003; baseline 0.002 -52"><span class='ocrx_word' id='word_1_48' title='bbox 192 895 258 974; x_wconf 81' lang='grc' dir='ltr'><strong>πῦρ.</strong></span> <span class='ocrx_word' id='word_1_49' title='bbox 288 891 321 954; x_wconf 84' lang='grc' dir='ltr'>ἐκ</span> <span class='ocrx_word' id='word_1_50' title='bbox 337 892 427 975; x_wconf 86' lang='grc' dir='ltr'>πυρὸς</span> <span class='ocrx_word' id='word_1_51' title='bbox 441 890 495 974; x_wconf 81' lang='grc' dir='ltr'><strong>γὰρ</strong></span> <span class='ocrx_word' id='word_1_52' title='bbox 547 887 580 951; x_wconf 80' lang='grc' dir='ltr'>ἐκ</span> <span class='ocrx_word' id='word_1_53' title='bbox 599 889 688 974; x_wconf 83' lang='grc' dir='ltr'>πυρός</span> <span class='ocrx_word' id='word_1_54' title='bbox 711 885 793 970; x_wconf 77' lang='grc' dir='ltr'>ἔλεγε</span> <span class='ocrx_word' id='word_1_55' title='bbox 813 886 850 949; x_wconf 81' lang='grc' dir='ltr'>τὰ</span> <span class='ocrx_word' id='word_1_56' title='bbox 875 866 877 1003; x_wconf 49' lang='lat' dir='ltr'><strong>i</strong></span> <span class='ocrx_word' id='word_1_57' title='bbox 901 889 995 952; x_wconf 79' lang='grc' dir='ltr'>πάντα</span> <span class='ocrx_word' id='word_1_58' title='bbox 1037 890 1204 953; x_wconf 81' lang='grc' dir='ltr'>συνεστάναι</span> <span class='ocrx_word' id='word_1_59' title='bbox 1247 886 1305 973; x_wconf 77' lang='grc' dir='ltr'><strong>ἔφη</strong></span> <span class='ocrx_word' id='word_1_60' title='bbox 1321 886 1393 951; x_wconf 79' lang='grc' dir='ltr'>εἶναι</span> <span class='ocrx_word' id='word_1_61' title='bbox 1406 884 1551 971; x_wconf 65' lang='lat' dir='ltr'><strong>eoepit</strong></span> 
     </span>
     <span class='ocr_line' id='line_1_7' title="bbox 192 987 1551 1077; baseline -0.004 -20"><span class='ocrx_word' id='word_1_62' title='bbox 192 994 228 1057; x_wconf 81' lang='grc' dir='ltr'>τὰ</span> <span class='ocrx_word' id='word_1_63' title='bbox 249 996 342 1057; x_wconf 82' lang='grc' dir='ltr'>πάντα</span> <span class='ocrx_word' id='word_1_64' title='bbox 364 992 494 1077; x_wconf 79' lang='grc' dir='ltr'>γίνεσθαι</span> <span class='ocrx_word' id='word_1_65' title='bbox 547 992 640 1054; x_wconf 82' lang='grc' dir='ltr'>πιῖντα</span> <span class='ocrx_word' id='word_1_66' title='bbox 655 989 727 1054; x_wconf 83' lang='grc' dir='ltr'>εἶναι</span> <span class='ocrx_word' id='word_1_67' title='bbox 743 989 790 1053; x_wconf 80' lang='grc' dir='ltr'><strong>καί</strong></span> <span class='ocrx_word' id='word_1_68' title='bbox 809 987 850 1057; x_wconf 87' lang='grc' dir='ltr'>είς</span> <span class='ocrx_word' id='word_1_69' title='bbox 903 992 950 1054; x_wconf 83' lang='grc' dir='ltr'><strong>καὶ</strong></span> <span class='ocrx_word' id='word_1_70' title='bbox 973 990 1014 1060; x_wconf 86' lang='grc' dir='ltr'>είς</span> <span class='ocrx_word' id='word_1_71' title='bbox 1035 995 1121 1054; x_wconf 80' lang='grc' dir='ltr'>τοῦτο</span> <span class='ocrx_word' id='word_1_72' title='bbox 1139 991 1205 1054; x_wconf 84' lang='grc' dir='ltr'>ἀνα·</span> <span class='ocrx_word' id='word_1_73' title='bbox 1248 988 1282 1053; x_wconf 86' lang='grc' dir='ltr'>οὑ</span> <span class='ocrx_word' id='word_1_74' title='bbox 1304 990 1341 1054; x_wconf 81' lang='grc' dir='ltr'>τὰ</span> <span class='ocrx_word' id='word_1_75' title='bbox 1362 991 1456 1054; x_wconf 77' lang='grc' dir='ltr'>πάντα</span> <span class='ocrx_word' id='word_1_76' title='bbox 1480 988 1551 1071; x_wconf 83' lang='grc' dir='ltr'>γίνε·</span> 
     </span>
     <span class='ocr_line' id='line_1_8' title="bbox 193 1092 1552 1181; baseline -0.003 -21"><span class='ocrx_word' id='word_1_77' title='bbox 193 1097 240 1160; x_wconf 82' lang='grc' dir='ltr'><strong>καί</strong></span> <span class='ocrx_word' id='word_1_78' title='bbox 263 1096 304 1167; x_wconf 83' lang='grc' dir='ltr'>εἰς</span> <span class='ocrx_word' id='word_1_79' title='bbox 326 1099 383 1181; x_wconf 83' lang='grc' dir='ltr'><strong>πῦρ</strong></span> <span class='ocrx_word' id='word_1_80' title='bbox 402 1097 495 1158; x_wconf 83' lang='grc' dir='ltr'>πάντα</span> <span class='ocrx_word' id='word_1_81' title='bbox 547 1096 604 1178; x_wconf 80' lang='grc' dir='ltr'><strong>πῦρ</strong></span> <span class='ocrx_word' id='word_1_82' title='bbox 626 1096 713 1157; x_wconf 81' lang='grc' dir='ltr'>παλιν</span> <span class='ocrx_word' id='word_1_83' title='bbox 733 1092 850 1157; x_wconf 83' lang='grc' dir='ltr'>ἀναλὺε-</span> <span class='ocrx_word' id='word_1_84' title='bbox 903 1092 1035 1157; x_wconf 74' lang='grc' dir='ltr'>λόεσθαι.</span> <span class='ocrx_word' id='word_1_85' title='bbox 1248 1115 1294 1156; x_wconf 92' lang='grc' dir='ltr'><strong>ται</strong></span> <span class='ocrx_word' id='word_1_86' title='bbox 1317 1093 1365 1156; x_wconf 86' lang='grc' dir='ltr'><strong>καὶ</strong></span> <span class='ocrx_word' id='word_1_87' title='bbox 1387 1093 1428 1162; x_wconf 87' lang='grc' dir='ltr'>είς</span> <span class='ocrx_word' id='word_1_88' title='bbox 1450 1092 1552 1158; x_wconf 68' lang='lat' dir='ltr'><strong>lha-</strong></span> 
     </span>
     <span class='ocr_line' id='line_1_9' title="bbox 192 1196 1356 1282; baseline -0.007 -19"><span class='ocrx_word' id='word_1_89' title='bbox 192 1202 326 1263; x_wconf 82' lang='grc' dir='ltr'>τελευτᾶν</span> <span class='ocrx_word' id='word_1_90' title='bbox 348 1199 472 1282; x_wconf 86' lang='grc' dir='ltr'>λέγουσι.</span> <span class='ocrx_word' id='word_1_91' title='bbox 520 1264 523 1277; x_wconf 34' lang='grc'>1</span> <span class='ocrx_word' id='word_1_92' title='bbox 548 1196 628 1260; x_wconf 75' lang='grc' dir='ltr'>σθαι.</span> <span class='ocrx_word' id='word_1_93' title='bbox 1248 1196 1356 1259; x_wconf 84' lang='grc' dir='ltr'>λόεται.</span> 
     </span>
    </p>

    <p class='ocr_par' dir='ltr' id='par_1_4' title="bbox 189 1296 1552 3333">
     <span class='ocr_line' id='line_1_10' title="bbox 279 1296 1552 1386; baseline -0.001 -19"><span class='ocrx_word' id='word_1_94' title='bbox 279 1301 369 1385; x_wconf 87' lang='lat' dir='ltr'><strong>atqui</strong></span> <span class='ocrx_word' id='word_1_95' title='bbox 384 1299 505 1367; x_wconf 88' lang='lat' dir='ltr'><strong>Laertii</strong></span> <span class='ocrx_word' id='word_1_96' title='bbox 528 1300 694 1368; x_wconf 75' lang='grc' dir='ltr'>καθολικῶς</span> <span class='ocrx_word' id='word_1_97' title='bbox 716 1304 870 1382; x_wconf 80' lang='lat' dir='ltr'><strong>excerpta</strong></span> <span class='ocrx_word' id='word_1_98' title='bbox 884 1296 1080 1380; x_wconf 80' lang='lat' dir='ltr'><strong>Eusebiiqne</strong></span> <span class='ocrx_word' id='word_1_99' title='bbox 1102 1297 1294 1382; x_wconf 88' lang='lat' dir='ltr'><strong>oompendia</strong></span> <span class='ocrx_word' id='word_1_100' title='bbox 1307 1318 1349 1366; x_wconf 87' lang='lat' dir='ltr'><strong>ex</strong></span> <span class='ocrx_word' id='word_1_101' title='bbox 1363 1298 1552 1386; x_wconf 82' lang='lat' dir='ltr'><strong>biographis</strong></span> 
     </span>
     <span class='ocr_line' id='line_1_11' title="bbox 194 1399 1551 1488; baseline -0.002 -17"><span class='ocrx_word' id='word_1_102' title='bbox 194 1425 343 1472; x_wconf 77' lang='lat' dir='ltr'><strong>manasse</strong></span> <span class='ocrx_word' id='word_1_103' title='bbox 364 1403 488 1488; x_wconf 87' lang='lat' dir='ltr'><strong>liquido</strong></span> <span class='ocrx_word' id='word_1_104' title='bbox 510 1407 638 1468; x_wconf 88' lang='lat' dir='ltr'><strong>oonstat</strong></span> <span class='ocrx_word' id='word_1_105' title='bbox 663 1406 696 1467; x_wconf 90' lang='lat' dir='ltr'><strong>et</strong></span> <span class='ocrx_word' id='word_1_106' title='bbox 719 1400 833 1466; x_wconf 75' lang='lat' dir='ltr'><strong>Aetius</strong></span> <span class='ocrx_word' id='word_1_107' title='bbox 858 1399 1097 1467; x_wconf 88' lang='lat' dir='ltr'><strong>suooessionnm</strong></span> <span class='ocrx_word' id='word_1_108' title='bbox 1122 1399 1312 1485; x_wconf 88' lang='lat' dir='ltr'><strong>soriptorem</strong></span> <span class='ocrx_word' id='word_1_109' title='bbox 1337 1400 1551 1486; x_wconf 88' lang='lat' dir='ltr'><strong>oapitnlornm</strong></span> 
     </span>
     <span class='ocr_line' id='line_1_12' title="bbox 193 1502 1552 1589; baseline -0.001 -15"><span class='ocrx_word' id='word_1_110' title='bbox 193 1508 406 1574; x_wconf 76' lang='lat' dir='ltr'><strong>collocatione</strong></span> <span class='ocrx_word' id='word_1_111' title='bbox 420 1505 566 1589; x_wconf 82' lang='lat' dir='ltr'><strong>arguitur</strong></span> <span class='ocrx_word' id='word_1_112' title='bbox 588 1509 732 1570; x_wconf 80' lang='lat' dir='ltr'><strong>secutum</strong></span> <span class='ocrx_word' id='word_1_113' title='bbox 754 1522 837 1568; x_wconf 90' lang='lat' dir='ltr'><strong>esse.</strong></span> <span class='ocrx_word' id='word_1_114' title='bbox 871 1502 948 1587; x_wconf 88' lang='lat' dir='ltr'><strong>quid</strong></span> <span class='ocrx_word' id='word_1_115' title='bbox 961 1503 1060 1587; x_wconf 86' lang='lat' dir='ltr'><strong>igitur</strong></span> <span class='ocrx_word' id='word_1_116' title='bbox 1074 1510 1261 1569; x_wconf 88' lang='lat' dir='ltr'><strong>ounotamnr</strong></span> <span class='ocrx_word' id='word_1_117' title='bbox 1275 1503 1413 1570; x_wconf 88' lang='lat' dir='ltr'><strong>eundem</strong></span> <span class='ocrx_word' id='word_1_118' title='bbox 1427 1504 1552 1572; x_wconf 86' lang='lat' dir='ltr'><strong>fontem</strong></span> 
     </span>
     <span class='ocr_line' id='line_1_13' title="bbox 193 1603 1552 1694; baseline -0.001 -17"><span class='ocrx_word' id='word_1_119' title='bbox 193 1612 290 1677; x_wconf 86' lang='lat' dir='ltr'><strong>etiam</strong></span> <span class='ocrx_word' id='word_1_120' title='bbox 319 1610 505 1694; x_wconf 83' lang='lat' dir='ltr'><strong>opinionum</strong></span> <span class='ocrx_word' id='word_1_121' title='bbox 531 1607 732 1690; x_wconf 88' lang='lat' dir='ltr'><strong>aliquantum</strong></span> <span class='ocrx_word' id='word_1_122' title='bbox 764 1604 954 1689; x_wconf 78' lang='lat' dir='ltr'><strong>praebuisse</strong></span> <span class='ocrx_word' id='word_1_123' title='bbox 985 1603 1155 1671; x_wconf 77' lang='lat' dir='ltr'><strong>arbitrari?</strong></span> <span class='ocrx_word' id='word_1_124' title='bbox 1191 1624 1268 1689; x_wconf 85' lang='lat' dir='ltr'><strong>ergo</strong></span> <span class='ocrx_word' id='word_1_125' title='bbox 1297 1605 1411 1672; x_wconf 74' lang='lat' dir='ltr'><strong>Aetius</strong></span> <span class='ocrx_word' id='word_1_126' title='bbox 1440 1627 1552 1675; x_wconf 88' lang='lat' dir='ltr'><strong>rursus</strong></span> 
     </span>
     <span class='ocr_line' id='line_1_14' title="bbox 192 1707 1551 1794; baseline -0.001 -15"><span class='ocrx_word' id='word_1_127' title='bbox 192 1734 213 1779; x_wconf 92' lang='lat' dir='ltr'><strong>a</strong></span> <span class='ocrx_word' id='word_1_128' title='bbox 240 1713 435 1779; x_wconf 89' lang='lat' dir='ltr'><strong>Plaoitorum</strong></span> <span class='ocrx_word' id='word_1_129' title='bbox 465 1710 592 1777; x_wconf 83' lang='lat' dir='ltr'><strong>sineere</strong></span> <span class='ocrx_word' id='word_1_130' title='bbox 617 1707 772 1775; x_wconf 89' lang='lat' dir='ltr'><strong>memoria</strong></span> <span class='ocrx_word' id='word_1_131' title='bbox 799 1707 945 1774; x_wconf 81' lang='lat' dir='ltr'><strong>descivit.</strong></span> <span class='ocrx_word' id='word_1_132' title='bbox 989 1727 1065 1773; x_wconf 89' lang='lat' dir='ltr'><strong>nam</strong></span> <span class='ocrx_word' id='word_1_133' title='bbox 1090 1707 1176 1773; x_wconf 89' lang='lat' dir='ltr'><strong>idem</strong></span> <span class='ocrx_word' id='word_1_134' title='bbox 1205 1716 1256 1775; x_wconf 91' lang='lat' dir='ltr'><strong>est</strong></span> <span class='ocrx_word' id='word_1_135' title='bbox 1283 1707 1392 1794; x_wconf 88' lang='lat' dir='ltr'><strong>quiin</strong></span> <span class='ocrx_word' id='word_1_136' title='bbox 1414 1708 1478 1777; x_wconf 84' lang='lat' dir='ltr'><strong>hoe</strong></span> <span class='ocrx_word' id='word_1_137' title='bbox 1498 1728 1551 1778; x_wconf 76' lang='lat' dir='ltr'><strong>oa</strong></span> 
     </span>
     <span class='ocr_line' id='line_1_15' title="bbox 192 1809 1549 1899; baseline 0 -19"><span class='ocrx_word' id='word_1_138' title='bbox 192 1816 259 1899; x_wconf 91' lang='lat' dir='ltr'><strong>pite</strong></span> <span class='ocrx_word' id='word_1_139' title='bbox 281 1821 396 1881; x_wconf 88' lang='lat' dir='ltr'><strong>eontra</strong></span> <span class='ocrx_word' id='word_1_140' title='bbox 416 1833 538 1879; x_wconf 88' lang='lat' dir='ltr'><strong>morem</strong></span> <span class='ocrx_word' id='word_1_141' title='bbox 559 1809 772 1898; x_wconf 90' lang='lat' dir='ltr'><strong>philosophos</strong></span> <span class='ocrx_word' id='word_1_142' title='bbox 792 1809 983 1895; x_wconf 87' lang='lat' dir='ltr'><strong>impugnare</strong></span> <span class='ocrx_word' id='word_1_143' title='bbox 1005 1816 1141 1877; x_wconf 89' lang='lat' dir='ltr'><strong>oonatns</strong></span> <span class='ocrx_word' id='word_1_144' title='bbox 1161 1819 1220 1878; x_wconf 87' lang='lat' dir='ltr'><strong>est.</strong></span> <span class='ocrx_word' id='word_1_145' title='bbox 1253 1818 1289 1879; x_wconf 94' lang='lat' dir='ltr'><strong>ut</strong></span> <span class='ocrx_word' id='word_1_146' title='bbox 1311 1814 1395 1880; x_wconf 76' lang='lat'><strong>122</strong></span> <span class='ocrx_word' id='word_1_147' title='bbox 1413 1813 1549 1882; x_wconf 79' lang='lat' dir='ltr'><strong>Thalem</strong></span> 
     </span>
     <span class='ocr_line' id='line_1_16' title="bbox 191 1912 1550 2004; baseline 0.001 -23"><span class='ocrx_word' id='word_1_148' title='bbox 191 1917 334 2000; x_wconf 82' lang='lat' dir='ltr'><strong>putidius</strong></span> <span class='ocrx_word' id='word_1_149' title='bbox 355 1915 551 2001; x_wconf 84' lang='lat' dir='ltr'><strong>vituperavit</strong></span> <span class='ocrx_word' id='word_1_150' title='bbox 571 1915 728 2000; x_wconf 75' lang='grc' dir='ltr'>ἁμαρτάνει</span> <span class='ocrx_word' id='word_1_151' title='bbox 751 1912 801 1977; x_wconf 87' lang='grc' dir='ltr'><strong>οὑν</strong></span> <span class='ocrx_word' id='word_1_152' title='bbox 816 1915 833 1978; x_wconf 91' lang='grc' dir='ltr'>ό</span> <span class='ocrx_word' id='word_1_153' title='bbox 849 1912 949 1998; x_wconf 75' lang='grc' dir='ltr'>Θαλῆς</span> <span class='ocrx_word' id='word_1_154' title='bbox 970 1919 1113 1999; x_wconf 85' lang='grc' dir='ltr'>στοιχεῖον</span> <span class='ocrx_word' id='word_1_155' title='bbox 1128 1915 1177 1977; x_wconf 79' lang='grc' dir='ltr'><strong>καὶ</strong></span> <span class='ocrx_word' id='word_1_156' title='bbox 1192 1916 1288 2001; x_wconf 82' lang='grc' dir='ltr'>ἀρχὴν</span> <span class='ocrx_word' id='word_1_157' title='bbox 1302 1915 1395 2000; x_wconf 81' lang='grc' dir='ltr'>λέγων</span> <span class='ocrx_word' id='word_1_158' title='bbox 1410 1921 1443 1982; x_wconf 84' lang='grc' dir='ltr'>τό</span> <span class='ocrx_word' id='word_1_159' title='bbox 1460 1919 1550 2004; x_wconf 69' lang='lat' dir='ltr'><strong>disp,</strong></span> 
     </span>
     <span class='ocr_line' id='line_1_17' title="bbox 192 2016 1549 2107; baseline 0.002 -24"><span class='ocrx_word' id='word_1_160' title='bbox 192 2019 237 2085; x_wconf 90' lang='lat' dir='ltr'><strong>sio</strong></span> <span class='ocrx_word' id='word_1_161' title='bbox 249 2018 537 2103; x_wconf 88' lang='lat' dir='ltr'><strong>Peripatetioomm</strong></span> <span class='ocrx_word' id='word_1_162' title='bbox 551 2016 667 2082; x_wconf 87' lang='lat' dir='ltr'><strong>itemm</strong></span> <span class='ocrx_word' id='word_1_163' title='bbox 681 2016 780 2081; x_wconf 93' lang='lat' dir='ltr'><strong>armis</strong></span> <span class='ocrx_word' id='word_1_164' title='bbox 794 2016 1071 2082; x_wconf 84' lang='lat' dir='ltr'><strong>Anaximandrum</strong></span> <span class='ocrx_word' id='word_1_165' title='bbox 1085 2016 1273 2098; x_wconf 78' lang='lat' dir='ltr'><strong>aggreditur</strong></span> <span class='ocrx_word' id='word_1_166' title='bbox 1288 2019 1304 2085; x_wconf 91' lang='lat'><em>1</em></span> <span class='ocrx_word' id='word_1_167' title='bbox 1319 2021 1339 2085; x_wconf 81' lang='lat'><strong>3</strong></span> <span class='ocrx_word' id='word_1_168' title='bbox 1354 2028 1371 2082; x_wconf 84' lang='lat'><strong>3</strong></span> <span class='ocrx_word' id='word_1_169' title='bbox 1389 2021 1549 2107; x_wconf 81' lang='grc' dir='ltr'>ἁμαρτάνει</span> 
     </span>
     <span class='ocr_line' id='line_1_18' title="bbox 192 2119 1549 2208; baseline 0.002 -22"><span class='ocrx_word' id='word_1_170' title='bbox 192 2123 225 2186; x_wconf 81' lang='grc' dir='ltr'><strong>δὲ</strong></span> <span class='ocrx_word' id='word_1_171' title='bbox 251 2122 334 2191; x_wconf 85' lang='grc' dir='ltr'>οὑτος</span> <span class='ocrx_word' id='word_1_172' title='bbox 357 2123 398 2205; x_wconf 77' lang='grc' dir='ltr'>μὴ</span> <span class='ocrx_word' id='word_1_173' title='bbox 421 2121 513 2203; x_wconf 84' lang='grc' dir='ltr'>λέγων</span> <span class='ocrx_word' id='word_1_174' title='bbox 538 2120 566 2182; x_wconf 89' lang='grc' dir='ltr'>τί</span> <span class='ocrx_word' id='word_1_175' title='bbox 587 2120 646 2184; x_wconf 79' lang='grc' dir='ltr'>ἐστι</span> <span class='ocrx_word' id='word_1_176' title='bbox 668 2123 701 2183; x_wconf 83' lang='grc' dir='ltr'>τό</span> <span class='ocrx_word' id='word_1_177' title='bbox 724 2119 842 2205; x_wconf 87' lang='grc' dir='ltr'>ἀπειρον</span> <span class='ocrx_word' id='word_1_178' title='bbox 864 2119 984 2204; x_wconf 89' lang='grc' dir='ltr'>πότερον</span> <span class='ocrx_word' id='word_1_179' title='bbox 1006 2121 1064 2205; x_wconf 80' lang='grc' dir='ltr'><strong>ἀήρ</strong></span> <span class='ocrx_word' id='word_1_180' title='bbox 1087 2119 1162 2182; x_wconf 79' lang='grc' dir='ltr'>ἐστιν</span> <span class='ocrx_word' id='word_1_181' title='bbox 1186 2120 1205 2204; x_wconf 79' lang='grc' dir='ltr'><strong>ἦ</strong></span> <span class='ocrx_word' id='word_1_182' title='bbox 1229 2121 1307 2207; x_wconf 78' lang='grc' dir='ltr'>ὕδωρ</span> <span class='ocrx_word' id='word_1_183' title='bbox 1328 2123 1348 2207; x_wconf 78' lang='grc' dir='ltr'><strong>ἢ</strong></span> <span class='ocrx_word' id='word_1_184' title='bbox 1371 2128 1408 2208; x_wconf 78' lang='grc' dir='ltr'><strong>γῆ</strong></span> <span class='ocrx_word' id='word_1_185' title='bbox 1430 2124 1451 2208; x_wconf 82' lang='grc' dir='ltr'><strong>ἢ</strong></span> <span class='ocrx_word' id='word_1_186' title='bbox 1474 2124 1549 2189; x_wconf 77' lang='grc' dir='ltr'>ἄλλα</span> 
     </span>
     <span class='ocr_line' id='line_1_19' title="bbox 191 2219 1550 2313; baseline 0.003 -25"><span class='ocrx_word' id='word_1_187' title='bbox 191 2225 254 2288; x_wconf 80' lang='grc' dir='ltr'>τινὰ</span> <span class='ocrx_word' id='word_1_188' title='bbox 282 2227 414 2306; x_wconf 84' lang='grc' dir='ltr'>σώματα.</span> <span class='ocrx_word' id='word_1_189' title='bbox 448 2221 535 2305; x_wconf 90' lang='lat' dir='ltr'><strong>quod</strong></span> <span class='ocrx_word' id='word_1_190' title='bbox 561 2241 728 2287; x_wconf 81' lang='lat' dir='ltr'><strong>commone</strong></span> <span class='ocrx_word' id='word_1_191' title='bbox 755 2220 832 2286; x_wconf 84' lang='lat' dir='ltr'><strong>faoit</strong></span> <span class='ocrx_word' id='word_1_192' title='bbox 859 2219 1070 2305; x_wconf 86' lang='lat' dir='ltr'><strong>Physioornm</strong></span> <span class='ocrx_word' id='word_1_193' title='bbox 1093 2221 1177 2288; x_wconf 81' lang='lat'><strong>1115</strong></span> <span class='ocrx_word' id='word_1_194' title='bbox 1199 2245 1231 2308; x_wconf 89' lang='lat' dir='ltr'><strong>p.</strong></span> <span class='ocrx_word' id='word_1_195' title='bbox 1247 2224 1329 2290; x_wconf 69' lang='lat' dir='ltr'><strong>auls</strong></span> <span class='ocrx_word' id='word_1_196' title='bbox 1344 2225 1386 2291; x_wconf 76' lang='lat'><strong>24</strong></span> <span class='ocrx_word' id='word_1_197' title='bbox 1413 2226 1468 2290; x_wconf 74' lang='grc' dir='ltr'>εἰσὶ</span> <span class='ocrx_word' id='word_1_198' title='bbox 1494 2229 1550 2313; x_wconf 81' lang='grc' dir='ltr'><strong>γάρ</strong></span> 
     </span>
     <span class='ocr_line' id='line_1_20' title="bbox 191 2322 1551 2410; baseline 0.004 -21"><span class='ocrx_word' id='word_1_199' title='bbox 191 2350 264 2396; x_wconf 86' lang='grc' dir='ltr'>τινες</span> <span class='ocrx_word' id='word_1_200' title='bbox 287 2328 314 2390; x_wconf 85' lang='grc' dir='ltr'>οἳ</span> <span class='ocrx_word' id='word_1_201' title='bbox 329 2331 414 2390; x_wconf 80' lang='grc' dir='ltr'>τοῦτο</span> <span class='ocrx_word' id='word_1_202' title='bbox 429 2329 543 2389; x_wconf 82' lang='grc' dir='ltr'>ποιοῦσι</span> <span class='ocrx_word' id='word_1_203' title='bbox 558 2326 591 2388; x_wconf 82' lang='grc' dir='ltr'>τὸ</span> <span class='ocrx_word' id='word_1_204' title='bbox 606 2325 734 2409; x_wconf 80' lang='grc' dir='ltr'>ἄπειρον,</span> <span class='ocrx_word' id='word_1_205' title='bbox 756 2323 823 2388; x_wconf 78' lang='grc' dir='ltr'>ἀλλ’</span> <span class='ocrx_word' id='word_1_206' title='bbox 839 2323 893 2388; x_wconf 84' lang='grc' dir='ltr'><strong>οὑκ</strong></span> <span class='ocrx_word' id='word_1_207' title='bbox 909 2323 982 2407; x_wconf 85' lang='grc' dir='ltr'>ἀέρα</span> <span class='ocrx_word' id='word_1_208' title='bbox 997 2323 1017 2408; x_wconf 78' lang='grc' dir='ltr'>ἢ</span> <span class='ocrx_word' id='word_1_209' title='bbox 1034 2322 1122 2409; x_wconf 74' lang='lat' dir='ltr'><strong>dimp-</strong></span> <span class='ocrx_word' id='word_1_210' title='bbox 1155 2325 1214 2391; x_wconf 87' lang='lat' dir='ltr'><strong>sed</strong></span> <span class='ocrx_word' id='word_1_211' title='bbox 1228 2326 1413 2410; x_wconf 82' lang='lat' dir='ltr'><strong>ambiguum</strong></span> <span class='ocrx_word' id='word_1_212' title='bbox 1428 2327 1551 2394; x_wconf 80' lang='lat' dir='ltr'><strong>Aristo·</strong></span> 
     </span>
     <span class='ocr_line' id='line_1_21' title="bbox 191 2424 1550 2516; baseline 0.003 -23"><span class='ocrx_word' id='word_1_213' title='bbox 191 2428 264 2494; x_wconf 90' lang='lat' dir='ltr'><strong>telis</strong></span> <span class='ocrx_word' id='word_1_214' title='bbox 287 2427 328 2493; x_wconf 88' lang='lat' dir='ltr'><strong>de</strong></span> <span class='ocrx_word' id='word_1_215' title='bbox 349 2427 592 2493; x_wconf 82' lang='lat' dir='ltr'><strong>Anaximandro</strong></span> <span class='ocrx_word' id='word_1_216' title='bbox 616 2427 777 2492; x_wconf 77' lang='lat' dir='ltr'><strong>iudicium.</strong></span> <span class='ocrx_word' id='word_1_217' title='bbox 815 2427 902 2491; x_wconf 83' lang='lat' dir='ltr'><strong>olane</strong></span> <span class='ocrx_word' id='word_1_218' title='bbox 924 2430 1033 2489; x_wconf 86' lang='lat' dir='ltr'><strong>autem</strong></span> <span class='ocrx_word' id='word_1_219' title='bbox 1056 2424 1302 2510; x_wconf 82' lang='lat' dir='ltr'><strong>Theophrastus</strong></span> <span class='ocrx_word' id='word_1_220' title='bbox 1323 2429 1399 2496; x_wconf 66' lang='lat' dir='ltr'><strong>fra</strong></span> <span class='ocrx_word' id='word_1_221' title='bbox 1420 2430 1497 2516; x_wconf 91' lang='grc' dir='ltr'>λέγει</span> <span class='ocrx_word' id='word_1_222' title='bbox 1519 2432 1550 2496; x_wconf 85' lang='grc' dir='ltr'><strong>δ’</strong></span> 
     </span>
     <span class='ocr_line' id='line_1_22' title="bbox 191 2526 1549 2617; baseline 0.003 -22"><span class='ocrx_word' id='word_1_223' title='bbox 191 2530 281 2615; x_wconf 83' lang='grc' dir='ltr'>αὐτὴν</span> <span class='ocrx_word' id='word_1_224' title='bbox 305 2528 359 2617; x_wconf 84' lang='lat' dir='ltr'><strong>[se.</strong></span> <span class='ocrx_word' id='word_1_225' title='bbox 381 2531 476 2615; x_wconf 82' lang='grc' dir='ltr'>ἀρχὴν</span> <span class='ocrx_word' id='word_1_226' title='bbox 491 2526 743 2615; x_wconf 82' lang='lat' dir='ltr'><strong>Anaximander]</strong></span> <span class='ocrx_word' id='word_1_227' title='bbox 768 2530 841 2614; x_wconf 75' lang='grc' dir='ltr'>μήτε</span> <span class='ocrx_word' id='word_1_228' title='bbox 856 2528 934 2613; x_wconf 86' lang='grc' dir='ltr'>ὑδυρ</span> <span class='ocrx_word' id='word_1_229' title='bbox 950 2528 1025 2611; x_wconf 77' lang='grc' dir='ltr'>μήτε</span> <span class='ocrx_word' id='word_1_230' title='bbox 1045 2526 1117 2591; x_wconf 74' lang='grc' dir='ltr'>ἄλλο</span> <span class='ocrx_word' id='word_1_231' title='bbox 1140 2552 1166 2591; x_wconf 89' lang='grc' dir='ltr'>τι</span> <span class='ocrx_word' id='word_1_232' title='bbox 1188 2536 1246 2595; x_wconf 87' lang='grc' dir='ltr'><strong>τῶν</strong></span> <span class='ocrx_word' id='word_1_233' title='bbox 1268 2533 1454 2616; x_wconf 71' lang='grc' dir='ltr'>καλουμένων</span> <span class='ocrx_word' id='word_1_234' title='bbox 1477 2531 1549 2600; x_wconf 75' lang='grc' dir='ltr'>εἶναι</span> 
     </span>
     <span class='ocr_line' id='line_1_23' title="bbox 191 2627 1550 2718; baseline 0.006 -22"><span class='ocrx_word' id='word_1_235' title='bbox 191 2631 371 2718; x_wconf 78' lang='grc' dir='ltr'><strong>στοιχείων,1</strong></span> <span class='ocrx_word' id='word_1_236' title='bbox 388 2633 475 2714; x_wconf 90' lang='lat' dir='ltr'><strong>qnod</strong></span> <span class='ocrx_word' id='word_1_237' title='bbox 489 2653 531 2699; x_wconf 89' lang='lat' dir='ltr'><strong>ex</strong></span> <span class='ocrx_word' id='word_1_238' title='bbox 545 2631 724 2717; x_wconf 84' lang='lat' dir='ltr'><strong>biographo</strong></span> <span class='ocrx_word' id='word_1_239' title='bbox 740 2651 798 2696; x_wconf 91' lang='lat' dir='ltr'><strong>suo</strong></span> <span class='ocrx_word' id='word_1_240' title='bbox 813 2629 950 2715; x_wconf 90' lang='lat' dir='ltr'><strong>sumpsit</strong></span> <span class='ocrx_word' id='word_1_241' title='bbox 965 2627 1019 2713; x_wconf 77' lang='lat' dir='ltr'><strong>[ai.</strong></span> <span class='ocrx_word' id='word_1_242' title='bbox 1034 2628 1129 2713; x_wconf 91' lang='lat' dir='ltr'><strong>Diog.</strong></span> <span class='ocrx_word' id='word_1_243' title='bbox 1140 2630 1172 2697; x_wconf 92' lang='lat' dir='ltr'><strong>II</strong></span> <span class='ocrx_word' id='word_1_244' title='bbox 1184 2634 1217 2716; x_wconf 90' lang='lat' dir='ltr'><strong>l]</strong></span> <span class='ocrx_word' id='word_1_245' title='bbox 1232 2634 1354 2701; x_wconf 72' lang='lat' dir='ltr'><strong>Aetius.</strong></span> <span class='ocrx_word' id='word_1_246' title='bbox 1377 2642 1413 2702; x_wconf 95' lang='lat' dir='ltr'><strong>at</strong></span> <span class='ocrx_word' id='word_1_247' title='bbox 1426 2635 1550 2703; x_wconf 86' lang='lat' dir='ltr'><strong>Aristo</strong></span> 
     </span>
     <span class='ocr_line' id='line_1_24' title="bbox 191 2732 1550 2824; baseline 0.002 -24"><span class='ocrx_word' id='word_1_248' title='bbox 191 2735 310 2801; x_wconf 86' lang='lat' dir='ltr'><strong>teleum</strong></span> <span class='ocrx_word' id='word_1_249' title='bbox 339 2739 403 2818; x_wconf 86' lang='lat' dir='ltr'><strong>est,</strong></span> <span class='ocrx_word' id='word_1_250' title='bbox 430 2734 518 2817; x_wconf 90' lang='lat' dir='ltr'><strong>quod</strong></span> <span class='ocrx_word' id='word_1_251' title='bbox 546 2734 712 2818; x_wconf 79' lang='lat' dir='ltr'><strong>praeeedit</strong></span> <span class='ocrx_word' id='word_1_252' title='bbox 732 2733 767 2799; x_wconf 91' lang='lat' dir='ltr'><strong>in</strong></span> <span class='ocrx_word' id='word_1_253' title='bbox 788 2733 845 2799; x_wconf 93' lang='lat' dir='ltr'><strong>illo</strong></span> <span class='ocrx_word' id='word_1_254' title='bbox 867 2733 943 2817; x_wconf 82' lang='grc' dir='ltr'>λέγει</span> <span class='ocrx_word' id='word_1_255' title='bbox 967 2736 1035 2815; x_wconf 84' lang='grc' dir='ltr'>γοῦν</span> <span class='ocrx_word' id='word_1_256' title='bbox 1054 2732 1127 2797; x_wconf 80' lang='grc' dir='ltr'>διότι</span> <span class='ocrx_word' id='word_1_257' title='bbox 1147 2734 1306 2819; x_wconf 86' lang='grc' dir='ltr'>ἀπέραντόν</span> <span class='ocrx_word' id='word_1_258' title='bbox 1329 2737 1405 2802; x_wconf 78' lang='grc' dir='ltr'>ἐστιν</span> <span class='ocrx_word' id='word_1_259' title='bbox 1428 2739 1475 2803; x_wconf 75' lang='grc' dir='ltr'><strong>ἵνα</strong></span> <span class='ocrx_word' id='word_1_260' title='bbox 1495 2762 1550 2824; x_wconf 73' lang='lat' dir='ltr'><strong>pars</strong></span> 
     </span>
     <span class='ocr_line' id='line_1_25' title="bbox 191 2833 1548 2926; baseline 0.004 -26"><span class='ocrx_word' id='word_1_261' title='bbox 191 2838 239 2901; x_wconf 85' lang='grc' dir='ltr'><strong>δὲν</strong></span> <span class='ocrx_word' id='word_1_262' title='bbox 271 2836 390 2919; x_wconf 78' lang='grc' dir='ltr'>ἐλλείπῃ</span> <span class='ocrx_word' id='word_1_263' title='bbox 419 2836 569 2921; x_wconf 75' lang='grc' dir='ltr'>ἧγένεαις</span> <span class='ocrx_word' id='word_1_264' title='bbox 595 2839 615 2922; x_wconf 79' lang='grc' dir='ltr'>ἡ</span> <span class='ocrx_word' id='word_1_265' title='bbox 643 2835 832 2924; x_wconf 85' lang='grc' dir='ltr'>ὑφισταμένη.</span> <span class='ocrx_word' id='word_1_266' title='bbox 858 2853 934 2900; x_wconf 87' lang='lat' dir='ltr'><strong>nam</strong></span> <span class='ocrx_word' id='word_1_267' title='bbox 956 2833 1089 2899; x_wconf 91' lang='lat' dir='ltr'><strong>dubium</strong></span> <span class='ocrx_word' id='word_1_268' title='bbox 1115 2856 1181 2901; x_wconf 91' lang='lat' dir='ltr'><strong>non</strong></span> <span class='ocrx_word' id='word_1_269' title='bbox 1203 2844 1254 2903; x_wconf 91' lang='lat' dir='ltr'><strong>est</strong></span> <span class='ocrx_word' id='word_1_270' title='bbox 1276 2839 1353 2921; x_wconf 88' lang='lat' dir='ltr'><strong>quin</strong></span> <span class='ocrx_word' id='word_1_271' title='bbox 1382 2859 1423 2905; x_wconf 84' lang='lat' dir='ltr'><strong>ex</strong></span> <span class='ocrx_word' id='word_1_272' title='bbox 1448 2839 1548 2926; x_wconf 78' lang='lat' dir='ltr'><strong>Phys</strong></span> 
     </span>
     <span class='ocr_line' id='line_1_26' title="bbox 190 2936 1550 3029; baseline 0.004 -26"><span class='ocrx_word' id='word_1_273' title='bbox 190 2939 274 3004; x_wconf 87' lang='lat'><em>1118</em></span> <span class='ocrx_word' id='word_1_274' title='bbox 296 2961 328 3023; x_wconf 87' lang='lat' dir='ltr'><strong>p.</strong></span> <span class='ocrx_word' id='word_1_275' title='bbox 344 2938 461 3004; x_wconf 80' lang='lat'>208·8</span> <span class='ocrx_word' id='word_1_276' title='bbox 485 2939 552 3004; x_wconf 80' lang='grc' dir='ltr'>οὔτε</span> <span class='ocrx_word' id='word_1_277' title='bbox 566 2940 620 3025; x_wconf 82' lang='grc' dir='ltr'><strong>γὰρ</strong></span> <span class='ocrx_word' id='word_1_278' title='bbox 642 2941 690 3004; x_wconf 74' lang='grc' dir='ltr'><strong>ἵνα</strong></span> <span class='ocrx_word' id='word_1_279' title='bbox 712 2942 732 3025; x_wconf 77' lang='grc' dir='ltr'>ἡ</span> <span class='ocrx_word' id='word_1_280' title='bbox 753 2940 861 3025; x_wconf 79' lang='grc' dir='ltr'>γένεσις</span> <span class='ocrx_word' id='word_1_281' title='bbox 883 2939 924 3022; x_wconf 82' lang='grc' dir='ltr'>μὴ</span> <span class='ocrx_word' id='word_1_282' title='bbox 948 2936 1083 3021; x_wconf 73' lang='grc' dir='ltr'><strong>ἐπιλείπῃ</strong></span> <span class='ocrx_word' id='word_1_283' title='bbox 1106 2938 1261 3021; x_wconf 82' lang='grc' dir='ltr'>ἀναγκαῖον</span> <span class='ocrx_word' id='word_1_284' title='bbox 1283 2941 1410 3027; x_wconf 73' lang='grc' dir='ltr'>ἐνεργείᾳ</span> <span class='ocrx_word' id='word_1_285' title='bbox 1432 2941 1550 3029; x_wconf 79' lang='grc' dir='ltr'>ἄπειρον</span> 
     </span>
     <span class='ocr_line' id='line_1_27' title="bbox 189 3039 1551 3124; baseline 0.004 -20"><span class='ocrx_word' id='word_1_286' title='bbox 189 3039 372 3123; x_wconf 79' lang='grc' dir='ltr'>εἶναισῶμα</span> <span class='ocrx_word' id='word_1_287' title='bbox 394 3040 534 3124; x_wconf 73' lang='grc' dir='ltr'>αἰσθητόν</span> <span class='ocrx_word' id='word_1_288' title='bbox 557 3040 734 3107; x_wconf 81' lang='lat' dir='ltr'><strong>delibatum</strong></span> <span class='ocrx_word' id='word_1_289' title='bbox 755 3041 805 3107; x_wconf 82' lang='lat' dir='ltr'><strong>sit.</strong></span> <span class='ocrx_word' id='word_1_290' title='bbox 844 3040 1028 3122; x_wconf 80' lang='lat' dir='ltr'><strong>ibidemque</strong></span> <span class='ocrx_word' id='word_1_291' title='bbox 1051 3042 1115 3105; x_wconf 72' lang='lat' dir='ltr'><strong>ud</strong></span> <span class='ocrx_word' id='word_1_292' title='bbox 1139 3061 1170 3124; x_wconf 85' lang='lat' dir='ltr'><strong>p.</strong></span> <span class='ocrx_word' id='word_1_293' title='bbox 1186 3041 1268 3107; x_wconf 63' lang='lat'><em>2031’</em></span> <span class='ocrx_word' id='word_1_294' title='bbox 1284 3045 1325 3108; x_wconf 77' lang='lat'><strong>15</strong></span> <span class='ocrx_word' id='word_1_295' title='bbox 1347 3048 1398 3109; x_wconf 82' lang='grc' dir='ltr'>τοὺ</span> <span class='ocrx_word' id='word_1_296' title='bbox 1421 3043 1446 3110; x_wconf 85' lang='grc' dir='ltr'><strong>δ’</strong></span> <span class='ocrx_word' id='word_1_297' title='bbox 1476 3042 1551 3111; x_wconf 75' lang='grc' dir='ltr'>εἶναί</span> 
     </span>
     <span class='ocr_line' id='line_1_28' title="bbox 189 3141 1550 3231; baseline 0.005 -26"><span class='ocrx_word' id='word_1_298' title='bbox 189 3166 215 3205; x_wconf 88' lang='grc' dir='ltr'>τι</span> <span class='ocrx_word' id='word_1_299' title='bbox 230 3142 348 3227; x_wconf 83' lang='grc' dir='ltr'>ἄπειρον</span> <span class='ocrx_word' id='word_1_300' title='bbox 363 3143 382 3226; x_wconf 74' lang='grc' dir='ltr'>ἡ</span> <span class='ocrx_word' id='word_1_301' title='bbox 398 3141 491 3211; x_wconf 79' lang='grc' dir='ltr'>πίστις</span> <span class='ocrx_word' id='word_1_302' title='bbox 506 3143 539 3206; x_wconf 87' lang='grc' dir='ltr'>ἐκ</span> <span class='ocrx_word' id='word_1_303' title='bbox 554 3143 639 3207; x_wconf 88' lang='grc' dir='ltr'>πέντε</span> <span class='ocrx_word' id='word_1_304' title='bbox 654 3141 767 3226; x_wconf 83' lang='grc' dir='ltr'>μαλιστ’</span> <span class='ocrx_word' id='word_1_305' title='bbox 787 3143 821 3207; x_wconf 85' lang='grc' dir='ltr'><strong>ἀν</strong></span> <span class='ocrx_word' id='word_1_306' title='bbox 837 3141 988 3227; x_wconf 78' lang='grc' dir='ltr'>συμβαίνοι</span> <span class='ocrx_word' id='word_1_307' title='bbox 1003 3146 1159 3207; x_wconf 80' lang='grc' dir='ltr'>σκοποῦσιν</span> <span class='ocrx_word' id='word_1_308' title='bbox 1172 3189 1180 3206; x_wconf 92' lang='grc'><strong>.</strong></span> <span class='ocrx_word' id='word_1_309' title='bbox 1193 3189 1201 3206; x_wconf 90' lang='grc'><strong>.</strong></span> <span class='ocrx_word' id='word_1_310' title='bbox 1214 3189 1222 3206; x_wconf 90' lang='grc'><strong>.</strong></span> <span class='ocrx_word' id='word_1_311' title='bbox 1235 3148 1278 3230; x_wconf 80' lang='grc' dir='ltr'>τῷ</span> <span class='ocrx_word' id='word_1_312' title='bbox 1295 3145 1387 3216; x_wconf 77' lang='grc' dir='ltr'>οὑτως</span> <span class='ocrx_word' id='word_1_313' title='bbox 1402 3146 1436 3211; x_wconf 81' lang='grc' dir='ltr'><strong>ἀν</strong></span> <span class='ocrx_word' id='word_1_314' title='bbox 1452 3148 1550 3231; x_wconf 78' lang='grc' dir='ltr'>μόνως</span> 
     </span>
     <span class='ocr_line' id='line_1_29' title="bbox 191 3243 1550 3333; baseline 0.003 -24"><span class='ocrx_word' id='word_1_315' title='bbox 191 3246 232 3329; x_wconf 81' lang='grc' dir='ltr'>μὴ</span> <span class='ocrx_word' id='word_1_316' title='bbox 256 3245 420 3309; x_wconf 76' lang='grc' dir='ltr'>ὑπολείπειν</span> <span class='ocrx_word' id='word_1_317' title='bbox 441 3243 550 3328; x_wconf 87' lang='grc' dir='ltr'>γένεσιν</span> <span class='ocrx_word' id='word_1_318' title='bbox 573 3246 621 3308; x_wconf 79' lang='grc' dir='ltr'><strong>καὶ</strong></span> <span class='ocrx_word' id='word_1_319' title='bbox 643 3245 767 3330; x_wconf 75' lang='grc' dir='ltr'>φθοράν,</span> <span class='ocrx_word' id='word_1_320' title='bbox 790 3245 816 3308; x_wconf 87' lang='grc' dir='ltr'>εί</span> <span class='ocrx_word' id='word_1_321' title='bbox 838 3243 956 3328; x_wconf 81' lang='grc' dir='ltr'>ἄπειρον</span> <span class='ocrx_word' id='word_1_322' title='bbox 977 3243 1024 3328; x_wconf 85' lang='grc' dir='ltr'>είη</span> <span class='ocrx_word' id='word_1_323' title='bbox 1041 3244 1110 3308; x_wconf 71' lang='grc' dir='ltr'>ὅθεν</span> <span class='ocrx_word' id='word_1_324' title='bbox 1131 3245 1294 3330; x_wconf 80' lang='grc' dir='ltr'>ἀφαιρεῖται</span> <span class='ocrx_word' id='word_1_325' title='bbox 1317 3248 1351 3312; x_wconf 81' lang='grc' dir='ltr'>τό</span> <span class='ocrx_word' id='word_1_326' title='bbox 1372 3249 1550 3333; x_wconf 81' lang='grc' dir='ltr'>γιγνόμενον.</span> 
     </span>
    </p>

    <p class='ocr_par' dir='ltr' id='par_1_5' title="bbox 181 3344 1552 4561">
     <span class='ocr_line' id='line_1_30' title="bbox 272 3344 1550 3436; baseline 0.006 -26"><span class='ocrx_word' id='word_1_327' title='bbox 272 3347 355 3413; x_wconf 91' lang='lat' dir='ltr'><strong>ltem</strong></span> <span class='ocrx_word' id='word_1_328' title='bbox 384 3344 471 3429; x_wconf 90' lang='lat' dir='ltr'><strong>qnod</strong></span> <span class='ocrx_word' id='word_1_329' title='bbox 492 3344 733 3411; x_wconf 83' lang='lat' dir='ltr'><strong>Anaximandro</strong></span> <span class='ocrx_word' id='word_1_330' title='bbox 753 3345 867 3412; x_wconf 79' lang='lat' dir='ltr'><strong>Aetius</strong></span> <span class='ocrx_word' id='word_1_331' title='bbox 888 3345 1030 3413; x_wconf 88' lang='lat' dir='ltr'><strong>seeundo</strong></span> <span class='ocrx_word' id='word_1_332' title='bbox 1053 3346 1123 3412; x_wconf 86' lang='lat' dir='ltr'><strong>loeo</strong></span> <span class='ocrx_word' id='word_1_333' title='bbox 1147 3345 1298 3431; x_wconf 83' lang='lat' dir='ltr'><strong>obiurgat</strong></span> <span class='ocrx_word' id='word_1_334' title='bbox 1318 3350 1475 3436; x_wconf 78' lang='grc' dir='ltr'>ἁμαρτάνει</span> <span class='ocrx_word' id='word_1_335' title='bbox 1496 3351 1550 3418; x_wconf 88' lang='grc' dir='ltr'><strong>οὑν</strong></span> 
     </span>
     <span class='ocr_line' id='line_1_31' title="bbox 188 3447 1551 3538; baseline 0.007 -26"><span class='ocrx_word' id='word_1_336' title='bbox 188 3449 241 3533; x_wconf 80' lang='grc' dir='ltr'><strong>τὴν</strong></span> <span class='ocrx_word' id='word_1_337' title='bbox 264 3450 316 3531; x_wconf 80' lang='grc' dir='ltr'><strong>μὲν</strong></span> <span class='ocrx_word' id='word_1_338' title='bbox 340 3447 411 3531; x_wconf 66' lang='lat' dir='ltr'><strong>eleo</strong></span> <span class='ocrx_word' id='word_1_339' title='bbox 433 3447 673 3532; x_wconf 62' lang='lat' dir='ltr'><strong>desperabimus,</strong></span> <span class='ocrx_word' id='word_1_340' title='bbox 695 3450 729 3511; x_wconf 85' lang='grc' dir='ltr'>τό</span> <span class='ocrx_word' id='word_1_341' title='bbox 751 3450 785 3512; x_wconf 80' lang='grc' dir='ltr'><strong>δὲ</strong></span> <span class='ocrx_word' id='word_1_342' title='bbox 806 3453 907 3513; x_wconf 82' lang='grc' dir='ltr'>ποιοῦν</span> <span class='ocrx_word' id='word_1_343' title='bbox 929 3447 1019 3512; x_wconf 80' lang='grc' dir='ltr'>αἴτιον</span> <span class='ocrx_word' id='word_1_344' title='bbox 1042 3448 1168 3533; x_wconf 79' lang='grc' dir='ltr'>ἀναιρῶν</span> <span class='ocrx_word' id='word_1_345' title='bbox 1190 3453 1267 3529; x_wconf 80' lang='grc' dir='ltr'>κτλ,</span> <span class='ocrx_word' id='word_1_346' title='bbox 1295 3470 1336 3517; x_wconf 87' lang='lat' dir='ltr'><strong>ex</strong></span> <span class='ocrx_word' id='word_1_347' title='bbox 1359 3453 1551 3538; x_wconf 82' lang='lat' dir='ltr'><strong>Peripateti-</strong></span> 
     </span>
     <span class='ocr_line' id='line_1_32' title="bbox 186 3543 1550 3624; baseline 0.006 -9"><span class='ocrx_word' id='word_1_348' title='bbox 186 3570 296 3616; x_wconf 90' lang='lat' dir='ltr'><strong>oorum</strong></span> <span class='ocrx_word' id='word_1_349' title='bbox 321 3543 430 3615; x_wconf 87' lang='lat' dir='ltr'><strong>mente</strong></span> <span class='ocrx_word' id='word_1_350' title='bbox 456 3548 576 3614; x_wconf 87' lang='lat' dir='ltr'><strong>dietum</strong></span> <span class='ocrx_word' id='word_1_351' title='bbox 604 3556 662 3615; x_wconf 86' lang='lat' dir='ltr'><strong>est.</strong></span> <span class='ocrx_word' id='word_1_352' title='bbox 706 3549 793 3616; x_wconf 87' lang='lat' dir='ltr'><strong>idem</strong></span> <span class='ocrx_word' id='word_1_353' title='bbox 821 3549 889 3617; x_wconf 87' lang='lat' dir='ltr'><strong>fere</strong></span> <span class='ocrx_word' id='word_1_354' title='bbox 911 3549 952 3616; x_wconf 89' lang='lat' dir='ltr'><strong>de</strong></span> <span class='ocrx_word' id='word_1_355' title='bbox 973 3548 1176 3617; x_wconf 89' lang='lat' dir='ltr'><strong>Anaximene</strong></span> <span class='ocrx_word' id='word_1_356' title='bbox 1197 3551 1351 3620; x_wconf 80' lang='lat' dir='ltr'><strong>inditium</strong></span> <span class='ocrx_word' id='word_1_357' title='bbox 1371 3556 1387 3621; x_wconf 95' lang='grc' dir='ltr'>Ι</span> <span class='ocrx_word' id='word_1_358' title='bbox 1406 3557 1426 3621; x_wconf 82' lang='lat'><strong>3</strong></span> <span class='ocrx_word' id='word_1_359' title='bbox 1445 3568 1464 3620; x_wconf 81' lang='grc'>4</span> <span class='ocrx_word' id='word_1_360' title='bbox 1485 3556 1550 3624; x_wconf 82' lang='lat' dir='ltr'><strong>nisi</strong></span> 
     </span>
     <span class='ocr_line' id='line_1_33' title="bbox 186 3650 1552 3745; baseline 0.006 -29"><span class='ocrx_word' id='word_1_361' title='bbox 186 3652 272 3734; x_wconf 89' lang='lat' dir='ltr'><strong>quod</strong></span> <span class='ocrx_word' id='word_1_362' title='bbox 299 3650 390 3717; x_wconf 84' lang='lat' dir='ltr'><strong>addit</strong></span> <span class='ocrx_word' id='word_1_363' title='bbox 411 3651 557 3715; x_wconf 77' lang='grc' dir='ltr'>ἀλλὰκαὶ</span> <span class='ocrx_word' id='word_1_364' title='bbox 579 3654 612 3715; x_wconf 83' lang='grc' dir='ltr'>τό</span> <span class='ocrx_word' id='word_1_365' title='bbox 640 3657 741 3716; x_wconf 82' lang='grc' dir='ltr'>ποιοῦν</span> <span class='ocrx_word' id='word_1_366' title='bbox 763 3651 854 3729; x_wconf 86' lang='grc' dir='ltr'>οιίτιον</span> <span class='ocrx_word' id='word_1_367' title='bbox 877 3653 936 3738; x_wconf 81' lang='grc' dir='ltr'><strong>χρὴ</strong></span> <span class='ocrx_word' id='word_1_368' title='bbox 960 3650 1142 3736; x_wconf 77' lang='grc' dir='ltr'>ὑποτιθέναι,</span> <span class='ocrx_word' id='word_1_369' title='bbox 1164 3653 1225 3718; x_wconf 88' lang='grc' dir='ltr'>οίον</span> <span class='ocrx_word' id='word_1_370' title='bbox 1247 3654 1368 3741; x_wconf 81' lang='grc' dir='ltr'>ἄργυρος</span> <span class='ocrx_word' id='word_1_371' title='bbox 1389 3657 1443 3723; x_wconf 78' lang='grc' dir='ltr'><strong>οὐκ</strong></span> <span class='ocrx_word' id='word_1_372' title='bbox 1466 3660 1552 3745; x_wconf 75' lang='grc' dir='ltr'>ἀρκεῖ</span> 
     </span>
     <span class='ocr_line' id='line_1_34' title="bbox 185 3750 1549 3845; baseline 0.009 -30"><span class='ocrx_word' id='word_1_373' title='bbox 185 3755 256 3837; x_wconf 78' lang='grc' dir='ltr'>πρὸς</span> <span class='ocrx_word' id='word_1_374' title='bbox 278 3754 311 3816; x_wconf 87' lang='grc' dir='ltr'>τὸ</span> <span class='ocrx_word' id='word_1_375' title='bbox 334 3751 459 3836; x_wconf 83' lang='grc' dir='ltr'>ἔκπιομα</span> <span class='ocrx_word' id='word_1_376' title='bbox 480 3753 614 3836; x_wconf 75' lang='grc' dir='ltr'>γενέσθαι</span> <span class='ocrx_word' id='word_1_377' title='bbox 637 3754 687 3818; x_wconf 78' lang='grc' dir='ltr'><strong>ἐὰν</strong></span> <span class='ocrx_word' id='word_1_378' title='bbox 712 3756 753 3840; x_wconf 81' lang='grc' dir='ltr'>μὴ</span> <span class='ocrx_word' id='word_1_379' title='bbox 775 3758 808 3820; x_wconf 85' lang='grc' dir='ltr'>τὸ</span> <span class='ocrx_word' id='word_1_380' title='bbox 831 3759 932 3819; x_wconf 75' lang='grc' dir='ltr'>ποιοῦν</span> <span class='ocrx_word' id='word_1_381' title='bbox 954 3753 987 3838; x_wconf 73' lang='grc' dir='ltr'><strong>ᾖ,</strong></span> <span class='ocrx_word' id='word_1_382' title='bbox 1009 3750 1156 3817; x_wconf 78' lang='grc' dir='ltr'>τουτέστιν</span> <span class='ocrx_word' id='word_1_383' title='bbox 1177 3757 1416 3843; x_wconf 89' lang='grc' dir='ltr'>ὑάργυροκόπος,</span> <span class='ocrx_word' id='word_1_384' title='bbox 1438 3763 1549 3845; x_wconf 79' lang='grc' dir='ltr'>ὁμοίως</span> 
     </span>
     <span class='ocr_line' id='line_1_35' title="bbox 185 3855 1550 3943; baseline 0.009 -25"><span class='ocrx_word' id='word_1_385' title='bbox 185 3857 232 3919; x_wconf 85' lang='grc' dir='ltr'><strong>καὶ</strong></span> <span class='ocrx_word' id='word_1_386' title='bbox 256 3855 302 3918; x_wconf 79' lang='grc' dir='ltr'><strong>ἐπὶ</strong></span> <span class='ocrx_word' id='word_1_387' title='bbox 325 3858 377 3918; x_wconf 79' lang='grc' dir='ltr'><strong>τοῦ</strong></span> <span class='ocrx_word' id='word_1_388' title='bbox 398 3857 512 3939; x_wconf 80' lang='grc' dir='ltr'>χαλκοῦ</span> <span class='ocrx_word' id='word_1_389' title='bbox 527 3857 575 3919; x_wconf 82' lang='grc' dir='ltr'><strong>καὶ</strong></span> <span class='ocrx_word' id='word_1_390' title='bbox 590 3860 642 3919; x_wconf 78' lang='grc' dir='ltr'><strong>τοῦ</strong></span> <span class='ocrx_word' id='word_1_391' title='bbox 657 3855 742 3926; x_wconf 74' lang='grc' dir='ltr'>ξύλου</span> <span class='ocrx_word' id='word_1_392' title='bbox 757 3861 805 3923; x_wconf 83' lang='grc' dir='ltr'><strong>καὶ</strong></span> <span class='ocrx_word' id='word_1_393' title='bbox 822 3863 874 3943; x_wconf 75' lang='grc' dir='ltr'>τῆς</span> <span class='ocrx_word' id='word_1_394' title='bbox 888 3857 979 3941; x_wconf 76' lang='grc' dir='ltr'>ἄλλης</span> <span class='ocrx_word' id='word_1_395' title='bbox 996 3857 1076 3939; x_wconf 69' lang='grc' dir='ltr'>ὕλης·</span> <span class='ocrx_word' id='word_1_396' title='bbox 1110 3855 1192 3923; x_wconf 77' lang='lat' dir='ltr'><strong>baec</strong></span> <span class='ocrx_word' id='word_1_397' title='bbox 1213 3859 1419 3928; x_wconf 81' lang='lat' dir='ltr'><strong>liberioribus</strong></span> <span class='ocrx_word' id='word_1_398' title='bbox 1440 3862 1550 3930; x_wconf 84' lang='lat' dir='ltr'><strong>verbis</strong></span> 
     </span>
     <span class='ocr_line' id='line_1_36' title="bbox 184 3955 1548 4050; baseline 0.007 -28"><span class='ocrx_word' id='word_1_399' title='bbox 184 3957 299 4023; x_wconf 87' lang='lat' dir='ltr'><strong>eadem</strong></span> <span class='ocrx_word' id='word_1_400' title='bbox 329 3955 513 4039; x_wconf 89' lang='lat' dir='ltr'><strong>exprimunt</strong></span> <span class='ocrx_word' id='word_1_401' title='bbox 540 3977 623 4040; x_wconf 89' lang='lat' dir='ltr'><strong>quae</strong></span> <span class='ocrx_word' id='word_1_402' title='bbox 650 3959 789 4042; x_wconf 88' lang='lat' dir='ltr'><strong>praeivit</strong></span> <span class='ocrx_word' id='word_1_403' title='bbox 816 3961 948 4027; x_wconf 90' lang='lat' dir='ltr'><strong>Aristot.</strong></span> <span class='ocrx_word' id='word_1_404' title='bbox 971 3956 1153 4043; x_wconf 86' lang='lat' dir='ltr'><strong>metaphys.</strong></span> <span class='ocrx_word' id='word_1_405' title='bbox 1175 3960 1204 4024; x_wconf 89' lang='grc' dir='ltr'><strong>Α</strong></span> <span class='ocrx_word' id='word_1_406' title='bbox 1225 3962 1245 4027; x_wconf 84' lang='grc'><strong>3</strong></span> <span class='ocrx_word' id='word_1_407' title='bbox 1274 3985 1305 4047; x_wconf 91' lang='lat' dir='ltr'><strong>p.</strong></span> <span class='ocrx_word' id='word_1_408' title='bbox 1322 3963 1402 4029; x_wconf 79' lang='lat'>984·</span> <span class='ocrx_word' id='word_1_409' title='bbox 1423 3966 1463 4030; x_wconf 78' lang='lat'><strong>21</strong></span> <span class='ocrx_word' id='word_1_410' title='bbox 1477 3984 1548 4050; x_wconf 86' lang='lat' dir='ltr'><strong>sqq.</strong></span> 
     </span>
     <span class='ocr_line' id='line_1_37' title="bbox 184 4058 1549 4149; baseline 0.009 -26"><span class='ocrx_word' id='word_1_411' title='bbox 184 4058 237 4124; x_wconf 92' lang='lat' dir='ltr'><strong>ubi</strong></span> <span class='ocrx_word' id='word_1_412' title='bbox 261 4059 343 4128; x_wconf 81' lang='grc' dir='ltr'>Εὑλον</span> <span class='ocrx_word' id='word_1_413' title='bbox 374 4065 406 4123; x_wconf 89' lang='lat' dir='ltr'><strong>et</strong></span> <span class='ocrx_word' id='word_1_414' title='bbox 436 4060 547 4145; x_wconf 84' lang='grc' dir='ltr'>χαλκός</span> <span class='ocrx_word' id='word_1_415' title='bbox 570 4060 721 4145; x_wconf 88' lang='lat' dir='ltr'><strong>exempla</strong></span> <span class='ocrx_word' id='word_1_416' title='bbox 743 4062 895 4145; x_wconf 87' lang='lat' dir='ltr'><strong>reperias.</strong></span> <span class='ocrx_word' id='word_1_417' title='bbox 940 4060 1060 4127; x_wconf 88' lang='lat' dir='ltr'><strong>ibidem</strong></span> <span class='ocrx_word' id='word_1_418' title='bbox 1082 4060 1124 4128; x_wconf 89' lang='lat' dir='ltr'><strong>de</strong></span> <span class='ocrx_word' id='word_1_419' title='bbox 1146 4063 1345 4149; x_wconf 87' lang='lat' dir='ltr'><strong>Anaxagora</strong></span> <span class='ocrx_word' id='word_1_420' title='bbox 1373 4067 1464 4133; x_wconf 87' lang='lat' dir='ltr'><strong>loeus</strong></span> <span class='ocrx_word' id='word_1_421' title='bbox 1497 4075 1549 4135; x_wconf 86' lang='lat' dir='ltr'><strong>est</strong></span> 
     </span>
     <span class='ocr_line' id='line_1_38' title="bbox 182 4159 1549 4251; baseline 0.007 -25"><span class='ocrx_word' id='word_1_422' title='bbox 182 4182 213 4244; x_wconf 93' lang='lat' dir='ltr'><strong>p.</strong></span> <span class='ocrx_word' id='word_1_423' title='bbox 230 4163 311 4227; x_wconf 66' lang='lat' dir='ltr'><strong>seut</strong></span> <span class='ocrx_word' id='word_1_424' title='bbox 334 4161 384 4243; x_wconf 83' lang='lat'><strong>15,</strong></span> <span class='ocrx_word' id='word_1_425' title='bbox 407 4180 501 4243; x_wconf 89' lang='lat' dir='ltr'><strong>quem</strong></span> <span class='ocrx_word' id='word_1_426' title='bbox 525 4162 591 4228; x_wconf 89' lang='lat' dir='ltr'><strong>suis</strong></span> <span class='ocrx_word' id='word_1_427' title='bbox 613 4159 747 4228; x_wconf 76' lang='lat' dir='ltr'><strong>verbis&#39;</strong></span> <span class='ocrx_word' id='word_1_428' title='bbox 768 4163 866 4231; x_wconf 89' lang='lat' dir='ltr'><strong>iterat</strong></span> <span class='ocrx_word' id='word_1_429' title='bbox 886 4163 1000 4231; x_wconf 81' lang='lat' dir='ltr'><strong>Aetius</strong></span> <span class='ocrx_word' id='word_1_430' title='bbox 1021 4164 1037 4230; x_wconf 95' lang='lat' dir='ltr'>I</span> <span class='ocrx_word' id='word_1_431' title='bbox 1057 4165 1077 4229; x_wconf 82' lang='lat'><strong>3</strong></span> <span class='ocrx_word' id='word_1_432' title='bbox 1096 4172 1127 4249; x_wconf 84' lang='lat'><strong>5,</strong></span> <span class='ocrx_word' id='word_1_433' title='bbox 1154 4165 1207 4232; x_wconf 93' lang='lat' dir='ltr'><strong>uhi</strong></span> <span class='ocrx_word' id='word_1_434' title='bbox 1235 4169 1322 4251; x_wconf 89' lang='lat' dir='ltr'><strong>quod</strong></span> <span class='ocrx_word' id='word_1_435' title='bbox 1347 4168 1425 4235; x_wconf 89' lang='lat' dir='ltr'><strong>dioit</strong></span> <span class='ocrx_word' id='word_1_436' title='bbox 1451 4168 1549 4235; x_wconf 70' lang='lat' dir='ltr'><strong>illast</strong></span> 
     </span>
     <span class='ocr_line' id='line_1_39' title="bbox 181 4262 1548 4357; baseline 0.007 -31"><span class='ocrx_word' id='word_1_437' title='bbox 181 4263 235 4347; x_wconf 84' lang='grc' dir='ltr'><strong>γὰρ</strong></span> <span class='ocrx_word' id='word_1_438' title='bbox 257 4262 339 4348; x_wconf 77' lang='grc' dir='ltr'>αὐτῷ</span> <span class='ocrx_word' id='word_1_439' title='bbox 363 4263 551 4348; x_wconf 79' lang='grc' dir='ltr'>ἀπορώτατον</span> <span class='ocrx_word' id='word_1_440' title='bbox 573 4265 645 4331; x_wconf 78' lang='grc' dir='ltr'>εἶναι</span> <span class='ocrx_word' id='word_1_441' title='bbox 668 4271 731 4336; x_wconf 86' lang='grc' dir='ltr'><strong>πῶς</strong></span> <span class='ocrx_word' id='word_1_442' title='bbox 754 4266 788 4330; x_wconf 74' lang='grc' dir='ltr'>ἐκ</span> <span class='ocrx_word' id='word_1_443' title='bbox 809 4271 862 4331; x_wconf 85' lang='grc' dir='ltr'>τοὺ</span> <span class='ocrx_word' id='word_1_444' title='bbox 884 4268 926 4352; x_wconf 80' lang='grc' dir='ltr'>μὴ</span> <span class='ocrx_word' id='word_1_445' title='bbox 949 4267 1031 4338; x_wconf 79' lang='grc' dir='ltr'>ὄντος</span> <span class='ocrx_word' id='word_1_446' title='bbox 1053 4267 1173 4331; x_wconf 85' lang='grc' dir='ltr'>δόναταί</span> <span class='ocrx_word' id='word_1_447' title='bbox 1193 4291 1219 4331; x_wconf 87' lang='grc' dir='ltr'>τι</span> <span class='ocrx_word' id='word_1_448' title='bbox 1242 4270 1376 4352; x_wconf 77' lang='grc' dir='ltr'>γενέσθαι</span> <span class='ocrx_word' id='word_1_449' title='bbox 1397 4270 1548 4357; x_wconf 77' lang='grc' dir='ltr'>ἢφὺείρε·</span> 
     </span>
     <span class='ocr_line' id='line_1_40' title="bbox 181 4363 1548 4458; baseline 0.01 -32"><span class='ocrx_word' id='word_1_450' title='bbox 181 4363 251 4426; x_wconf 78' lang='lat' dir='ltr'><strong>obas</strong></span> <span class='ocrx_word' id='word_1_451' title='bbox 278 4363 320 4434; x_wconf 80' lang='grc' dir='ltr'>εἰς</span> <span class='ocrx_word' id='word_1_452' title='bbox 348 4366 381 4427; x_wconf 84' lang='grc' dir='ltr'>τό</span> <span class='ocrx_word' id='word_1_453' title='bbox 410 4366 451 4450; x_wconf 79' lang='grc' dir='ltr'>μὴ</span> <span class='ocrx_word' id='word_1_454' title='bbox 475 4365 507 4431; x_wconf 87' lang='grc' dir='ltr'><strong>ὅν</strong></span> <span class='ocrx_word' id='word_1_455' title='bbox 535 4387 600 4432; x_wconf 93' lang='lat' dir='ltr'><strong>non</strong></span> <span class='ocrx_word' id='word_1_456' title='bbox 628 4368 695 4433; x_wconf 92' lang='lat' dir='ltr'><strong>suis</strong></span> <span class='ocrx_word' id='word_1_457' title='bbox 721 4368 833 4434; x_wconf 88' lang='lat' dir='ltr'><strong>nititur</strong></span> <span class='ocrx_word' id='word_1_458' title='bbox 858 4368 1037 4453; x_wconf 87' lang='lat' dir='ltr'><strong>radiaibns,</strong></span> <span class='ocrx_word' id='word_1_459' title='bbox 1071 4369 1130 4434; x_wconf 89' lang='lat' dir='ltr'><strong>sed</strong></span> <span class='ocrx_word' id='word_1_460' title='bbox 1160 4369 1345 4437; x_wconf 88' lang='lat' dir='ltr'><strong>Aristotelis</strong></span> <span class='ocrx_word' id='word_1_461' title='bbox 1370 4371 1465 4458; x_wconf 81' lang='lat' dir='ltr'><strong>phys</strong></span> <span class='ocrx_word' id='word_1_462' title='bbox 1486 4374 1548 4440; x_wconf 82' lang='lat'><strong>14</strong></span> 
     </span>
     <span class='ocr_line' id='line_1_41' title="bbox 181 4464 1547 4561; baseline 0.007 -32"><span class='ocrx_word' id='word_1_463' title='bbox 181 4464 366 4547; x_wconf 80' lang='lat' dir='ltr'><strong>p.187·26</strong></span> <span class='ocrx_word' id='word_1_464' title='bbox 389 4465 466 4530; x_wconf 83' lang='grc' dir='ltr'>ἔοικε</span> <span class='ocrx_word' id='word_1_465' title='bbox 488 4469 521 4530; x_wconf 80' lang='grc' dir='ltr'><strong>δὲ</strong></span> <span class='ocrx_word' id='word_1_466' title='bbox 533 4466 724 4555; x_wconf 74' lang='grc' dir='ltr'>Ἀναξαγόρας</span> <span class='ocrx_word' id='word_1_467' title='bbox 747 4471 852 4557; x_wconf 83' lang='grc' dir='ltr'>ἄπειρα</span> <span class='ocrx_word' id='word_1_468' title='bbox 875 4472 967 4542; x_wconf 78' lang='grc' dir='ltr'>οὕτως</span> <span class='ocrx_word' id='word_1_469' title='bbox 989 4471 1126 4556; x_wconf 63' lang='grc' dir='ltr'>οἰηθῆναι</span> <span class='ocrx_word' id='word_1_470' title='bbox 1149 4473 1197 4537; x_wconf 78' lang='grc' dir='ltr'><strong>διὰ</strong></span> <span class='ocrx_word' id='word_1_471' title='bbox 1215 4474 1248 4537; x_wconf 84' lang='grc' dir='ltr'>τό</span> <span class='ocrx_word' id='word_1_472' title='bbox 1265 4474 1479 4561; x_wconf 70' lang='grc' dir='ltr'>ὑπολαμβάνειν</span> <span class='ocrx_word' id='word_1_473' title='bbox 1493 4476 1547 4561; x_wconf 79' lang='grc' dir='ltr'><strong>τὴν</strong></span> 
     </span>
    </p>
   </div>
   <div class='ocr_carea' id='block_1_4' title="bbox 180 4619 1547 4952">
    <p class='ocr_par' dir='ltr' id='par_1_6' title="bbox 180 4619 1547 4869">
     <span class='ocr_line' id='line_1_42' title="bbox 255 4619 1547 4699; baseline 0.013 -31"><span class='ocrx_word' id='word_1_474' title='bbox 255 4619 260 4649; x_wconf 81' lang='lat'>¹</span> <span class='ocrx_word' id='word_1_475' title='bbox 281 4620 477 4686; x_wconf 74' lang='lat' dir='ltr'><strong>Theophrastus</strong></span> <span class='ocrx_word' id='word_1_476' title='bbox 489 4626 544 4674; x_wconf 85' lang='lat' dir='ltr'><strong>sine</strong></span> <span class='ocrx_word' id='word_1_477' title='bbox 558 4625 639 4678; x_wconf 84' lang='lat' dir='ltr'><strong>dnbio</strong></span> <span class='ocrx_word' id='word_1_478' title='bbox 652 4631 755 4693; x_wconf 86' lang='lat' dir='ltr'><strong>repetiit</strong></span> <span class='ocrx_word' id='word_1_479' title='bbox 767 4627 883 4694; x_wconf 85' lang='lat' dir='ltr'><strong>(praetor</strong></span> <span class='ocrx_word' id='word_1_480' title='bbox 895 4631 974 4695; x_wconf 83' lang='lat' dir='ltr'><strong>Diog.</strong></span> <span class='ocrx_word' id='word_1_481' title='bbox 988 4632 1016 4682; x_wconf 93' lang='lat'><strong>11</strong></span> <span class='ocrx_word' id='word_1_482' title='bbox 1032 4631 1043 4681; x_wconf 96' lang='lat' dir='ltr'><strong>l</strong></span> <span class='ocrx_word' id='word_1_483' title='bbox 1065 4632 1096 4680; x_wconf 78' lang='lat' dir='ltr'><strong>ai.</strong></span> <span class='ocrx_word' id='word_1_484' title='bbox 1117 4641 1246 4697; x_wconf 72' lang='lat' dir='ltr'><strong>conspuat.</strong></span> <span class='ocrx_word' id='word_1_485' title='bbox 1264 4648 1290 4697; x_wconf 86' lang='lat' dir='ltr'><strong>p.</strong></span> <span class='ocrx_word' id='word_1_486' title='bbox 1306 4629 1368 4695; x_wconf 86' lang='lat'>133)</span> <span class='ocrx_word' id='word_1_487' title='bbox 1385 4633 1547 4699; x_wconf 83' lang='lat' dir='ltr'><strong>Porphyrius</strong></span> 
     </span>
     <span class='ocr_line' id='line_1_43' title="bbox 180 4707 1547 4783; baseline 0.012 -26"><span class='ocrx_word' id='word_1_488' title='bbox 180 4707 298 4767; x_wconf 69' lang='lat' dir='ltr'><strong>(sonasse</strong></span> <span class='ocrx_word' id='word_1_489' title='bbox 317 4711 394 4759; x_wconf 84' lang='lat' dir='ltr'><strong>etiam</strong></span> <span class='ocrx_word' id='word_1_490' title='bbox 413 4709 548 4771; x_wconf 87' lang='lat' dir='ltr'><strong>Nioolaus)</strong></span> <span class='ocrx_word' id='word_1_491' title='bbox 567 4712 637 4776; x_wconf 85' lang='lat' dir='ltr'><strong>apud</strong></span> <span class='ocrx_word' id='word_1_492' title='bbox 655 4713 769 4779; x_wconf 86' lang='lat' dir='ltr'><strong>Simplic.</strong></span> <span class='ocrx_word' id='word_1_493' title='bbox 789 4718 816 4768; x_wconf 92' lang='lat' dir='ltr'><strong>in</strong></span> <span class='ocrx_word' id='word_1_494' title='bbox 835 4718 907 4783; x_wconf 82' lang='lat' dir='ltr'><strong>phys.</strong></span> <span class='ocrx_word' id='word_1_495' title='bbox 927 4719 944 4767; x_wconf 80' lang='lat' dir='ltr'><strong>i.</strong></span> <span class='ocrx_word' id='word_1_496' title='bbox 958 4714 1010 4768; x_wconf 81' lang='lat'><strong>32·</strong></span> <span class='ocrx_word' id='word_1_497' title='bbox 1025 4713 1066 4769; x_wconf 84' lang='lat'><strong>35.</strong></span> <span class='ocrx_word' id='word_1_498' title='bbox 1087 4717 1116 4767; x_wconf 85' lang='lat' dir='ltr'><strong>er.</strong></span> <span class='ocrx_word' id='word_1_499' title='bbox 1137 4718 1221 4768; x_wconf 82' lang='lat' dir='ltr'><strong>Zellar</strong></span> <span class='ocrx_word' id='word_1_500' title='bbox 1239 4715 1270 4769; x_wconf 89' lang='lat'><strong>1⁴</strong></span> <span class='ocrx_word' id='word_1_501' title='bbox 1282 4715 1333 4770; x_wconf 75' lang='lat'><strong>202</strong></span> <span class='ocrx_word' id='word_1_502' title='bbox 1354 4728 1378 4770; x_wconf 87' lang='lat' dir='ltr'><strong>et</strong></span> <span class='ocrx_word' id='word_1_503' title='bbox 1400 4720 1430 4772; x_wconf 79' lang='lat' dir='ltr'><strong>T.</strong></span> <span class='ocrx_word' id='word_1_504' title='bbox 1449 4720 1547 4773; x_wconf 82' lang='lat' dir='ltr'><strong>Laetae</strong></span> 
     </span>
     <span class='ocr_line' id='line_1_44' title="bbox 181 4789 1083 4869; baseline 0.01 -26"><span class='ocrx_word' id='word_1_505' title='bbox 181 4795 262 4845; x_wconf 83' lang='lat' dir='ltr'><strong>uehar</strong></span> <span class='ocrx_word' id='word_1_506' title='bbox 280 4795 325 4847; x_wconf 89' lang='lat' dir='ltr'><strong>das</strong></span> <span class='ocrx_word' id='word_1_507' title='bbox 344 4789 501 4848; x_wconf 83' lang='lat' dir='ltr'><strong>AllEll’ON</strong></span> <span class='ocrx_word' id='word_1_508' title='bbox 519 4798 729 4851; x_wconf 77' lang='lat' dir='ltr'><strong>Anaximandera</strong></span> <span class='ocrx_word' id='word_1_509' title='bbox 749 4803 837 4868; x_wconf 81' lang='lat' dir='ltr'><strong>Laipa.</strong></span> <span class='ocrx_word' id='word_1_510' title='bbox 858 4800 926 4855; x_wconf 80' lang='grc'><strong>1878</strong></span> <span class='ocrx_word' id='word_1_511' title='bbox 945 4821 970 4869; x_wconf 85' lang='lat' dir='ltr'><strong>p·</strong></span> <span class='ocrx_word' id='word_1_512' title='bbox 983 4799 1016 4854; x_wconf 72' lang='lat'><strong>&#39;1⁶2</strong></span> <span class='ocrx_word' id='word_1_513' title='bbox 1029 4818 1083 4867; x_wconf 84' lang='lat' dir='ltr'><strong>sqq.</strong></span> 
     </span>
    </p>

    <p class='ocr_par' dir='ltr' id='par_1_7' title="bbox 250 4877 852 4952">
     <span class='ocr_line' id='line_1_45' title="bbox 250 4877 852 4952; baseline 0.015 -21"><span class='ocrx_word' id='word_1_514' title='bbox 250 4877 347 4933; x_wconf 69' lang='lat' dir='ltr'><strong>&#39;Aetli</strong></span> <span class='ocrx_word' id='word_1_515' title='bbox 366 4893 404 4933; x_wconf 87' lang='lat' dir='ltr'><strong>est</strong></span> <span class='ocrx_word' id='word_1_516' title='bbox 426 4880 492 4950; x_wconf 85' lang='grc' dir='ltr'>λόγῳ</span> <span class='ocrx_word' id='word_1_517' title='bbox 512 4879 630 4952; x_wconf 74' lang='grc' dir='ltr'>θεωρητά</span> <span class='ocrx_word' id='word_1_518' title='bbox 649 4888 690 4937; x_wconf 81' lang='lat' dir='ltr'><strong>hio</strong></span> <span class='ocrx_word' id='word_1_519' title='bbox 710 4899 735 4937; x_wconf 84' lang='lat' dir='ltr'><strong>et</strong></span> <span class='ocrx_word' id='word_1_520' title='bbox 754 4889 766 4937; x_wconf 96' lang='lat' dir='ltr'><strong>l</strong></span> <span class='ocrx_word' id='word_1_521' title='bbox 785 4889 801 4940; x_wconf 77' lang='lat'><strong>3</strong></span> <span class='ocrx_word' id='word_1_522' title='bbox 821 4899 852 4940; x_wconf 82' lang='lat' dir='ltr'><strong>le.</strong></span> 
     </span>
    </p>
   </div>
   <div class='ocr_carea' id='block_1_5' title="bbox 0 0 1736 5586">
    <p class='ocr_par' dir='ltr' id='par_1_8' title="bbox 0 0 1736 5586">
     <span class='ocr_line' id='line_1_46' title="bbox 0 0 1736 5586; baseline 0 3"><span class='ocrx_word' id='word_1_523' title='bbox 0 0 1736 5586; x_wconf 95' lang='lat' dir='ltr'><strong> </strong></span> 
     </span>
    </p>
   </div>
  </div>
 </body>
</html>
