3464 5586
263 313 326 378 154
593 319 633 368 XI
667 318 717 367 DE
736 316 932 369 HIPPOLYTI
949 315 1294 369 PHILOSOPHUMENIS

262 486 360 549 1131
380 486 559 570 Δημόκριτος
570 487 915 571 Δαμασίππου-μάγοις
967 487 1084 551 c.131
1108 487 1288 572 Δημόκριτος
1302 526 1342 537 -
1356 491 1509 571 γνώριμος.
1549 497 1621 551 1-4

343 597 360 649 4
375 589 675 673 οὖτος-ἀνθρώποις
1389 592 1622 678 προσλαμβάνειν

262 711 289 756 1.
307 694 381 755 141
967 713 993 756 1.
1012 694 1053 756 14
1075 701 1144 754 1-11

966 796 1052 860 o.15

938 912 994 1083 po.
1011 897 1051 961 16

263 1021 289 1066 1.
307 1001 449 1064 18-25.
473 996 560 1084 [261]

348 1116 601 1200 Theophrasteis
624 1117 823 1200 potissimum
845 1120 990 1203 reliquiis
1010 1124 1117 1185 motus
1138 1118 1181 1183 ad
1196 1119 1395 1185 recensenda
1411 1118 1623 1203 Philosophu-

262 1240 358 1286 mena
378 1219 521 1284 animum
543 1219 665 1303 adpuli.
698 1219 816 1286 acerbe
836 1220 982 1289 ferebam
1003 1223 1062 1289 tali
1086 1221 1233 1306 scriptori
1255 1220 1397 1287 nondum
1415 1238 1488 1287 eam
1510 1242 1621 1288 curam

263 1322 428 1407 obtigisse,
451 1340 517 1403 qua
537 1328 572 1387 ut
594 1321 648 1405 qui
671 1322 810 1390 maxime
834 1324 950 1408 dignus
972 1332 1031 1393 est.
1070 1324 1193 1409 primus
1214 1322 1512 1407 Philosophumena
1533 1344 1621 1390 usur-

263 1423 353 1509 pavit
375 1423 595 1509 Menagius,
618 1425 672 1508 qui
695 1424 803 1491 Caroli
825 1428 868 1494 de
889 1428 1054 1494 Montohal
1075 1424 1310 1510 archiepiscopi
1333 1425 1486 1491 Tolosani
1509 1427 1621 1495 codice

263 1526 413 1592 utebatur
428 1526 614 1610 passimque
629 1535 783 1613 excerpta
797 1530 980 1596 Laertianis
995 1526 1330 1596 animadversionibus
1348 1526 1528 1594 immiscuit.
1551 1535 1620 1595 tum

262 1629 327 1694 lac.
350 1627 543 1694 Gronovii
566 1629 688 1695 exstitit
710 1631 860 1715 princeps
882 1632 981 1699 editio
997 1652 1114 1715 graece
1129 1638 1162 1698 et
1176 1630 1277 1696 latine
1291 1629 1326 1695 in
1341 1629 1498 1696 Thesauri
1513 1650 1621 1713 graec.

262 1729 385 1814 antiqu.
408 1731 471 1796 vol.
489 1732 521 1796 Χ
543 1730 655 1818 (1701)
677 1754 709 1817 p.
726 1735 893 1801 nol-291
918 1741 951 1802 01
966 1736 1009 1801 M.
1024 1736 1071 1801 Io.
1088 1732 1311 1816 Christophori
1333 1730 1466 1798 Wolfii
1489 1732 1619 1815 [Hamh.

264 1835 371 1916 17061
398 1832 537 1917 utraque
549 1833 623 1900 nisa
636 1842 687 1900 est
708 1836 828 1902 codicis
850 1837 1060 1903 Laurentiani
1083 1834 1274 1921 apographo
1296 1835 1506 1918 neglegenter
1522 1835 1620 1903 facto.

263 1936 350 2019 quod
383 1936 452 2020 ipse
479 1937 615 2004 Wolfins
647 1938 825 2023 intellexit,
858 1947 1029 2023 postquam
1055 1938 1097 2004 ah
1126 1939 1229 2005 111.
1258 1936 1402 2003 Salvinio
1431 1936 1620 2005 Florentino

262 2038 517 2104 Laurentianum
538 2039 654 2106 iterum
678 2041 830 2107 collatum
854 2041 989 2125 accepit
1023 2061 1108 2124 quae
1129 2041 1205 2107 hino
1226 2039 1433 2107 retractanda
1447 2048 1541 2107 erant
1555 2062 1622 2109 una

264 2160 335 2205 cum
359 2141 520 2208 Sanorofti
544 2143 593 2208 La
616 2142 729 2209 Orozei
752 2143 791 2210 G.
806 2143 950 2210 Richteri
971 2142 1057 2208 notis
1079 2149 1112 2208 et
1127 2141 1335 2210 Taurinensis
1357 2141 1476 2208 oodiois
1497 2163 1527 2209 a.
1544 2143 1620 2212 0111.

263 2244 305 2308 hl.
335 2243 450 2310 Pfaffio
478 2246 615 2312 collecta
640 2244 858 2330 discrepantia
884 2250 1008 2330 septem
1042 2243 1136 2309 annis
1169 2252 1243 2330 post
1269 2243 1447 2328 Hamhurgi
1480 2245 1619 2313 edidit¹

264 2346 300 2412 Β.
323 2346 592 2414 Montefalconius
608 2347 775 2414 Barherini
798 2347 917 2413 codicis
939 2347 1140 2432 aliorumque
1161 2348 1195 2412 in
1211 2346 1309 2412 Italia
1330 2347 1620 2432 manuscriptorum

263 2450 453 2515 varietatem
477 2456 664 2516 excusserat
686 2449 738 2533 [of.
763 2450 852 2516 Diar.
867 2451 939 2516 Ital.
962 2471 994 2534 p.
1011 2452 1087 2534 210]
1109 2467 1205 2533 quam
1221 2448 1357 2515 Wollius
1378 2449 1553 2534 impetrare
1567 2471 1622 2517 ne-

264 2550 331 2616 scio
359 2572 421 2634 quo
439 2559 539 2636 pacto
561 2573 627 2618 nou
650 2553 755 2636 potuit
777 2550 827 2638 [cf.
851 2552 953 2636 praef.
977 2555 1060 2618 1713
1083 2575 1114 2637 p.
1131 2550 1172 2640 3].
1210 2557 1325 2617 nactus
1347 2557 1397 2617 011
1419 2571 1491 2617 eam
1513 2551 1559 2619 de
1582 2554 1620 2618 la

263 2653 341 2719 Rue
362 2655 416 2719 tl
438 2653 549 2741 (1733)
573 2677 603 2739 p.
619 2652 812 2739 sla-me,
840 2657 894 2740 qui
920 2656 996 2723 inde
1018 2655 1186 2722 Barherini
1216 2662 1249 2720 et
1276 2653 1484 2720 Ottohoniani
1510 2655 1620 2721 111111

264 2757 423 2822 lectiones
450 2757 622 2841 excerpsit3
649 2777 731 2840 quas
757 2764 929 2840 praeterea
953 2765 1048 2826 notas
1075 2755 1200 2823 addidit
1228 2756 1342 2823 melius
1364 2756 1534 2823 omisisset.
1579 2777 1621 2823 ex

264 2858 400 2925 ltueana
422 2860 564 2925 editione
586 2860 750 2944 descripta
772 2868 821 2926 est
844 2859 1180 2928 Lommatsohiana
1201 2864 1224 2923 1.
1240 2859 1334 2924 XXV
1356 2856 1477 2944 (1848).

349 2964 479 3028 Interea
501 2962 577 3027 dum
599 2963 802 3028 inventorum
825 2964 867 3029 ab
889 2965 926 3030 E.
941 2963 1093 3029 Millero
1115 2961 1269 3027 librorum
1290 2961 1411 3027 Ill-X
1433 2981 1541 3026 rumor
1563 2960 1621 3026 011-

266 3064 452 3149 cumfertur,
481 3067 679 3149 Roeperus
708 3067 757 3131 vir
786 3066 990 3132 acutissimus
1022 3071 1055 3130 et
1083 3063 1264 3130 eruditione
1286 3062 1383 3130 etiam
1405 3062 1621 3130 reconditiore

265 3166 404 3232 imbutus
427 3167 549 3250 primus
571 3187 611 3233 ea
633 3188 697 3252 qua
719 3189 779 3252 par
794 3174 844 3234 est
859 3167 1069 3251 religiositate
1084 3165 1381 3250 Philosophumena
1396 3166 1571 3251 explicavit
1588 3173 1621 3233 et

266 3269 426 3350 sagaoiter
455 3271 641 3336 emendavit
670 3269 798 3356 [Philol.
818 3272 880 3336 VII
901 3273 973 3336 511.
1003 3266 1086 3355 0061.
1132 3266 1190 3333 sed
1217 3288 1312 3334 nemo
1341 3267 1410 3333 eius
1438 3269 1620 3352 exemplum

264 3369 408 3435 imitatus
436 3379 494 3438 011.
538 3372 685 3438 Μ111011
712 3374 797 3439 enim
827 3374 926 3440 editio
951 3371 1053 3438 Ouon.
1078 3370 1159 3435 1851
1184 3370 1278 3435 novis
1300 3370 1390 3437 libris
1411 3370 1619 3455 praeeipuam

265 3490 372 3536 euram
389 3474 554 3557 impendit.
587 3496 648 3541 neo
662 3496 755 3542 secus
778 3476 1060 3557 Gottingenses
1084 3471 1350 3538 Schneidewinus
1372 3477 1405 3538 et
1425 3471 1620 3539 Dunokerus

264 3572 408 3657 Gotting.
434 3578 531 3661 1859,
564 3578 618 3661 qui
653 3578 728 3642 dum
763 3579 796 3643 iu
824 3575 1045 3644 emaculandis
1075 3575 1307 3659 posterioribus
1340 3572 1430 3638 libris
1458 3573 1620 3641 desudant

264 3677 474 3757 neglexerunt
500 3680 647 3763 primum.
691 3679 829 3764 Roeperi
860 3677 943 3744 enim
972 3678 1174 3744 coniecturas
1201 3678 1290 3742 nullo
1316 3675 1385 3741 fere
1412 3695 1471 3741 suo
1501 3676 1619 3743 iudicio

264 3787 463 3861 receperunt.
504 3782 604 3848 nimie
626 3781 833 3848 festinatione
856 3781 975 3845 factum
998 3787 1057 3865 est,
1080 3787 1116 3845 ut
1138 3778 1235 3845 etiam
1257 3778 1373 3844 calami
1396 3777 1471 3843 inde
1494 3799 1621 3845 errores

264 3881 553 3948 transcriberentur
581 3881 631 3969 [cf.
654 3885 698 3949 ad
723 3886 797 3949 196
820 3880 904 3968 {pell
949 3881 1010 3966 ipsi
1037 3887 1166 3965 praeter
1193 3901 1290 3946 unum
1313 3882 1492 3947 alterumve
1514 3882 1620 3947 locum

263 3982 344 4047 nihil
365 3984 500 4051 feliciter
522 3991 700 4067 gesserunt.
734 3993 768 4051 at
790 3987 866 4052 uolo
888 3985 941 4050 vel
957 3982 1239 4050 Schneidewinum
1261 3984 1345 4050 inter
1363 3982 1524 4049 edendum
1540 4003 1622 4048 mor·

264 4090 352 4150 tuum
379 4089 431 4152 vel
461 4085 669 4153 Dunokerum
699 4086 807 4151 multis
829 4086 1069 4153 difficultatibus
1096 4106 1242 4170 pressum
1268 4085 1416 4152 acerbius
1441 4083 1619 4167 increpare.

264 4207 335 4252 oum
358 4188 428 4272 ipse
451 4191 606 4273 pleraque
628 4188 840 4255 absolvissem
863 4188 993 4255 Patricii
1017 4186 1170 4254 Cruioei
1200 4187 1373 4255 editionem
1396 4183 1622 4272 [Philosophu-

264 4310 359 4356 mena
381 4312 443 4357 101.
466 4291 568 4356 Pede.
594 4288 688 4378 18601
711 4290 794 4375 adii,
820 4291 874 4374 qui
896 4290 958 4357 etsi
985 4292 1150 4374 nonnulla,
1173 4309 1257 4373 quae
1279 4288 1509 4371 Gottingenses
1530 4287 1620 4352 nnllo

486 4476 663 4484 --—-———-

337 4584 428 4637 ¹llher
450 4602 523 4637 rarus
546 4588 582 4637 sie
606 4586 764 4636 inscribitur:
794 4586 1027 4650 Compendium
1056 4585 1216 4634 historiae
1235 4583 1448 4647 philosophae
1471 4582 1621 4643 antiquae

264 4674 288 4723 h.
308 4691 330 4722 e.
351 4676 603 4738 Pseudorigenis
627 4673 936 4737 Philosophumena,
960 4688 997 4722 ex
1016 4674 1084 4737 ipso
1108 4671 1162 4720 Me.
1188 4670 1350 4728 Medicas,
1373 4668 1476 4717 denuo
1499 4667 1620 4717 collato

264 4770 294 4808 11
312 4762 378 4809 ulio
391 4762 592 4811 Taurinensi
610 4762 750 4825 repetita
768 4761 837 4809 rice
851 4760 1020 4809 emendata
1033 4767 1080 4808 etc.
1099 4764 1228 4807 anctore
1241 4755 1477 4819 christophoro
1490 4753 1620 4803 Wolfio.

265 4848 441 4911 Hamhurgi
460 4849 543 4913 apud
562 4849 781 4899 Christianum
800 4847 968 4898 Liehczeit
985 4862 1005 4896 s.
1019 4861 1043 4895 a.
1062 4841 1103 4896 8⁰.
1123 4858 1192 4892 euno
1208 4841 1275 4893 1713
1294 4843 1419 4907 prodiisse
1440 4841 1509 4891 hune
1527 4839 1621 4889 librum

264 4935 356 4999 collegi
376 4950 407 4982 ex
427 4951 451 5000 p.
466 4933 507 4987 78.
