3464 5586
219 369 249 408 VI

223 550 282 610 quo
305 533 412 593 nuntio
435 531 509 611 quid
531 532 604 592 milti
626 539 689 593 tum
711 534 888 612 exoptatius
909 535 1010 612 potuit
1032 533 1200 594 occidere?
1236 534 1319 615 quod
1341 534 1394 595 diu
1417 530 1578 606 moliebar,

218 633 299 694 idem
320 633 387 712 sere
408 634 475 695 illic
487 636 712 714 praescriptum
728 636 803 697 aidi.
841 637 936 714 ipitur
956 636 1034 697 nibil
1056 644 1195 697 moratus
1216 638 1250 697 in
1272 656 1383 698 nocum
1405 636 1484 697 illud
1505 655 1577 696 cer-

220 744 320 798 tamen
343 737 503 811 descendi,
526 745 644 800 etcum
665 757 723 799 nec
746 737 856 799 Tuum
877 758 933 800 nec
959 746 1131 801 ceterorum
1153 741 1321 802 amicorum
1344 739 1495 801 cecilium
1515 758 1575 819 pe-

215 839 288 899 tenti
319 838 454 914 deesset,
476 857 570 919 saepe
585 842 691 919 ,etiam
718 840 801 903 ultro
825 840 1004 922 offerretur,
1026 841 1215 903 Placitorum
1239 860 1353 922 corpus
1375 861 1443 903 cum
1465 841 1576 903 Prole-

222 942 358 1018 pomenis
383 942 511 1005 assiduo
534 943 641 1006 labore
663 951 850 1005 maturatum
871 951 989 1005 statuta
1010 944 1061 1006 die
1083 963 1113 1006 a.
1138 955 1272 1005 Lxxvtt
1292 944 1492 1006 summatibus
1514 945 1578 1006 itlis

219 1044 296 1103 airis
318 1044 465 1105 traditum
480 1055 534 1121 est,
557 1046 667 1128 quibus
682 1046 871 1109 Academiae
891 1046 1041 1109 mandatu
1063 1047 1212 1108 iudicium
1233 1057 1303 1109 erat
1322 1047 1493 1127 ferendum.
1525 1050 1577 1128 qui

218 1165 287 1208 aum
306 1147 491 1226 probassent
505 1167 544 1211 cc
558 1150 698 1228 praemio
715 1150 840 1230 dipnum
854 1150 1075 1212 iudicavissent
1089 1167 1168 1228 opus
1183 1151 1263 1231 typis
1278 1149 1411 1212 describi
1426 1158 1574 1229 coeptum.

304 1249 356 1310 l'u
378 1269 451 1312 aero
474 1270 512 1312 ne
537 1259 599 1311 tum
622 1252 743 1332 quidem
758 1252 946 1314 Placitorum
966 1251 1054 1330 suisti
1075 1253 1241 1313 immemor.
1278 1271 1350 1313 nam
1372 1253 1500 1314 luctanti
1519 1271 1577 1331 per

219 1351 374 1413 biennium
396 1372 464 1413 cum
482 1355 567 1434 preli
589 1355 748 1428 monstris,
776 1362 922 1434 quantum
945 1354 1066 1435 quidem
1083 1374 1144 1435 per
1165 1355 1371 1416 valetudinem
1394 1373 1431 1416 ac
1452 1355 1578 1433 nepotia

218 1472 359 1529 oacares,
381 1474 545 1536 numquam
567 1457 640 1518 mibi
661 1456 789 1535 defuisti
810 1476 907 1537 neque
927 1457 1023 1517 ullam
1044 1456 1113 1535 fere
1128 1457 1293 1537 plapulam
1313 1458 1474 1530 remisisti,
1503 1458 1576 1537 quin

219 1566 273 1618 aut
304 1557 494 1619 emendando
524 1566 580 1619 aut
607 1558 777 1621 dubitando
803 1578 850 1620 me
876 1560 996 1639 eprepie
1022 1559 1200 1620 adiuvares.
1246 1560 1357 1640 quodsi
1383 1578 1444 1620 non
1472 1560 1577 1620 omnia

218 1666 281 1721 tam
301 1660 441 1739 perfecta
461 1659 548 1722 oides
571 1669 600 1723 et
616 1662 792 1741 perpolita,
816 1680 906 1742 quam
928 1670 956 1723 et
978 1669 1160 1742 exspectare
1179 1670 1307 1741 poteras
1330 1663 1446 1738 etipse
1468 1663 1577 1742 cupie-

217 1761 301 1836 bam,
328 1765 504 1824 memineris
535 1765 626 1826 aelim
660 1764 742 1844 qaod
771 1765 857 1826 baud
883 1783 960 1826 raro
987 1783 1055 1826 sum
1081 1773 1226 1843 expertus
1252 1764 1436 1826 Hesiodeum
1458 1761 1576 1824 ‘cilicis

217 1865 340 1946 μητρυιὴ
364 1863 443 1927 πέλει
466 1863 574 1948 ἡμέρη,
597 1864 700 1928 ἄλλοτε
723 1863 840 1950 μήτηρ’.
874 1877 1006 1929 ceterum
1022 1869 1051 1928 si
1067 1867 1142 1948 quid
1155 1886 1307 1929 nouercae
1328 1867 1448 1928 inuidia
1471 1866 1576 1927 damni

215 1966 345 2028 inlatum
368 1968 579 2043 obseruaram,
601 1971 635 2030 in
650 1970 813 2032 Addendis
829 1972 964 2045 correxi,
986 1971 1108 2052 reliqua
1124 1971 1277 2050 corriperet
1293 1969 1401 2050 quibus
1423 1968 1458 2030 id
1480 1987 1575 2030 curae

216 2070 282 2131 erit.
328 2071 406 2134 nibil
428 2074 508 2134 enirn
529 2072 732 2135 vehementius
754 2081 844 2153 opto,
868 2092 957 2154 quam
980 2082 1013 2135 ut
1029 2075 1084 2135 alii
1099 2074 1223 2134 veniant
1237 2075 1270 2133 in
1284 2082 1400 2152 partes,
1423 2073 1477 2152 aui
1498 2091 1574 2151 apro

215 2171 289 2233 otim
311 2173 458 2255 barrida,
481 2194 563 2239 nunc
585 2193 661 2236 sane
683 2175 807 2237 cultiori
828 2195 917 2237 suam
939 2174 1034 2237 velint
1056 2174 1232 2257 impendere
1254 2192 1388 2254 operam.
1433 2176 1574 2254 inprimis

216 2283 317 2336 autem
337 2276 368 2338 C.
390 2277 658 2340 Wacbsmutbio
677 2286 799 2357 protum
812 2278 925 2357 fecisse
947 2280 1037 2358 cupio
1058 2277 1183 2340 Stobcei
1205 2278 1329 2356 eclopas
1350 2278 1404 2339 diu
1427 2284 1576 2356 expecta-

216 2388 275 2453 tas,
300 2380 416 2441 diutius
439 2383 574 2460 apitatcs
597 2381 726 2443 edituro.
765 2383 817 2462 qui
835 2384 863 2443 si
878 2402 940 2444 non
954 2382 1104 2443 inutiliter
1113 2382 1308 2462 praelusisse
1321 2400 1368 2441 me
1380 2381 1576 2454 indicauerit,

215 2482 389 2561 pratiarum
421 2503 499 2565 quas
528 2484 576 2545 illi
597 2483 690 2545 debeo
712 2486 867 2547 macimcs
894 2486 1014 2564 aliquid
1035 2485 1143 2547 saltem
1164 2484 1317 2546 rettulisse
1339 2482 1475 2545 uidebor.
1519 2502 1576 2545 nec

217 2585 350 2646 tacenda
372 2594 416 2646 cst
437 2589 495 2650 boc
517 2590 584 2649 loco
608 2587 753 2666 officiosa
769 2590 938 2650 amicorum
953 2589 1096 2650 uoluntas
1111 2588 1263 2668 imprimis
1279 2587 1403 2648 lconis
1419 2585 1576 2648 brunsii

216 2686 442 2765 berolinensis,
470 2691 727 2751 Maximiliani
753 2689 930 2752 bonnetii
958 2691 1160 2763 Porisiensis,
1186 2689 1375 2750 Friderici
1402 2689 1444 2750 de
1472 2688 1576 2750 Dubn

216 2791 432 2870 Gottinpensis,
454 2791 652 2873 Benedicti
673 2792 801 2854 Niesei
823 2791 1065 2871 Morburpensis,
1088 2791 1310 2875 Hieronymi
1336 2789 1480 2852 Vitellii
1500 2790 1577 2852 Flo-

215 2894 343 2972 rentini‚
368 2893 421 2974 qui
442 2893 602 2957 codicibus
626 2895 821 2957 eacutiendis
843 2897 955 2976 optime
976 2903 1046 2955 sunt
1069 2894 1107 2956 de
1128 2893 1351 2974 Doeoprapbis
1372 2893 1481 2954 meriti.
1520 2893 1577 2954 de-

216 2995 288 3057 inde
314 2997 494 3075 pratissima
527 3000 678 3059 mesnaria
703 3016 876 3078 prosequor
897 2996 1113 3059 Eduardum
1139 2997 1334 3070 Zellerum,
1362 2976 1462 3057 virum
1490 3015 1577 3056 sum-

216 3117 308 3171 mum,
332 3100 385 3176 qui
406 3098 511 3158 studia
532 3108 641 3161 nostra
662 3109 724 3161 tom
741 3099 867 3181 publice
883 3118 974 3179 quom
988 3101 1137 3180 privatim
1159 3099 1439 3161 benevolentissime
1459 3117 1580 3178 semper

216 3197 346 3261 adiuvit.

304 3299 385 3361 Tibi
406 3320 495 3376 aero,
522 3303 693 3379 Usenere,
716 3323 785 3365 cum
807 3301 940 3365 debitam
959 3303 1157 3382 meritamque
1170 3303 1306 3383 pralium
1328 3320 1420 3379 apere
1440 3301 1578 3375 instituo,

217 3403 374 3464 baesitare
401 3422 448 3464 me
475 3407 572 3466 sentio
595 3415 623 3467 et
644 3405 758 3467 rubore
779 3405 937 3484 subfundi.
983 3404 1062 3465 adeo
1082 3423 1130 3464 me
1147 3410 1342 3483 praepraoat
1365 3401 1578 3481 beneficiorum

217 3506 377 3568 Tuorum
404 3507 453 3566 vel
478 3509 685 3587 quaesitorum
706 3509 756 3571 oel
776 3508 950 3571 oblatorum
971 3505 1142 3566 multitudo.
1188 3504 1298 3585 quoda
1319 3522 1423 3564 verum
1445 3505 1577 3578 iudicas,

218 3608 302 3688 quod
323 3609 412 3669 aiunt
435 3609 573 3690 quidam,
604 3617 693 3690 turpe
715 3629 782 3672 esse
803 3610 885 3703 uinci
908 3607 1072 3686 beneficiis,
1095 3605 1321 3684 desperandum
1343 3605 1415 3666 mibi
1440 3624 1506 3666 esse
1527 3607 1578 3667 oi-

222 3711 290 3772 deo.
326 3712 375 3771 sin
391 3729 474 3786 oero,
498 3713 550 3792 qui
565 3711 656 3774 rebus
670 3732 731 3774 non
745 3719 853 3791 potest,
877 3711 979 3771 animo
996 3727 1132 3789 aequore
1148 3708 1316 3770 liberaliter
1331 3708 1518 3787 conceditur,
1541 3728 1579 3768 ne

220 3832 275 3893 epo
297 3812 414 3891 faciam
443 3823 476 3875 ut
503 3834 659 3895 nunquam
687 3814 843 3876 desideres
866 3830 1000 3873 amorem
1027 3819 1166 3872 nostrum
1187 3812 1237 3873 oet
1259 3811 1413 3890 pietatem.
1457 3810 1579 3870 interim

218 3915 270 3996 qui
302 3913 379 3976 liber
409 3915 506 3978 Tuae
531 3917 593 3996 fuit
618 3916 884 3998 propensissimae
908 3914 1076 3976 uoluntatis
1101 3915 1201 3987 testis,
1231 3912 1360 3973 eundem
1390 3912 1454 3972 ooti
1480 3913 1579 3973 nostri

217 4018 325 4097 accipe
346 4037 526 4098 sponsorem
546 4020 772 4099 prosimimum.
815 4017 894 4080 cub.

570 4378 629 4418 SCR.
652 4377 788 4418 Besalem
807 4377 875 4417 ΚΑΒ.
895 4375 1015 4417 octona.
1035 4376 1225 4418 MDCCCLXXIX
