3464 5586
211 348 272 414 162
359 352 427 401 XIII
460 352 509 402 Du
529 350 787 402 'l‘llEOPlIIiASTI
804 351 844 400 IN
862 350 1021 402 LAERTIO
1039 349 1204 403 meduan
1223 349 1426 402 uxcnaruls

209 538 248 584 ac
274 518 480 586 venationem
510 520 765 587 coniecturarum
791 517 956 601 ingenium
984 518 1115 585 immisit
1147 524 1182 585 et
1207 525 1242 584 ut
1268 518 1411 586 audaces
1436 517 1569 586 fortuna

208 621 364 688 adiuvare
386 624 479 706 solet,
502 621 636 707 contigit
658 628 693 687 ut
707 621 855 688 Dioclem
869 620 1071 704 MagnssIum
1091 641 1132 689 en
1147 620 1321 689 venatione
1335 620 1568 705 gloriabundus

208 732 397 809 reportaret.
442 725 592 790 nimirum
620 724 649 790 is
675 742 748 790 eum
776 720 892 788 librum
919 741 1014 805 quem
1036 743 1096 789 nos
1118 722 1282 791 Laertium
1304 722 1472 791 nominare
1494 743 1569 791 eon·

207 846 429 914 moveramus,
470 826 673 911 conscripsit,
705 846 747 892 ex
774 844 813 891 eo
842 823 962 890 additis
986 824 1158 909 poematiis
1183 832 1217 892 et
1243 825 1455 892 breviusculis
1481 828 1580 896 notis·

207 928 354 996 Laertius
376 950 441 996 non
464 928 580 1013 hausit,
604 929 661 995 sed
685 927 890 1012 impudenter
911 926 1092 1011 descripsit.
1127 947 1201 994 ecce
1224 945 1322 1010 quem
1342 928 1438 1013 longe
1452 931 1568 998 relicta

206 1030 247 1096 sit
269 1031 388 1115 pusilla
409 1030 584 1097 Bahnscbii
607 1029 781 1112 dubitatio,
812 1028 866 1112 qui
888 1029 936 1095 de
958 1028 1096 1096 Diocle
1122 1051 1188 1114 pro
1212 1038 1316 1097 certo
1339 1031 1437 1098 nibil
1457 1031 1568 1099 affir-

205 1152 307 1200 mare
321 1154 358 1201 se
368 1133 475 1201 fassus
486 1140 558 1200 erat
570 1135 613 1218 [p.
626 1134 692 1217 49].
715 1151 820 1215 neque
835 1131 960 1198 fortiter
975 1131 1148 1198 affirmanti
1163 1132 1338 1200 Nietsoheo
1353 1133 1495 1221 deluere,
1510 1138 1566 1221 qui

205 1235 408 1321 plauderent,
429 1236 620 1321 praesertim
643 1255 715 1302 eum
737 1234 807 1301 sine
829 1234 897 1299 ulla
919 1233 1120 1300 dubitatione
1141 1241 1229 1300 recte
1243 1234 1419 1303 iudicasset
1439 1236 1483 1305 de
1496 1239 1565 1323 qui·

205 1337 339 1404 busdam
362 1338 459 1406 rebus
474 1346 572 1422 atque
588 1339 716 1405 omnino
731 1358 797 1403 non
813 1337 980 1419 vulgarem
999 1335 1177 1402 sollertiam
1193 1344 1226 1402 et
1240 1335 1428 1405 felicitatem
1442 1339 1564 1424 ingenii

203 1440 408 1524 prodidisset.
453 1463 492 1509 eo
515 1442 619 1526 magis
640 1448 785 1509 nostrum
808 1458 882 1505 esse
904 1438 1049 1504 ducimus
1071 1459 1143 1505 cum
1165 1440 1207 1506 de
1229 1440 1359 1508 Laertio
1387 1441 1504 1509 dicturi
1524 1445 1564 1513 si-

203 1563 283 1627 mus,
306 1543 558 1611 Nietscbeanam
575 1542 759 1627 opinionem
777 1563 842 1607 non
857 1542 953 1608 modo
969 1541 1216 1610 intentissimam
1232 1550 1264 1609 et
1279 1562 1473 1610 aranearum
1489 1547 1564 1614 telis

202 1645 381 1712 tenuiorem
403 1646 642 1729 demonstrare,
665 1645 723 1710 sed
745 1651 858 1729 aperte
879 1644 1006 1712 falsam.
1050 1643 1135 1710 absit
1161 1652 1197 1709 ut
1223 1643 1421 1713 ratiunculas
1449 1669 1563 1717 omnes

203 1748 338 1832 elevem,
362 1747 476 1832 quibus
499 1748 561 1816 istc
584 1748 670 1832 quod
692 1747 794 1813 voluit
816 1745 951 1832 perfecit
973 1747 1185 1814 coniectando
1207 1784 1250 1794 -
1272 1769 1404 1833 ecquem
1419 1751 1511 1821 iuvat
1528 1753 1562 1820 in

202 1850 344 1916 tenebris
358 1850 477 1918 micare
501 1887 544 1935 -,
561 1858 596 1917 at
615 1849 752 1934 primurn
767 1850 876 1915 statim
891 1858 1115 1933 argumentum
1130 1851 1365 1938 impugnemus,
1389 1875 1453 1938 quo
1468 1857 1561 1941 quasi

201 1954 332 2021 tibicine
348 1955 511 2022 subtracto
534 1962 603 2021 tota
626 1953 669 2018 sit
692 1959 852 2018 structura
874 1972 999 2020 casura.
1033 1973 1125 2020 orsus
1148 1960 1197 2021 est
1217 1954 1303 2020 enim
1316 1974 1337 2020 a
1352 1956 1473 2023 Laertii
1488 1959 1561 2026 loco

200 2058 262 2124 VII
284 2059 326 2124 48
355 2059 385 2123 ἐν
412 2058 462 2124 οὖν
488 2063 547 2128 τοῖς
573 2060 698 2140 λογικοῖς
723 2057 867 2119 ταῦτάτε
895 2055 994 2126 αὐτοῖς
1020 2058 1102 2121 δοκεῖ
1126 2058 1336 2143 κεφαλαιωδῶς
1362 2060 1410 2123 καὶ
1436 2061 1483 2125 ἵνα
1512 2064 1560 2126 καλ

200 2163 275 2226 κατὰ
298 2163 384 2248 μέρος
405 2161 534 2244 εἴποιμεν
557 2161 604 2223 καὶ
627 2161 705 2236 τάδε,
729 2157 921 2244 irrepsistis
944 2159 985 2229 εἰς
1006 2161 1058 2244 τὴν
1081 2159 1272 2244 εἰσαγωγικὴν
1291 2161 1375 2225 τείνει
1390 2161 1496 2249 τέχνην
1511 2165 1560 2228 καλ

199 2264 274 2328 αὐτὰ
296 2264 343 2327 ἐπὶ
366 2264 471 2334 λέξεως
493 2263 590 2346 τίθησι
606 2263 730 2346 Διοκλῆς
746 2264 762 2325 b
779 2259 900 2345 Μάγνης
922 2261 952 2325 ἑν
975 2267 1012 2344 τῇ
1035 2262 1180 2348 ἐπιδρομῇ
1203 2267 1261 2327 τῶν
1284 2264 1452 2350 φιλοσόφων
1467 2266 1560 2350 λέγων

199 2366 320 2436 οὕτως·1
348 2374 512 2450 postrema
525 2365 581 2432 ille
596 2363 642 2430 sic
657 2363 743 2446 oepit
757 2363 839 2430 Mus.
852 2365 953 2432 Rhen.
966 2363 1080 2430 XXIII
1095 2366 1171 2431 633:
1194 2375 1227 2429 ut
1242 2369 1334 2430 etium
1348 2371 1561 2448 particularis

198 2473 385 2552 referamus,
413 2472 538 2534 Diocles
560 2471 599 2533 M.
622 2471 654 2531 in
675 2468 928 2548 pbilosophorum
950 2471 1152 2548 percursione
1178 2471 1271 2532 etium
1291 2470 1368 2533 iaec
1390 2473 1496 2553 quoad
1517 2475 1561 2537 ud

198 2583 297 2638 ortem
321 2577 511 2658 isupopioum
532 2573 687 2655 quadrum
713 2590 811 2652 euque
836 2573 906 2634 item
936 2572 979 2633 ud
1004 2573 1129 2636 verbum
1156 2573 1204 2635 iis
1230 2573 1332 2636 corbis
1358 2592 1434 2636 usus
1459 2578 1559 2655 ponit.

196 2674 272 2742 bine
294 2696 374 2743 sane
392 2674 598 2760 consequitur
613 2672 759 2739 Dioclem
775 2693 841 2738 non
857 2672 960 2737 solum
975 2674 1160 2759 specialem,
1183 2674 1242 2741 sed
1257 2673 1356 2741 etiem
1370 2678 1557 2758 generalem

198 2777 377 2844 Stoicorum
400 2779 587 2862 dogmatum
610 2781 735 2859 partem
751 2774 981 2859 conscripsisse
998 2781 1031 2841 et
1045 2776 1209 2844 Laertium
1226 2778 1385 2861 utrimque
1400 2797 1474 2845 esse
1489 2778 1559 2846 eius

196 2881 401 2967 mancipium.
434 2881 509 2946 bino
531 2878 715 2944 universum
731 2876 913 2945 Stoicorum
936 2885 1042 2964 caput,
1065 2886 1132 2944 tum
1153 2877 1394 2965 Epicureorum,
1416 2880 1559 2964 denique

196 2991 328 3051 cunctos
350 2983 449 3049 libros
473 3002 544 3049 esse
560 2980 692 3064 Dioclis,
715 3000 799 3063 quae
822 2980 886 3047 iam
909 3001 969 3047 sua
991 2988 1106 3065 sponte
1126 2990 1366 3066 consequuntur
1381 2984 1558 3051 conclusio

195 3106 263 3152 nes.
297 3091 331 3152 at
352 3105 424 3151 oum
447 3083 556 3167 priora
576 3082 678 3148 latine
700 3089 828 3149 vertere
851 3081 969 3148 oblitus
984 3082 1036 3168 sit,
1059 3084 1157 3167 plane
1179 3083 1322 3151 incertus
1337 3084 1468 3170 haereo,
1491 3108 1556 3170 quo

193 3189 226 3252 τὲ
247 3187 327 3252 illud
350 3194 424 3270 post
447 3191 538 3251 ταῦτα
561 3182 765 3250 referendum
781 3183 832 3249 sit.
866 3203 942 3249 nem
957 3185 1108 3267 quoniam
1124 3194 1198 3270 post
1213 3189 1424 3274 κεφαλαιωδῶς
1441 3186 1557 3255 fortius

193 3287 380 3353 distinctum
402 3286 514 3370 voluit,
538 3285 619 3350 mira
643 3284 859 3352 concinnitate
881 3285 942 3352 sibi
964 3287 1200 3370 responderent
1221 3292 1313 3354 ταῦτά
1333 3313 1365 3353 τε
1382 3291 1555 3358 δοκεῖ-καὶ

192 3391 307 3453 ...καὶ
329 3392 398 3455 τάδε
417 3432 444 3452 ..
459 3389 527 3452 οιιοιι
550 3387 625 3452 αὐτὰ
647 3387 744 3472 τίθησι
764 3389 898 3472 Διοκλῆς.
931 3406 1010 3453 vera
1025 3387 1249 3474 interpretatio
1270 3390 1377 3458 statim
1394 3392 1555 3481 enitescit,

191 3491 325 3557 simulac
347 3493 395 3556 καὶ
418 3491 493 3556 αὐτὰ
515 3511 573 3574 pro
596 3487 723 3570 vulgari
738 3490 786 3553 καὶ
803 3489 822 3553 ἃ
837 3489 957 3555 dictum
971 3488 1181 3560 intellexeris.
1215 3496 1321 3561 solent
1337 3493 1422 3561 enlm
1442 3517 1555 3565 omnes

191 3593 295 3658 omnis
317 3595 436 3660 aetatis
459 3592 576 3659 Graeci
599 3611 669 3656 cum
693 3590 881 3675 pracsertim
905 3609 999 3657 casus
1027 3594 1109 3659 varii
1132 3596 1197 3661 sint
1218 3598 1356 3662 alterum
1379 3597 1553 3664 relativum

189 3694 443 3762 demonstrativo
474 3694 665 3779 exprimere.
708 3712 814 3775 neque
841 3711 862 3757 a
892 3693 1017 3760 Latinis
1044 3695 1141 3763 buius
1167 3696 1361 3762 inversionis
1387 3697 1553 3780 elegantia

187 3795 296 3861 aliena
327 3805 385 3863 est.
429 3798 540 3880 itaque
567 3794 745 3862 rectissime
767 3794 842 3859 olim
864 3794 907 3860 ab
929 3795 1099 3863 Ambrosio
1121 3798 1282 3864 sententie
1304 3799 1472 3865 intellecta
1492 3806 1551 3885 est,

187 3917 283 3980 quam
298 3899 345 3965 sic
359 3898 493 3966 habeto:
516 3898 559 3963 ‘irs
575 3900 684 3981 topicis
698 3899 793 3979 ipitur
808 3906 836 3960 et
851 3899 928 3962 iaec
942 3901 1064 3980 placent
1087 3919 1167 3982 quoe
1180 3903 1354 3964 summatim
1368 3904 1502 3984 seposta
1523 3912 1553 3967 st

186 4010 219 4064 ut
243 4003 423 4084 sicpiliutim
450 4023 569 4086 quoque
593 4020 765 4083 persequor
793 4002 886 4064 etium
912 4003 1003 4080 baec,
1032 4022 1112 4086 quus
1135 4003 1257 4084 quidem
1283 4003 1328 4066 od
1347 4005 1551 4070 seruum

185 4114 283 4168 urtem
298 4105 473 4170 Stoicorum
486 4106 639 4186 pertineat
654 4123 793 4185 quaeqae
808 4103 934 4168 Diocles
954 4107 988 4168 ia
1009 4106 1261 4186 pbilosoptorurrr
1282 4109 1484 4186 percursione
1506 4109 1551 4172 ud

183 4208 309 4271 cubum
336 4210 384 4272 sio
409 4208 515 4290 ponit'
565 4225 642 4289 ergo
669 4204 818 4289 proxima
839 4207 860 4285 ὅ
879 4206 922 4271 49
937 4226 1006 4289 sqq.
1029 4226 1069 4273 ex
1098 4207 1213 4273 Diocle
1238 4207 1435 4291 trsnsoripta
1462 4215 1549 4295 sunt,

184 4308 293 4392 priore
314 4309 401 4375 unde
424 4308 602 4391 manarint,
625 4305 752 4391 Oedipo
775 4307 878 4373 satius
900 4309 1014 4374 estad
1035 4310 1246 4376 divinandum
1269 4326 1461 4393 proponere.
1506 4330 1548 4377 ex

182 4410 297 4480 Dioole
317 4411 381 4478 nisi
402 4411 539 4478 delirum
554 4410 658 4491 fingas
672 4408 839 4475 Laertium
854 4430 919 4476 non
935 4412 1038 4494 petita
1053 4420 1138 4499 sunt,
1160 4412 1352 4496 praesertim
1368 4431 1439 4478 cnm
1462 4418 1549 4480 ntra

252 4666 260 4697 ¹
280 4669 373 4719 Cobeti
392 4672 552 4719 coniecturas
571 4677 665 4718 temere
680 4672 840 4733 excogitatas
858 4685 906 4721 neo
920 4686 969 4736 ego
984 4689 1045 4723 curo
1065 4680 1172 4722 streete
1185 4675 1270 4723 omisit
1283 4673 1445 4724 Nieteobeus.
1465 4690 1545 4725 unum

178 4751 249 4804 bessi
271 4752 360 4815 [codd.
379 4753 472 4818 bostis]
497 4763 566 4805 recte
591 4759 713 4807 correxit.
749 4741 909 4807 Bebnsobius
928 4775 953 4822 p.
965 4756 1000 4810 lt
1026 4762 1088 4823 qnia
1111 4761 1227 4809 similiter
1250 4768 1327 4823 etque
1345 4761 1389 4810 ille
1408 4761 1545 4822 intellexit,

180 4841 260 4891 rerba
277 4853 398 4907 compte
416 4844 553 4892 arbitratus
573 4844 599 4893 in
618 4844 671 4894 alls
689 4845 778 4894 omnis
796 4844 920 4895 discessit.
948 4846 978 4895 el.
998 4845 1119 4896 Nlereche
1131 4846 1267 4912 Beitrcego
1287 4862 1332 4898 zur
1345 4846 1544 4908 Quellenknnde

177 4926 254 4978 Besel
276 4927 342 4980 1870
361 4946 386 4994 p.
399 4928 423 4980 Ί.
455 4930 517 4992 qnid
535 4931 568 4980 sit
586 4927 740 4998 sibaron-{req
759 4927 837 4999 τίχνιγ
856 4932 932 4982 docet
950 4930 1048 4983 Gellius
1067 4932 1134 4983 XVI
1152 4932 1169 4985 8
1186 4944 1206 4983 1.
