3442 5588
171 328 235 391 508
560 330 816 381 THEOPHRASTI
835 329 974 380 PHYSIC.
993 329 1155 381 OPINION.

222 500 294 562 αὐτὸ
317 501 350 562 τὸ
374 500 473 580 μανόν.
496 500 541 562 διδ
564 501 612 562 καὶ
634 499 670 562 τά
693 499 804 580 μεγαλα
827 500 936 581 μᾶλλον
951 497 1153 562 αἰσθάνεσθαι.
1191 497 1239 562 καὶ
1255 499 1310 582 γὰρ
1324 498 1375 580 τὴν
1392 497 1492 579 δσμῆν

224 601 307 683 ἐγγύς
333 601 404 665 εἶναι
432 604 541 683 μᾶλλον
569 601 588 683 ῆ
616 601 715 684 πόρρω
742 601 790 664 διὰ
818 601 852 664 rb
881 601 1055 685 πυκνοτέραν
1083 599 1170 679 εἶναι,
1198 600 1427 683 σκεδαννυμένην
1456 598 1492 662 δὲ

225 703 347 784 ἀσθενῆ.
392 703 497 787 σχεδὸν
519 704 552 767 δὲ
575 706 615 772 ὡς
637 702 727 766 είπεῖν
749 703 803 767 οὐκ
824 702 1016 767 αἰσθάνεσθαι
1038 701 1074 765 τά
1097 703 1149 783 μὲν
1172 703 1283 786 μεγάλα
1305 706 1357 786 τῆς
1379 705 1491 784 λεπτῆς

226 805 348 889 [ἀέρος],
369 805 406 867 τὰ
428 805 460 867 δὲ
483 806 571 890 μικρὰ
592 810 645 889 τῆς
666 809 785 890 πυκνῆς.

172 916 203 967 31
321 904 363 970 Τδ
380 906 432 987 μὲν
455 905 505 970 ούν
528 913 587 978 τοῖς
608 908 745 977 ἐναντίοις
767 910 858 970 ποιεῖν
879 907 931 989 τῆν
953 905 1090 989 αἴσθησιν
1113 904 1176 991 ἔχει
1197 908 1261 970 τινὰ
1275 907 1370 990 λύγον,
1386 907 1521 988 decepi

224 1007 352 1091 ἐλέχθη·
376 1009 457 1072 δοκεῖ
476 1008 531 1093 γὰρ
553 1011 573 1092 ἡ
596 1009 750 1079 ἀλλοίωσις
773 1009 831 1094 οὐχ
853 1009 909 1072 ὑπὸ
931 1012 990 1072 τῶν
1013 1008 1133 1090 ὁμοίων,
1155 1005 1221 1070 ἀλλ’
1247 1007 1305 1070 ὑπδ
1326 1012 1386 1071 τῶν
1408 1010 1489 1072 ἐναν-

224 1111 293 1173 τίων
315 1109 398 1173 είναι.
435 1111 527 1173 καίτοι
555 1112 603 1175 καὶ
630 1115 715 1174 τούτο
742 1114 832 1174 δεῖται
859 1109 994 1188 πίστεως,
1020 1110 1047 1173 εί
1076 1110 1230 1179 ἀλλοίωσις
1257 1112 1277 1194 ἡ
1304 1109 1443 1194 αἴσθησις
1465 1109 1497 1174 εί

226 1236 257 1276 τε
285 1213 318 1274 τδ
350 1213 476 1275 ἐναντίον
504 1219 556 1275 τοῦ
587 1213 714 1277 ἐναντίου
745 1214 880 1298 κριτικόν.
924 1214 957 1275 τδ
987 1214 1019 1276 δέ
1051 1212 1123 1295 μετὰ
1152 1212 1245 1295 λύπης
1274 1213 1389 1276 ἅπασαν
1416 1211 1491 1276 εἶναι

228 1314 358 1398 [ψεῦδος]
381 1312 442 1378 οὔτ’
471 1314 504 1378 ἐκ
525 1321 578 1400 τῆς
599 1318 735 1401 χρήσεως
757 1319 953 1399 ὁμολογεῖται,
983 1317 1020 1378 τὰ
1043 1315 1094 1397 μὲν
1117 1311 1196 1398 (γὰρ)
1223 1312 1289 1396 μεθ’
1318 1317 1426 1399 ἡδονῆς
1455 1315 1493 1377 τὰ

229 1416 262 1478 δέ
284 1420 404 1481 πλεῖστα
427 1415 495 1480 ἄνευ
517 1419 610 1501 λύπης
632 1417 719 1495 ἐστίν,
740 1416 800 1482 οὔτ’
828 1419 862 1482 ἐκ
883 1424 942 1482 τῶν
964 1418 1103 1500 εύλύγων.
1146 1418 1165 1499 ῆ
1194 1417 1246 1498 μὲν
1274 1416 1328 1501 γὰρ
1350 1415 1489 1501 αἴσθησις
1509 1443 1535 1482 ιο

230 1518 303 1580 κατὰ
325 1519 425 1603 φύσιν,
453 1521 537 1585 οὐδὲν
560 1521 593 1583 δὲ
614 1525 673 1583 τῶν
694 1520 779 1604 φύσει
802 1521 852 1605 βία
873 1521 922 1584 καί
944 1521 1018 1603 μετὰ
1039 1520 1148 1602 λύπης,
1176 1518 1250 1580 ἀλλὰ
1278 1522 1387 1599 μᾶλλον
1416 1517 1485 1601 μεθ’

229 1621 345 1703 ἡδονῆς,
368 1623 440 1706 ὅπερ
462 1621 510 1686 καὶ
532 1622 663 1706 φαίνεται
685 1624 852 1709 συμβαῖνον.
889 1622 925 1687 τὰ
946 1623 1000 1707 γὰρ
1015 1622 1107 1685 πλείω
1124 1620 1172 1685 καί
1187 1622 1339 1691 πλεονάκις
1354 1621 1493 1706 ἡδόμεθα

226 1724 274 1786 καὶ
297 1724 368 1788 αύτδ
391 1726 424 1788 δὲ
444 1726 478 1788 τδ
500 1725 693 1790 αἰσθάνεσθαι
720 1727 812 1812 χωρὶς
837 1731 891 1810 τῆς
917 1726 982 1809 περὶ
1012 1725 1133 1788 ἕκαστον
1155 1724 1311 1807 ἐπιθυμίας
1333 1726 1489 1807 διώκομεν.

175 1833 209 1886 32
228 1823 269 1888 ἔτι
292 1825 318 1888 δ’
346 1826 409 1890 ἐπεὶ
433 1828 481 1892 καί
504 1829 594 1912 ἡδονὴ
618 1829 666 1891 καί
686 1829 763 1911 λύπη
785 1826 890 1909 γίνεται
912 1827 961 1890 διά
983 1833 1035 1910 τῆς
1057 1826 1235 1911 αἰσθήσεως,
1257 1827 1334 1890 ἅπαν
1354 1827 1492 1911 δὲφύσει

228 1929 300 2011 πρδς
321 1929 354 1991 τὸ
378 1929 490 2013 βέλτιόν
512 1928 588 2006 ἐστι,
614 1930 747 2014 καθάπερ
769 1932 789 2014 ἡ
812 1929 969 2014 ἐπιστὴμη,
992 1932 1101 2012 μᾶλλον
1124 1927 1226 2011 ἀνείη
1250 1926 1317 2011 μεθ’
1346 1930 1453 2013 ἡδονῆς
1470 1927 1492 2010 ἦ
1510 1955 1535 1993 ιι

230 2030 303 2111 μετὰ
329 2030 433 2113 λύπης.
470 2032 572 2102 ἁπλῶς
598 2029 624 2094 δ’
655 2030 736 2115 εἴπερ
763 2033 838 2115 μηδὲ
867 2032 901 2094 τδ
932 2031 1109 2095 διανοεῖσθαι
1138 2030 1211 2113 μετὰ
1231 2031 1341 2114 λύπης,
1363 2031 1433 2094 οὐδὲ
1455 2031 1490 2094 τδ

227 2131 434 2195 αἰσθάνεσθαι·
466 2135 515 2196 τὸν
546 2134 634 2198 αὐτὸν
660 2135 713 2219 γὰρ
742 2133 806 2220 ἔχει
835 2135 919 2218 λόγον
941 2135 1077 2218 ἑκάτερον
1099 2134 1171 2218 πρὸς
1191 2134 1244 2217 τῆν
1265 2133 1356 2216 αὐτὴν
1378 2133 1491 2218 χρείαν.

230 2234 304 2296 ἀλλὰ
336 2235 392 2318 μὴν
424 2236 493 2300 ούδέ
524 2240 554 2300 αί
579 2242 637 2299 τῶν
668 2237 817 2320 αἰσθητῶν
845 2237 1001 2322 ὑπερβολαὶ
1029 2238 1078 2301 καὶ
1102 2237 1136 2299 τὸ
1162 2239 1214 2299 τού
1240 2236 1348 2321 χρόνου
1374 2236 1492 2320 πλῆθος

230 2336 314 2399 οὐδὲν
338 2343 458 2420 σημεῖον
482 2343 523 2409 ὡς
546 2340 619 2421 μετὰ
645 2339 738 2423 λύπης
765 2340 856 2418 ἐστίν,
883 2340 958 2402 ἀλλά
985 2342 1094 2422 μᾶλλον
1122 2341 1163 2408 ὡς
1192 2337 1222 2401 ἐν
1250 2339 1412 2422 συμμετρίᾳ
1437 2337 1491 2400 τινὶ

230 2440 278 2502 καί
301 2442 401 2523 κράσει
424 2441 496 2524 πρὸς
524 2442 557 2503 τδ
586 2443 726 2526 αἰσθητὸν
751 2444 771 2525 ἡ
799 2440 946 2523 αἴσθησις.
989 2441 1088 2526 διύπερ
1119 2440 1189 2511 ἴσως
1215 2442 1249 2504 τδ
1276 2442 1329 2524 μὲν
1357 2438 1491 2503 ἐλλεῖπον
1509 2467 1533 2505 ιο

178 2550 212 2603 33
231 2541 417 2624 ἀναίσθητον,
439 2544 472 2605 τὸ
496 2541 523 2606 δ’
544 2544 723 2629 ύπερβαλλον
744 2544 837 2627 λύπην
859 2567 891 2606 τε
912 2548 990 2607 ποιεῖ
1002 2545 1051 2607 καί
1066 2543 1189 2628 φθείρει.
1341 2542 1492 2627 συμβαίνει

227 2646 320 2709 τοίνυν
343 2645 376 2706 τὸ
399 2644 473 2707 κατὰ
495 2646 580 2730 φύσιν
611 2646 644 2709 ἐκ
672 2651 724 2710 τοῦ
752 2645 831 2729 παρὰ
852 2645 936 2729 φύσιν
960 2651 1091 2708 σκοπεῖν·
1124 2645 1220 2730 ἡγὰρ
1242 2645 1389 2730 ὑπερβολὴ
1411 2644 1493 2729 παρὰ

227 2749 322 2832 φύσιν.
368 2746 430 2810 ἐπεὶ
453 2748 486 2811 τό
508 2771 540 2831 γε
562 2747 613 2812 ἀπ’
642 2748 725 2813 ἐνίων
748 2750 796 2812 καί
818 2747 909 2811 ἐνίοτε
931 2747 1100 2823 λυπεῖσθαι,
1129 2749 1263 2832 καθάπερ
1286 2748 1334 2811 καὶ
1354 2747 1493 2832 ἥδεσθαι,

231 2850 353 2933 φανερὸν
377 2850 425 2912 καί
448 2851 693 2933 ὁμολογούμενον·
716 2850 785 2916 ὥστ’
812 2851 896 2914 ούδέν
920 2853 1028 2932 μᾶλλον
1057 2851 1104 2912 διαί
1129 2872 1162 2932 γε
1188 2854 1273 2913 τοῦτο
1301 2850 1374 2932 μετὰ
1396 2849 1491 2933 λύπης

228 2954 247 3035 ἡ
271 2951 340 3035 μεθ’
369 2954 478 3036 ἡδονῆς
499 2952 586 3030 ἐστιν,
610 2951 675 3017 ἀλλ’
703 2951 773 3024 ἴσως
796 2951 859 3036 μετ’
887 2951 1040 3035 οὐδετέρου
1063 2952 1138 3014 κατά
1158 2974 1191 3034 γε
1211 2953 1245 3014 τδ
1267 2951 1391 3035 ἀληθές·
1420 2950 1491 3014 οὐδὲ
1508 2979 1532 3018 ει

229 3054 283 3138 γὰρ
310 3055 344 3118 ἀν
372 3055 487 3118 δύναιτο
514 3055 632 3138 κρίνειν,
662 3056 760 3140 ὥσπερ
787 3055 856 3119 οὐδὲ
878 3056 898 3138 ἡ
921 3056 1030 3118 διάνοια
1054 3058 1184 3138 συνεχῶς
1206 3050 1280 3116 ούσα
1302 3053 1375 3136 μετὰ
1396 3054 1491 3138 λύπης

230 3157 249 3240 ῆ
278 3158 394 3240 ἡδονῆς.
439 3158 515 3221 ἀλλά
541 3163 626 3221 τούτο
655 3159 707 3241 μὲν
733 3158 792 3221 ἀπδ
821 3161 925 3241 μικρᾶς
951 3158 1047 3241 ἀρχῆς
1072 3153 1119 3241 ἐφ’
1156 3155 1226 3236 ὅλην
1254 3157 1411 3239 μετήνεγκε
1441 3157 1495 3241 τῆν

180 3268 213 3322 34
233 3257 378 3342 αἴσθησιν.
532 3263 600 3326 ὅταν
630 3262 663 3325 δὲ
688 3260 760 3344 λέγη
787 3258 823 3323 τὰ
847 3259 938 3345 μείζω
969 3260 1078 3341 μᾶλλον
1105 3256 1299 3321 αἰσθάνεσθαι
1321 3259 1370 3321 καί
1392 3260 1494 3329 ἁπλῶς

177 3391 378 3400 ...α-...-

179 3449 196 3502 2
219 3454 268 3503 nisi
290 3452 419 3502 intercidit
442 3452 513 3501 velut
536 3449 638 3519 ἰσχυρὰν
660 3461 718 3515 post
740 3445 835 3516 μᾶλλον
886 3445 1112 3504 reuertentur.
1123 3440 1545 3516 ἐπιθυμίανδίοῖιχρείαν(εῖ.ν.17),

180 3541 212 3590 ef.
224 3537 360 3604 p.509‚26,
370 3539 507 3602 legendum
521 3541 602 3606 κρῖναι
614 3534 708 3603 μᾶλλον
719 3536 733 3605 Η
744 3534 834 3587 πυκνό-
887 3553 946 3588 nem
956 3531 1075 3601 ἐπιθυμία
1085 3543 1123 3586 est
1135 3531 1214 3585 ἐνδεια
1226 3537 1257 3586 ct.
1271 3535 1359 3587 Probi.
1373 3553 1398 3601 p.
1409 3533 1518 3589 930127
1529 3531 1543 3603 Η

179 3644 238 3695 τερα
248 3628 305 3678 PF:
325 3642 390 3676 corr.
404 3626 537 3678 Csmotius
555 3623 569 3693 Η
583 3627 600 3678 4
618 3624 689 3695 ἀέρος
708 3627 835 3690 glossema
890 3623 921 3676 15
934 3619 1047 3692 καθάπερ
1060 3621 1076 3690 ἡ
1090 3621 1214 3691 ἐπιστὴμη
1228 3623 1282 3674 PF:
1302 3639 1352 3673 om.
1364 3623 1508 3674 Vossisuus
1520 3633 1545 3673 et

180 3731 212 3765 ex
236 3710 376 3779 p.507‚32
395 3714 480 3763 fictum
500 3715 593 3764 delevi.
623 3717 701 3764 immo
728 3714 834 3763 audien·
888 3712 983 3762 delevit
995 3710 1151 3761 Schneider:
1171 3711 1313 3774 scripserim
1332 3704 1447 3778 καθάπερ
1466 3709 1544 3778 καὶὴ

181 3803 241 3852 durn
260 3797 353 3868 ὀσμῆς,
372 3802 443 3865 quod
461 3802 630 3851 substituebat
647 3801 799 3866 Phiiippsou
820 3795 834 3866 Η
890 3797 1015 3867 ἐπιστὴμη
1035 3815 1070 3848 sc.
1084 3792 1154 3864 φύσει
1168 3793 1228 3863 πρὸς
1240 3794 1268 3846 τὸ
1283 3792 1378 3863 βέλτιόν
1391 3795 1465 3847 ἐστιν.
1485 3798 1545 3861 quid

182 3883 309 3957 6ἐλέχθη
328 3887 358 3950 ἐξ
381 3889 401 3938 i.
420 3887 436 3939 2
455 3883 470 3955 Η
496 3886 614 3938 ’ίιιαίτοι
631 3889 666 3938 P:
690 3885 757 3937 καίτι
780 3887 801 3936 1⁴¹
821 3883 834 3952 Η
889 3884 1055 3953 εῖιέπιστὴμη
1067 3886 1142 3935 docet
1154 3886 1201 3934 Ar.
1212 3885 1243 3933 de
1254 3881 1544 3949 animallbp.417btt

181 3975 197 4044 ἡ
225 3973 355 4031 ἀλλοίωσις
377 3976 433 4025 PF:
462 3991 527 4026 corr.
557 3975 711 4026 Schneider·
728 3970 741 4041 Η
770 3973 787 4025 8
815 3971 841 4024 εί
888 3977 941 4023 τῶν
958 3967 1015 4023 καθ’
1032 3968 1239 4040 ἐκαστονὴκατ’
1255 3968 1376 4038 ἐνέργειαν
1390 3966 1545 4039 αίσθησις,ἡ

181 4080 207 4114 τε
236 4062 390 4114 Schneider:
424 4057 480 4113 οὔτε
506 4063 551 4112 PF
586 4059 599 4129 Η
629 4063 645 4114 9
677 4059 765 4129 ψεῦδος
795 4078 834 4112 se·
890 4058 914 4111 δ’
929 4058 1053 4127 ἐπιστὴμη
1071 4063 1123 4109 τῶν
1147 4053 1307 4108 καθόλου...
1323 4055 1379 4108 ,διδ
1396 4060 1485 4126 νοῆσαι
1502 4057 1546 4124 μὲν

183 4153 257 4201 clusit
279 4152 405 4200 wimmer
427 4145 441 4216 Η
464 4152 510 4218 τῆς
533 4148 638 4218 κρίσεως
656 4150 801 4215 Stephanus
821 4143 835 4214 Η
889 4142 930 4199 ἐπ’
946 4144 1015 4215 αύτῷ
1029 4143 1121 4197 ὁπύταν
1134 4142 1262 4213 βούληται,
1281 4140 1440 4196 αἰσθάνεσθαι
1453 4140 1479 4195 δ’
1500 4141 1546 4196 obs

183 4237 214 4288 10
234 4235 263 4287 ἐκ
282 4241 334 4286 τῶν
352 4234 460 4303 εὐλόγων
479 4241 522 4288 vix
542 4254 640 4288 senum.
669 4247 713 4288 eut
736 4236 836 4288 ἐκτῶν
888 4231 925 4286 ἐπ’
946 4230 1025 4300 αύτῷ.
1039 4235 1108 4284 hinc
1126 4227 1274 4283 διανοεῖσθαι
1286 4244 1310 4282 et
1323 4228 1484 4283 αἰσθάνεσθαι
1501 4249 1546 4299 op·

181 4322 262 4391 λόγων
280 4323 375 4373 scribes
400 4333 444 4374 ent
462 4327 531 4388 quod
549 4327 681 4376 Usenerus
700 4327 835 4391 proposuit
887 4324 972 4387 posita
991 4324 1016 4371 in
1031 4323 1155 4386 proximis
1174 4338 1216 4371 vv.
1232 4320 1272 4375 16.
1286 4319 1320 4371 ‘27
1340 4317 1356 4381 Η
1375 4317 1501 4388 ἐπιστήμη
1520 4322 1545 4370 in

181 4410 232 4463 ἐστι
262 4415 315 4461 τῶν
351 4407 459 4477 εύλόγων
494 4409 508 4479 Η
550 4413 579 4464 11
609 4415 641 4480 τῆ
674 4414 729 4464 PF:
767 4427 833 4461 corr.
888 4424 951 4472 mrg.
970 4411 1046 4458 iteret
1063 4409 1149 4458 sec.P
1171 4403 1185 4474 Η
1206 4407 1237 4459 17
1250 4406 1341 4476 pupi:
1361 4424 1411 4458 om.
1431 4409 1453 4459 P
1475 4403 1488 4473 Η
1508 4409 1546 4457 in·

181 4499 321 4551 Schneider
340 4494 354 4562 Η
375 4495 408 4548 12
426 4497 457 4549 τὰ
481 4499 528 4568 γὰρ
546 4497 623 4550 πλείω
643 4499 685 4550 καλ
703 4496 834 4555 πλεονάκις
887 4497 1036 4560 teliegerem
1059 4492 1149 4546 αύτούς
1185 4495 1221 4546 ad
1245 4494 1386 4561 proprium
1413 4493 1546 4559 utriusque

181 4588 212 4636 ci.
230 4604 254 4635 ν.
268 4583 302 4637 23
321 4579 361 4635 ἀπ’
377 4583 448 4635 ἐνίων
467 4586 511 4636 καὶ
524 4584 601 4637 ἐνίοτε
615 4582 631 4653 Η
649 4582 680 4637 13
693 4582 763 4636 abror
776 4587 835 4637 PF:
889 4601 973 4635 usum.
996 4600 1057 4635 nam
1076 4593 1101 4633 et
1120 4600 1177 4633 eum
1197 4585 1292 4647 cogitet
1311 4592 1337 4633 et
1348 4583 1426 4633 sentit
1444 4581 1545 4643 aliquis,

182 4687 247 4722 corr.
265 4671 406 4722 Schneider
426 4667 439 4736 Η
463 4672 542 4742 χωρὶς
560 4671 616 4724 κτλ
636 4675 667 4724 ef.
687 4675 765 4722 Arist.
784 4689 835 4722 rne-
889 4674 1021 4738 voluptate
1041 4672 1151 4734 quadam
1170 4671 1331 4736 perfunditur
1350 4666 1364 4735 Η
1388 4667 1418 4721 19
1441 4663 1499 4718 citt
1520 4663 1546 4716 ἐν

181 4759 251 4824 tuph.
265 4758 314 4809 sl
338 4757 427 4814 πάντες
450 4757 580 4828 ἅνθρωποι
606 4761 652 4810 τού
675 4757 762 4811 είδίναι
784 4755 837 4826 ἀρί-
890 4760 934 4812 Pr
955 4756 969 4824 Η
989 4756 1023 4810 20
1042 4757 1085 4808 καλ
1104 4754 1189 4825 πράξει
1207 4757 1266 4807 PF:
1287 4773 1352 4806 corr.
1373 4757 1459 4822 Gorty
1478 4751 1493 4823 Η
1513 4752 1545 4807 28

179 4861 264 4914 γονται
287 4841 364 4912 φύσει.
395 4850 496 4913 σημεῖον
527 4846 546 4900 δ’
576 4847 593 4917 ἡ
620 4852 673 4898 τῶν
697 4842 838 4914 αἰσθήσεων
889 4845 949 4914 λέγη
968 4848 1004 4896 P:
1023 4842 1087 4911 λέγει
1106 4845 1151 4893 sed
1171 4860 1235 4893 corr.
1255 4845 1333 4910 puli

181 4934 319 5004 ἀγάπησις·
346 4931 390 4982 καὶ
412 4935 458 5004 γὰρ
481 4936 560 5005 χωρὶς
582 4938 628 5004 τῆς
650 4932 759 5003 χρείας
780 4931 837 5000 ἅμα.
