3442 5588
261 281 302 344 70
661 286 686 333 v
730 285 779 333 nn
799 283 1211 336 xu1rnroxu1nr1rouu

259 451 367 516 nullos
393 453 427 518 in
454 453 597 519 eiusdem
625 453 743 519 erroris
770 450 1027 518 communionem
1054 453 1163 520 traxit.
1207 474 1308 537 quare
1332 473 1400 520 rem
1422 454 1529 520 denno
1551 453 1623 520 dili·

260 562 373 637 genter
395 552 643 641 perpendamus,
1469 566 1471 571 ·

348 658 538 743 Priusquam
561 663 670 724 antem
697 657 739 722 ad
767 657 891 723 incerta
925 658 1179 743 progrediamur,
1205 659 1240 724 iu
1266 660 1362 726 certis
1386 658 1623 743 aliquantisper

261 760 484 846 subsistamus,
507 780 570 843 quo
593 760 709 826 melius
731 759 896 844 scriptoris
918 760 1087 826 consilinm
1111 768 1144 826 et
1164 760 1248 827 ratio
1270 768 1492 844 cognoscatur.
1531 766 1621 826 certa

261 881 322 945 ego
344 862 526 946 fragmenta
547 883 669 947 usurpo
692 862 823 944 eclogas
845 861 970 927 ethicas
992 865 1054 928 cl
1081 863 1191 945 [vulgo
1208 865 1241 946 6]
1263 863 1411 949 insertas,
1432 869 1499 929 tum
1521 863 1621 929 Ense

260 964 361 1030 biana
382 965 574 1050 fragmenta.
596 987 615 1032 e
638 965 780 1032 Stobaeo
802 971 940 1047 apparet
962 965 1198 1048 Prolegomena
1220 985 1292 1032 enm
1314 965 1520 1050 praemisisse
1541 964 1621 1032 othi-

261 1087 320 1133 cae
342 1067 415 1133 libri
438 1069 533 1154 parti,
558 1088 642 1153 quae
664 1087 704 1133 ex
727 1065 867 1131 omnium
891 1067 1157 1151 philosophorum
1171 1088 1211 1133 ao
1233 1075 1393 1135 sectarum
1415 1067 1621 1152 opinionibus

260 1170 397 1236 miscuit.
432 1173 536 1256 primo
561 1194 592 1255 p.
609 1170 788 1237 33-3811.
812 1176 974 1252 ponuntur
989 1171 1100 1237 variae
1118 1170 1322 1238 definitiones
1344 1169 1513 1236 moralium
1535 1169 1622 1254 priu-

261 1274 427 1358 cipiorum.
454 1273 546 1341 initio
569 1292 769 1358 anonymae,
802 1279 869 1336 tum
893 1273 1132 1339 Platonicorum
1157 1273 1336 1340 Stoicorum
1358 1273 1544 1338 Aristotelis
1564 1273 1623 1339 Ze

261 1376 366 1459 nonis,
401 1375 509 1442 omnia
530 1377 647 1442 leviter
675 1376 832 1459 impressa
866 1394 927 1440 nec
962 1381 1051 1440 certa
1080 1377 1206 1443 ratione
1239 1376 1425 1460 composita
1475 1375 1622 1459 sequitur

261 1500 293 1563 p.
310 1479 437 1544 38-46
460 1479 596 1563 διαίρεσις
619 1480 727 1563 ἠθικοῦ
749 1479 850 1555 τόπου,
873 1496 968 1560 quum
993 1477 1048 1541 uui
1069 1478 1167 1544 debet
1189 1478 1347 1545 Philoni
1370 1476 1525 1543 Larisaeo
1540 1476 1622 1543 Aba·

261 1579 396 1645 demico.
440 1580 469 1645 is
490 1580 718 1664 philosophiae
740 1599 797 1645 sex
820 1586 929 1662 partes
952 1578 1062 1644 divisit

464 1685 481 1746 1
528 1685 772 1766 όπροτρεπτικδς
794 1683 878 1765 λόγος

463 1785 483 1850 2
528 1785 775 1868 όθεραπευτικός

463 1887 483 1951 3
528 1888 630 1970 όπερλ
653 1890 744 1951 τελῶν

462 1991 484 2054 4
527 1991 629 2072 trapi
652 1990 723 2074 βίον

463 2093 483 2155 5
528 2092 712 2160 όπολιτικός

463 2196 484 2259 6
528 2194 746 2262 όὺποθετικός.

262 2300 324 2364 hac
358 2297 532 2382 partitione
560 2295 727 2379 proposita
751 2294 848 2359 Arius
878 2296 984 2378 pergit
1010 2317 1040 2379 p.
1056 2297 1099 2360 46
1110 2297 1149 2360 Η.
1184 2297 1242 2378 ἐγὼ
1269 2296 1294 2360 δ’
1326 2298 1352 2360 εἰ
1380 2299 1431 2380 μὲν
1458 2299 1622 2382 ἀργοτέραις

262 2404 424 2484 διεκείμην,
451 2400 603 2484 ἀρκεσθεὶς
631 2398 665 2460 ἂν
692 2397 767 2480 αὐτῇ
796 2403 924 2482 συνεῖρον
951 2397 1010 2481 ἤδη
1037 2399 1073 2461 τὰ
1099 2400 1162 2482 περὶ
1189 2404 1246 2462 τῶν
1274 2401 1471 2484 ἀρεσκόντων,
1503 2406 1540 2482 τῇ
1568 2406 1622 2485 τῆς

262 2502 428 2587 ἑξαμερείας
450 2502 704 2585 ἐπικουφιίόμενος
727 2506 903 2585 περιγραφῇ·
929 2501 1087 2584 ἡγούμενος
1109 2500 1134 2563 δ’
1162 2502 1280 2588 ἐμαυτῷ
1301 2504 1419 2587 πρέπειν
1439 2505 1495 2588 πρὸ
1515 2506 1622 2574 παντὸς

262 2608 314 2689 τἠν
345 2605 444 2668 οὐσίαν
472 2605 529 2666 δεῖν
557 2605 722 2666 ἐπισκοπεῖν
754 2603 788 2665 οὖ
815 2627 856 2672 τις
882 2603 1126 2687 πραγματεύεται,
1158 2603 1280 2667 κᾶπειτα
1311 2606 1449 2689 ποιότητα
1475 2607 1528 2690 τὴν
1555 2608 1620 2691 περὶ

263 2710 353 2791 αὐτὴν
376 2707 424 2770 καὶ
439 2706 597 2789 ποσότητα,
620 2706 669 2767 καὶ
690 2705 801 2774 τούτοις
823 2704 927 2788 ἐφεξῆς
948 2707 982 2768 τὸ
1004 2708 1076 2789 πρὸς
1097 2705 1134 2781 τί,
1157 2706 1266 2787 νομίζω
1288 2709 1551 2792 προσεπιπονητέον
1564 2709 1623 2793 [τε]

263 2811 334 2874 εἶναι
357 2811 404 2872 καὶ
426 2810 463 2871 τὰ
484 2813 543 2871 τῶν
566 2807 662 2872 ἄλλων
685 2808 866 2884 ἐπισκοπεῖν,
888 2809 1022 2892 καθάπερ
1044 2808 1078 2872 ob
1101 2809 1226 2884 πάντων,
1249 2809 1341 2879 οὕτως
1363 2817 1421 2873 τῶν
1444 2813 1508 2896 περὶ
1529 2817 1624 2876 ταῦτα

262 2913 474 2995 διενεγκόντων.
507 2910 691 2993 excerpitur
712 2909 809 2991 igitur
831 2908 996 2993 Εὐδῶρου
1017 2915 1068 2972 τοῦ
1087 2908 1294 2994 Ἀλεξανδρέως
1316 2911 1516 2997 Ἀκαδημικοῦ
1543 2918 1624 3000 φιλο·

262 3015 354 3098 σόφου
376 3013 511 3096 διαίρεσις
533 3017 584 3075 τοῦ
607 3014 681 3076 κατὰ
703 3012 874 3096 φιλοσοφίαν
896 3012 994 3094 λόγου,
1017 3011 1124 3097 βιβλίον
1140 3011 1318 3096 ἀξιόκτητον,
1341 3016 1371 3078 ἐν
1390 3014 1415 3102 qi
1439 3021 1535 3081 πᾶσαν
1557 3019 1623 3080 ἐπε·

262 3117 402 3199 Εελήλυθε
427 3117 669 3200 προβληματικῶς
696 3117 748 3199 τὴν
776 3116 954 3199 ἐπιστήμην,
982 3117 1017 3199 ἧς
1043 3115 1102 3196 ἐγὼ
1129 3115 1295 3197 διαιρέσεως
1321 3116 1486 3201 ἐκθήσομαι
1512 3121 1546 3182 τὸ
1568 3126 1623 3204 τῆς

261 3219 368 3303 ἠθικῆς
391 3219 506 3281 οἰκεῖον.
540 3217 719 3300 tripertitae
741 3216 969 3301 philosophiae
984 3216 1116 3281 moralis
1131 3234 1207 3300 pars
1224 3217 1378 3284 dividitur
1390 3219 1424 3285 iu
1440 3221 1622 3306 θεωρητικὸν

262 3321 418 3404 ὁρμητικὸν
441 3321 630 3404 πρακτικόν.ι
676 3321 738 3385 hao
766 3327 876 3403 partes
897 3317 1053 3401 deinceps
1074 3317 1263 3400 singillatim
1285 3322 1501 3406 disponuntur
1521 3325 1623 3408 plane

262 3422 442 3488 Stoicorum
465 3442 554 3488 more
577 3429 610 3487 et
631 3422 767 3488 ratione.
803 3422 860 3486 sod
875 3421 971 3485 Arius
994 3420 1139 3485 neutrius
1163 3422 1336 3504 partitione
1357 3431 1528 3493 contentus
1549 3427 1624 3512 ipse

261 3525 497 3610 problematum
513 3525 658 3590 tabulam
673 3523 836 3608 proponit.
863 3543 889 3588 ο.
905 3524 969 3606 περὶ
984 3523 1083 3592 τέλους
1098 3542 1129 3605 p.
1142 3525 1246 3588 54-r
1249 3524 1269 3589 8
1284 3525 1334 3591 vis
1349 3526 1439 3592 vocis
1455 3529 1537 3600 τέλος
1551 3529 1624 3615 phi-

260 3629 439 3711 lologorum
455 3628 558 3711 magis
569 3648 658 3694 more
670 3618 852 3711 explicatur
862 3625 1003 3690 Homero
1016 3623 1170 3708 Euripide
1189 3624 1322 3692 Cratino
1337 3627 1454 3714 citatis,
1469 3636 1536 3696 tum
1547 3632 1626 3717 upr-

261 3730 327 3796 curi
344 3729 491 3796 Platonis
506 3729 649 3796 Socratis
665 3728 812 3795 Platonis
828 3726 1037 3812 Pythagorae
1047 3727 1174 3792 Eudoxi
1192 3747 1233 3793 ex
1245 3727 1377 3795 Aristot.
1388 3729 1578 3799 Nicomach.
1590 3734 1623 3799 X

260 3831 292 3918 [2
307 3853 338 3916 p.
351 3834 452 3897 1172*
464 3829 495 3918 9]
512 3833 688 3898 Democriti
706 3831 874 3916 opiniones
893 3848 1042 3895 sermone
1057 3829 1153 3897 solito
1169 3831 1311 3914 eleganti
1318 3851 1374 3898 ore
1389 3833 1624 3920 disceptantur,

259 3940 295 3999 ut
311 3953 351 4000 ea
366 3953 494 4018 quoque
509 3934 552 4000 ab
568 3934 645 4000 Ario
662 3954 726 4000 uon
743 3932 926 4015 conscripta
940 3931 998 3996 sed
1013 3930 1179 4018 descripta
1201 3934 1382 4000 videantur.
1404 3955 1501 4019 porro
1517 3958 1544 4001 c.
1557 3940 1625 4023 περὶ

260 4037 380 4119 ἀγαθῶν
392 4038 440 4101 καὶ
452 4043 550 4101 κακῶν
567 4059 596 4121 p.
610 4036 737 4103 80-88
752 4033 861 4098 varias
873 4031 1077 4101 definitiones
1090 4036 1243 4120 continet,
1258 4038 1447 4116 nominatim
1459 4038 1627 4106 Stratonis

260 4139 407 4205 Platonis
422 4139 615 4206 Aristotelis.
639 4146 816 4207 extremum
840 4142 889 4201 est
912 4157 938 4201 c.
960 4138 985 4200 εἰ
1008 4144 1064 4202 πᾶν
1087 4142 1120 4203 τὸ
1142 4143 1230 4204 καλὸν
1254 4139 1290 4204 δι’
1318 4142 1390 4204 αὑτὸ
1413 4143 1526 4224 αἱρετόν
1549 4160 1624 4207 cum

260 4241 408 4308 Platonis
424 4248 457 4307 et
471 4241 654 4308 Aristotelis
670 4239 847 4307 sententiis.
871 4245 996 4304 tautum
1011 4261 1052 4306 ex
1067 4241 1181 4308 ethicis
1197 4243 1435 4327 prolegomenis
1448 4243 1625 4328 Stobaeus,

261 4365 338 4410 num
360 4347 455 4431 plura
477 4344 535 4409 illa
556 4342 860 4428 comprehenderint
882 4342 1051 4408 nescimus.

344 4447 496 4531 Sequitur
522 4447 626 4512 altera
659 4446 774 4529 ecloga
802 4465 842 4511 ex
869 4444 938 4509 Arii
964 4445 1112 4529 epitome.
1141 4446 1324 4513 inscribitur
1345 4469 1377 4532 p.
1394 4449 1435 4514 88
1458 4448 1626 4534 Ζήνωνος

259 4549 317 4612 καὶ
345 4556 412 4613 τῶν
439 4554 570 4613 λοιπῶν
594 4549 757 4613 Στωικῶν
779 4549 936 4630 δόγματα
957 4550 1035 4633 περὶ
1061 4555 1121 4613 τοῦ
1143 4551 1270 4634 ἠθικοῦ
1294 4549 1420 4635 μέρους
1443 4557 1505 4635 τῆς
1527 4555 1626 4636 φιλο-

259 4651 395 4736 σοφίας.
423 4652 492 4736 Περὶ
514 4653 547 4716 δέ
567 4657 626 4716 τῶν
650 4653 762 4737 ἠθικῶν
785 4651 851 4735 ἑξῆς
873 4654 1032 4736 ποιήσομαι
1054 4654 1104 4716 τόν
1127 4654 1397 4737 όπομνηματισμόν,
1417 4653 1455 4717 τὰ
1476 4656 1625 4739 κεφαλαια

259 4808 362 4816 ——-
369 4808 447 4815 ..ο-η
472 4810 660 4817 --—.....—-..-

331 4890 338 4922 ¹
358 4893 426 4944 hanc
444 4896 571 4946 rationem
589 4896 704 4960 sequitur
722 4894 798 4943 etiam
818 4893 943 4945 Seneca
961 4896 1034 4961 epist
1053 4893 1088 4947 89
1107 4903 1137 4947 14.
