3464 5586
245 319 309 382 330
699 319 801 368 ΑΕΤΙΙ
820 318 963 368 PLAO.11
976 314 992 367 3
1005 325 1064 364 ι-ι
1081 313 1098 367 4
1111 324 1131 367 1.
1143 324 1155 363 ο

371 383 1305 475 phua-AncflffWWffi
1319 413 1351 467 ιι
1366 427 1385 467 ι.
1398 427 1417 465 ι,
1433 426 1440 463 ι
1460 413 1518 466 ευι

331 560 551 646 Δημόκριτος
578 563 611 626 δὲ
633 563 681 626 καί
700 559 902 646 Ἐπίκουρος
921 573 937 626 2
999 559 1197 628 Λεύκιππος
1219 560 1251 622 δὲ
1273 561 1322 624 καί
1344 560 1566 644 Δημόκριτος

287 664 336 727 καί
359 663 422 727 ὅσοι
443 665 479 728 τὰ
494 664 589 750 ἄτομα
603 665 784 749 εἰσηγοῦνται
803 664 851 727 καὶ
865 665 899 727 τὸ
951 662 1000 725 καί
1030 659 1236 747 Ἐπίκουρος
1272 663 1409 748 ούδέτερα
1444 663 1564 737 τούτων,

288 766 388 844 κενόν,
422 765 483 830 οὔτ’
519 765 651 853 ἔμψυχον
684 765 752 831 υύτε
781 767 900 851 προνοίη
951 765 1036 849 φύσει
1058 765 1091 827 δὲ
1114 765 1213 849 ἀλόγῳ
1236 764 1270 828 ἐκ
1291 770 1349 829 τῶν
1369 766 1487 848 ἀτόμων
1501 786 1564 829 συν·

287 870 470 950 διοικεῖσθαι,
492 870 577 955 φύσει
600 869 633 933 δέ
655 892 708 932 τινι
729 869 837 954 ἀλόγῳ.
952 869 1075 930 εστῶτα.

916 973 933 1027 3
986 966 1180 1055 Ἔκφαντος
1208 971 1242 1035 έκ
1271 972 1324 1053 μὲν
1353 977 1412 1035 τῶν
1446 969 1599 1051 α’τόμωνυ

951 1074 1118 1138 συνεστάναι
1133 1074 1182 1135 τὸν
1198 1073 1318 1156 κόσμον,
1341 1072 1512 1138 διοικεῖσθαι
1532 1071 1565 1134 δὲ

953 1177 1010 1240 ὑπὸ
1033 1176 1179 1260 προνοίας.

266 1298 279 1335 υ
327 1275 573 1362 Ἀριστοτέλης
595 1274 651 1342 οὔτ’
679 1275 811 1362 ἔμψυχον
834 1275 936 1343 όλον4
992 1275 1234 1363 Ἀριστοτέλης
1256 1276 1323 1341 ούτε
1345 1276 1477 1364 ἔμψυχον
1497 1276 1564 1341 ὅλον

288 1379 320 1443 δι’
342 1381 411 1445 ὅλου
426 1381 494 1445 οὕτε
507 1383 622 1464 λογικὸν
638 1379 705 1444 οὔτε
720 1380 817 1464 νοερὸν
833 1376 900 1442 ούτε
951 1379 983 1444 δι’
1023 1381 1092 1444 ύλου
1126 1379 1194 1444 ούτε
1223 1381 1338 1463 λογικὸν
1370 1379 1437 1444 ούτε
1466 1379 1564 1465 νοερὸν

287 1485 407 1567 προνοίᾳ
441 1483 647 1566 διοικούμενον.
691 1484 727 1546 τὰ
761 1482 813 1564 μέν
846 1481 900 1566 γάρ
951 1482 1018 1547 ούτε
1047 1483 1168 1568 προνοίᾳ
1198 1483 1402 1565 διοικούμενον.
1441 1483 1478 1548 τὰ
1512 1483 1564 1565 μὲν
1576 1501 1600 1540 1⁰

287 1584 406 1669 οὐράνια
444 1587 553 1651 τούτων
591 1587 706 1650 πάντων
745 1588 900 1661 κοινωνεῖν,
950 1586 1004 1671 γάρ
1016 1585 1134 1671 οὐράνια
1146 1587 1260 1650 πάντων
1278 1584 1388 1648 τούτων
1408 1589 1565 1663 κοινωνεῖν,

288 1687 412 1772 σφαίρας
433 1689 487 1775 γάρ
510 1688 653 1774 περιέχειν
676 1688 826 1774 ἐμψύχους
852 1686 899 1750 καί
952 1687 1075 1773 σφαίρας
1097 1688 1152 1772 γάρ
1174 1687 1319 1773 περιέχειν
1343 1687 1493 1773 ἐμψύχους
1515 1687 1565 1750 καί

254 1809 277 1847 10
290 1793 424 1869 ζωτικάς,
446 1793 482 1856 τὰ
504 1793 537 1855 δὲ
559 1792 687 1876 περίγεια
710 1791 833 1874 μηθενὸς
850 1789 900 1852 αύ-
951 1792 1086 1867 ζωτικάς,
1106 1791 1142 1854 τὰ
1165 1792 1198 1854 δὲ
1219 1790 1347 1875 περίγεια
1370 1790 1494 1874 μηδενὸς
1516 1790 1565 1854 αύ·

287 1897 356 1972 τῶν,
373 1892 462 1978 τῆςθ
482 1895 612 1965 εὐταξίας
628 1893 899 1978 κατὰσυμβεβηκός
951 1896 1026 1970 τῶν,
1048 1897 1101 1977 τῆς
1124 1891 1145 1956 δ’
1173 1892 1304 1962 εὐταξίας
1327 1892 1401 1957 κατὰ
1423 1893 1565 1977 συμβεβη-

288 1996 322 2059 ού
345 1997 569 2081 προηγουμένως
593 1997 736 2082 μετέχειν.
951 1995 1001 2064 κὸς
1023 1994 1057 2058 ού
1080 1995 1304 2080 προηγουμένως
1327 1993 1470 2080 μετέχειν.
1573 2013 1597 2052 ιο

288 2171 314 2246 θ’.
341 2183 382 2248 Εἰ
397 2184 576 2269 ἄφθαρτος
593 2187 608 2248 ό
624 2183 763 2264 κόσμος·
790 2192 859 2245 647

290 2309 376 2358 EXV
391 2304 425 2358 35
438 2316 496 2353 1-4

253 2410 277 2448 ιο
333 2391 543 2476 Πυθαγόρας
565 2392 613 2454 καὶ
635 2391 780 2457 Πλάτων
803 2390 851 2452 καί
873 2391 931 2461 οἱ]
998 2392 1208 2477 Πυθαγόρας
1240 2394 1312 2476 φησί
1344 2394 1461 2475 γενητὸν
1496 2392 1559 2455 κατ’

288 2493 438 2557 Στωικοὶ
465 2495 583 2577 γενητὸν
606 2495 663 2557 ὑπὸ
687 2495 758 2557 θεοῦ
784 2494 833 2555 τὸν
856 2493 902 2556 κό-
955 2496 1081 2559 ἐπίνοιαν
1103 2497 1152 2559 τὸν
1167 2495 1286 2577 κόσμον,
1310 2495 1343 2557 ού
1360 2494 1564 2579 κατὰχρόνον.

287 2618 369 2679 σμον.
403 2600 451 2661 καὶ
473 2598 603 2683 φθαρτὸν
626 2596 678 2678 μὲν
701 2596 768 2659 όσον
791 2596 838 2658 ἐπὶ
860 2600 934 2677 τῇῖ
996 2598 1141 2663 Πλάτων
1164 2598 1294 2682 φθαρτὸν
1317 2598 1369 2680 μὲν
1390 2599 1438 2660 τὸν
1454 2599 1563 2680 κόσμον

278 2830 289 2881 1
306 2827 332 2880 δὲ
342 2832 420 2881 οωΕ
434 2827 446 2897 Ιψ
459 2826 591 2884 θόλουῦι
602 2824 669 2879 ὅλων
679 2830 767 2894 cyrill.
776 2830 872 2881 EABG
887 2827 899 2893 ψ
989 2819 1005 2871 7
1024 2818 1073 2872 ἀπὸ
1091 2825 1130 2873 A:
1150 2842 1214 2876 corr.
1234 2827 1291 2875 eod.
1311 2827 1413 2889 August

244 2927 302 2982 post
319 2913 386 2968 όλων
404 2919 502 2968 addunt
514 2913 571 2967 ούτε
584 2914 635 2984 μὴν
648 2912 794 2986 αἰσθητικόν
807 2918 902 2970 GABC
992 2907 1024 2959 13
1048 2909 1143 2968 (th
1165 2914 1198 2962 Ft
1227 2911 1348 2972 (Wobc
1379 2913 1412 2963 C:
1440 2930 1505 2964 corr.
1533 2916 1607 2964 codd.

245 3007 276 3056 cf.
297 3007 328 3069 G,
348 3022 414 3070 quae
433 3007 519 3056 om.E
540 3006 628 3070 Cyrill.
647 3006 677 3054 cf.
701 3006 772 3055 Prol.
794 3023 820 3072 p.
837 3005 867 3059 16
888 3003 902 3072 ψΙ
956 2996 1040 3047 Vatic-
1059 3007 1085 3046 θλ
1103 3001 1172 3066 Aug·

245 3087 901 3158 θπάντωνΕίὶΟγιί11.ιο”ιπάντωνΑΒοΗΙῖκοι-
991 3082 1022 3133 17
1041 3089 1156 3149 Sequitur
1175 3090 1202 3139 ΙΙ
1223 3088 1261 3138 11
1280 3084 1306 3144 ὃς
1324 3087 1368 3137 καὶ
1391 3116 1411 3122 -
1429 3085 1535 3150 τάξεως,
1555 3099 1609 3138 tum

245 3182 356 3230 νωνιῖΕ
377 3177 391 3246 ΙΙ
414 3179 445 3232 15
465 3175 612 3247 Πυθαγόρας
630 3176 673 3228 καί
691 3174 799 3230 Πλάτων
818 3179 861 3229 καὶ
879 3178 902 3229 οί
954 3169 969 3221 6
984 3179 996 3216 ‘2
1014 3167 1135 3238 ἄρξασθαι
1149 3202 1181 3211 -
1196 3173 1331 3244 στοιχείου,
1354 3185 1408 3225 tum
1427 3174 1443 3226 ύ
1460 3185 1472 3221 υ
1489 3173 1607 3224 πέντε-

245 3261 354 3317 Στωικοὶ
371 3267 415 3318 καί
433 3270 468 3317 E:
488 3262 635 3335 Πυθαγόρας
653 3266 697 3317 καὶ
710 3262 817 3318 Πλάτων
835 3275 861 3316 ει
878 3265 901 3316 οἱ
952 3260 1057 3323 σφαῖραν

245 3349 354 3405 Στωικοὶ
364 3367 421 3419 post
429 3349 572 3422 Ἐπίκουρος
585 3353 599 3417 ξ
610 3352 642 3404 10
655 3355 690 3405 G:
702 3349 848 3423 Πυθαγόρας
858 3354 901 3405 καὶ

245 3439 266 3490 οί
281 3437 389 3491 Στωικοί
402 3441 445 3491 καὶ
459 3442 561 3504 cyrilla
576 3435 723 3510 Πυθαγόρας
736 3440 814 3491 καλοί
827 3455 899 3492 στωι-

244 3527 285 3577 κοί
297 3528 382 3578 ABC:
402 3530 479 3592 vulgo
499 3522 645 3595 Πυθαγόρας
662 3527 705 3577 καὶ
720 3523 835 3580 Πλάτων,
861 3533 898 3578 vi·

244 3615 318 3663 detur
336 3619 362 3664 in
383 3618 497 3680 margine
519 3617 598 3666 fuisso
622 3612 665 3664 καί
684 3609 791 3666 Πλάτων
809 3615 853 3666 καὶ
876 3615 899 3666 οί

243 3696 352 3751 Στωικοί
371 3705 402 3752 cs.
422 3705 491 3754 Ptol.
512 3721 536 3768 p.
550 3703 592 3754 ll.
614 3703 647 3757 64

359 3818 365 3820 ἡ
381 3817 459 3822 -ᾑ-
514 3818 517 3822 ⁴
644 3817 894 3824 --—--—-——————
952 3828 1345 3835 ———-——---=---——--—
1353 3826 1587 3834 ἀ’-πῄ,-

244 3874 471 3926 TESTIMONIA
491 3876 700 3927 PLUTARCHI
950 3886 1119 3937 ALIORUM
1137 3887 1187 3935 EX
1208 3886 1319 3935 AETIO
1340 3885 1537 3934 EXCERPTA

278 3965 898 4038 32θγῐίΠ.λούημύκριτοςθὲκαλἘπί·
986 3979 1002 4030 2
1033 3975 1196 4034 Theodora
1218 3982 1257 4029 lv
1283 3979 1313 4031 16
1344 3978 1367 4028 οί
1398 3977 1423 4030 δέ
1455 3977 1610 4028 παντάπασιν

244 4073 355 4124 κουρος
377 4058 420 4108 καὶ
442 4054 493 4107 ὅσοι
516 4057 547 4107 τά
575 4057 656 4124 άτομα
679 4058 833 4127 εἰσηγοῦνται
857 4059 901 4110 καί
952 4066 1059 4136 ἄψυχον.

243 4143 271 4194 τὸ
282 4144 352 4195 κενὸν
365 4142 422 4195 οὔτε
435 4144 549 4214 ἔμψυχον
559 4142 616 4196 ούτε
631 4146 733 4214 προνοίᾳ
746 4144 899 4209 διοικεῖσθαι,
986 4151 1004 4206 4
1025 4154 1117 4205 1-12
1136 4151 1211 4209 Idem
1233 4158 1249 4204 1.
1269 4172 1290 4204 c,
1314 4155 1357 4205 καὶ
1376 4155 1397 4204 οἱ
1417 4154 1461 4220 μὲν
1480 4150 1534 4203 κατ’
1556 4152 1608 4202 ἐπί-

244 4229 313 4299 φῦῦῑῐ
332 4230 357 4282 δέ
376 4249 422 4282 w!
440 4231 530 4300 ἀλόγῳ·
951 4260 1018 4294 νοιαν
1037 4241 1146 4310 γενητόν,
1165 4240 1194 4292 οὺ
1211 4241 1276 4292 κατὰ
1291 4241 1386 4310 χρόνον,
1406 4241 1428 4290 οἰ
1447 4240 1471 4290 δὲ
1490 4241 1609 4307 ἀγένητον

279 4321 296 4371 4
315 4318 390 4375 {dem
408 4325 424 4371 1.
440 4337 460 4369 ο.
479 4315 690 4388 Ἀριστοτέλης
710 4319 764 4372 ούτΙ
786 4320 900 4389 ἔμψυχον

244 4403 302 4455 ύλον
324 4404 356 4456 δι’
382 4404 448 4456 ὅλοιν
471 4403 528 4457 ούτε
550 4405 650 4475 λογικὸν
668 4405 725 4459 ούτε
743 4407 826 4477 νοερὸν
843 4405 900 4459 ούτε

244 4493 345 4561 προνοίᾳ
364 4493 539 4563 διοικούμενον.
559 4496 590 4545 τὰ
609 4495 712 4563 μὲνγὰρ
726 4493 825 4563 υύράνια
845 4494 899 4547 τού-

244 4598 295 4630 των
315 4580 431 4631 άπάντων
450 4589 585 4645 κοινωνεῖν,
605 4582 707 4649 σφαίρας
720 4582 765 4650 γὰρ
779 4582 900 4650 περιέχειν

245 4665 372 4736 ἐμψύχους
390 4670 433 4720 καί
452 4670 571 4732 ζωτικάς,
595 4669 626 4720 τά
648 4668 676 4719 δὲ
699 4669 805 4738 περίγεια
825 4669 900 4740 μηδε-

244 4753 284 4812 νὸς
303 4753 399 4817 αὐτῶν,
417 4761 463 4825 τῆς
481 4756 506 4807 δέ
526 4754 639 4815 εύταΕίας
657 4757 723 4807 κατὰ
744 4757 901 4827 συμβεβηκὸς

244 4841 274 4892 ου
295 4844 488 4910 προηγουμένως
507 4844 626 4910 μετέχειν.

281 4927 298 4983 4
321 4932 334 4980 l
360 4928 434 4985 Idem
458 4934 474 4981 Ι.
494 4949 514 4981 ι’..
537 4930 673 4997 [ρυειθο]
699 4931 742 4981 καὶ
765 4931 837 4982 ταυτί
856 4932 901 5000 μὲν
