3442 5588
435 322 693 376 THEOPHBASTI
711 324 851 376 PHYSIC.
870 324 1031 376 OPINION.
1050 324 1102 374 ΓΒ.
1119 320 1150 374 12
1411 321 1475 387 489

112 492 143 557 ἐν
165 499 202 576 τῇ
226 501 266 577 γῇ
288 496 420 578 πυρῶδες
442 493 504 556 ἀνω
525 500 563 576 τῇ
586 497 638 557 τοῦ
660 494 750 576 πυρὸς
772 491 927 576 ἐλαύνηται
941 499 1050 578 φυσικῇ
1067 496 1196 575 δυνάμει,
1219 495 1291 578 πρός
1306 494 1354 557 τόν
1370 492 1476 557 οίκεῖον

111 596 199 660 τόπον
221 597 340 683 στείχει,
363 596 416 659 κάν
438 619 513 665 τινος
534 596 658 680 λάβηται
679 596 817 680 βραχείας
838 595 993 681 ἀναπνοῆς,
1016 594 1078 658 οῖνω
1101 597 1153 679 μὲν
1174 595 1344 680 συνανασπᾷ
1365 597 1477 680 πολλὴν

112 703 164 781 τῆς
189 700 316 780 γεώδους
349 699 463 776 οὐσίας,
497 700 569 783 όσην
602 698 637 761 ἀν
660 697 722 762 οίόν
755 695 783 760 τ’
810 695 849 780 ᾖ,
881 695 937 768 ἔξω
959 696 985 762 δ’
1013 698 1211 782 ἐπιγενόμενον
1233 700 1350 785 φέρεται
1377 699 1478 784 βραδύ·

111 823 203 885 τερον,
226 825 245 884 η
273 803 306 866 δὲ
328 802 415 887 μέχρι
440 804 550 877 πολλοῦ
579 800 793 884 συμπαρελθεῖν
815 801 969 885 βιασθεῖσα
994 803 1066 886 πρδς
1093 805 1233 887 μήκιστον
1261 799 1376 887 ἀρθεῖσ’
1406 802 1477 887 ύψος

112 903 260 967 στέλλεται
282 904 485 988 κορυφουμένη
508 904 557 967 καί
579 904 650 987 πρδς
673 901 767 972 όέεῖαν
789 902 967 987 ἀποτελευτᾷ
990 906 1119 990 κορυφὴν
1141 907 1174 970 τὸ
1197 906 1286 990 πυρός
1309 910 1413 990 σχῆμα
1433 927 1506 985 μοι

111 1005 252 1088 μουμένη.
290 1008 396 1089 γίνεται
418 1007 472 1091 γὰρ
494 1010 545 1070 τοῦ
568 1006 749 1091 κουφοτάτου
771 1005 819 1069 καί
842 1005 1003 1090 βαρυτάτου
1024 1008 1100 1083 τότε,
1121 1012 1180 1071 τῶν
1195 1008 1280 1092 φύσει
1300 1008 1474 1087 ἀντιπάλων,

111 1108 253 1189 ἀναγκαία
280 1110 481 1194 συρραέάντων
508 1110 642 1193 διαμάχη
675 1109 747 1193 πρός
772 1109 826 1193 τὴν
853 1108 962 1172 οίκείαν
994 1110 1132 1194 ἑκατέρου
1161 1113 1262 1195 χώραν
1288 1110 1476 1193 ἐπειγομένου

112 1209 160 1272 καὶ
177 1211 249 1293 πρὸς
264 1210 298 1273 τὸ
315 1212 484 1297 βιαζόμενον
499 1212 714 1281 ἀντιτείνοντος·
737 1212 771 1274 τό
787 1211 839 1294 μέν
851 1212 888 1296 δὴ
911 1215 969 1295 πῦρ
986 1211 1162 1276 συνανέλκον
1177 1211 1255 1295 <τὴν>
1270 1217 1323 1294 γῆν
1346 1215 1403 1277 ὑπὸ
1425 1218 1476 1278 τοῦ

112 1313 177 1395 περὶ
192 1313 283 1398 αὐτὴν
298 1318 449 1378 νευστικοδ
467 1313 575 1399 βρίθειν
591 1315 791 1397 ἀναγκάζεται,
814 1316 833 1398 ἠ
850 1314 883 1377 δέ
897 1319 934 1398 γῆ
950 1315 1110 1378 κατωτάτω
1125 1315 1338 1378 ταλαντεύουσα
1358 1318 1402 1401 τῷ
1424 1321 1476 1380 τοῦ

113 1416 203 1498 πυρὸς
226 1417 382 1502 ἀνωφοίτιρ
405 1417 704 1500 συνεπελαφρισθεῖσα
727 1416 872 1501 μετέωρος
893 1416 1035 1501 ἐξαίρεται
1056 1417 1105 1480 καὶ
1120 1419 1300 1500 κρατηθεῖσα
1315 1418 1397 1499 μόλις
1414 1419 1471 1483 ύπδ
1494 1448 1517 1486 ιο

110 1518 310 1602 δυνατωρέρας
335 1524 387 1602 τῆς
409 1519 653 1604 ἐπικουφιζούσης
680 1519 782 1605 ἰσχύος
808 1519 869 1582 ἀνω
892 1520 963 1604 πρός
984 1521 1037 1604 τὴν
1060 1523 1111 1582 τοῦ
1133 1521 1223 1603 πυρὸς
1245 1519 1330 1603 ἕδραν
1353 1520 1476 1585 ὠθεῖται

110 1621 286 1685 κάνίσταται.
323 1622 352 1683 τί
366 1619 416 1684 οὖν
440 1620 620 1702 θαυμαστόν,
642 1622 668 1685 εί
692 1623 733 1707 μὴ
755 1622 791 1685 τά
817 1621 871 1707 ύρη
893 1627 956 1691 ταῖς
978 1628 1037 1685 τῶν
1060 1623 1151 1686 ὑετῶν
1174 1626 1276 1705 φοραῖς
1298 1621 1476 1707 ἐξανήλωται

110 1727 163 1805 τῆς
186 1722 364 1808 συνεχούσης
379 1724 453 1787 αὐτὰ
476 1725 636 1806 δυνάμεως,
659 1723 707 1809 ὑφ’
728 1725 765 1808 ἧς
787 1725 835 1788 καί
858 1725 1032 1789 διανίσταται
1049 1726 1127 1807 μάλα
1142 1725 1253 1807 παγίως
1268 1725 1315 1788 καί
1332 1731 1476 1809 κραταιῶς

110 1825 331 1909 ἐνειλημμένης;
354 1826 492 1896 λυθέντος
514 1827 568 1912 γάρ
591 1829 699 1908 δεσμοῦ
721 1831 772 1890 τοῦ
795 1827 966 1913 συνέχοντος
987 1828 1065 1897 εἰκός
1087 1826 1122 1912 ἦν
1142 1828 1314 1910 διαλυθῆναι
1339 1829 1475 1913 καὶπρὸς

111 1927 215 1997 ὕδατος
238 1927 447 2011 σκεδασθῆναι,
470 1931 589 2010 δυνάμει
611 1929 644 1992 δέ
666 1930 842 2014 σφιγγόμενα
864 1930 904 2012 τη”
924 1935 976 1994 τοῦ
998 1932 1088 2014 πυρὸς
1110 1933 1320 2013 στεγανώτερον
1336 1931 1409 2015 πρὸς
1423 1931 1474 2002 τάς
1493 1959 1517 1999 ιι

109 2034 168 2092 τῶν
197 2031 291 2093 ὑετῶν
315 2031 407 2115 φοράς
437 2030 579 2116 ἀντέχειν.
617 2035 708 2096 ταῦτα
735 2032 787 2115 μέν
812 2030 863 2095 ούν
891 2035 961 2116 ἡμῖν
987 2032 1124 2117 λελέχθω
1150 2032 1215 2115 περί
1242 2036 1293 2095 τοῦ
1321 2033 1373 2115 τὴν
1401 2033 1473 2096 ἀνω-

111 2133 217 2214 μαλίαν
240 2137 293 2217 τῆς
314 2137 367 2216 γῆς
389 2132 484 2197 πίστιν
507 2133 561 2197 ούκ
582 2132 656 2198 εἶναι
677 2134 816 2218 γενέσεως
838 2136 886 2198 καί
908 2135 1022 2220 φθορᾶς
1044 2134 1165 2217 κόσμου.

197 2233 274 2319 Πρός
297 2235 330 2298 δέ
352 2236 385 2299 τδ
409 2237 467 2299 άπδ
490 2240 543 2320 τῆς
565 2239 716 2318 μειώσεως
737 2241 790 2321 τῆς
813 2237 964 2321 θαλάσσης
986 2236 1174 2321 ἐπιχειρηθέν
1190 2236 1284 2300 ἐκεῖνο
1300 2238 1423 2308 δεόντως
1439 2238 1525 2306 ἀν26

109 2335 238 2418 λέγοιτο·
267 2339 308 2422 μὴ
330 2338 381 2408 τάς
404 2334 588 2425 ἀνασχούσας
609 2341 715 2423 νήσους
737 2340 809 2405 αὐτὸ
832 2340 919 2423 μόνον
940 2341 986 2404 ἀεὶ
1009 2336 1077 2422 μηδ’
1097 2337 1128 2401 εί
1145 2361 1217 2408 τινες
1232 2340 1377 2421 ἀποτομαὶ
1392 2365 1477 2405 κατα-

109 2440 283 2521 κλυζόμεναι
320 2447 381 2512 τοῖς
425 2443 514 2506 παλαι
552 2441 669 2527 χρόνοις
709 2440 795 2512 αὖθις
831 2442 1055 2528 ηπειρώθησαν,
1099 2447 1242 2505 σκοπεῖτε.
1291 2446 1476 2527 φυσιολογίας
1494 2473 1518 2512 :o

108 2541 164 2625 γάρ
186 2543 342 2607 ἀντίπαλον
364 2546 523 2630 φιλονεικία
545 2544 721 2629 τριπόθητον
744 2546 906 2629 ἡγουμένης
929 2545 1070 2628 ἀλήθειαν
1093 2544 1266 2628 ίχνηλατεῖν.
1300 2546 1376 2609 ἀλλὰ
1390 2549 1475 2610 πολυ·

109 2650 301 2728 πραγμονεῖτε
328 2648 376 2710 καί
401 2647 581 2725 τούναντίον,
609 2648 675 2711 όσαι
698 2649 750 2730 μὲν
773 2649 803 2713 ἐν
825 2651 955 2734 ἠπείροις
976 2647 1011 2711 ού
1033 2648 1169 2732 παράλιοι
1197 2648 1299 2729 μόνον,
1328 2648 1403 2711 ἀλλὰ
1429 2649 1477 2712 καί

110 2747 257 2829 μεσόγειον
280 2752 378 2832 μοῖραι
401 2750 622 2834 κατεπόθησαν,
652 2751 707 2833 ὅση
733 2752 766 2814 δὲ
793 2752 900 2836 χέρσος
928 2749 1150 2814 θαλαττωθεῖσα
1173 2751 1358 2835 μυριοφόροις
1378 2752 1476 2815 ναυσὶν

111 2849 272 2931 ἐμπλεῖται.
310 2850 357 2936 <ἧ>
384 2853 436 2936 τὴν
468 2853 533 2936 περὶ
561 2854 609 2916 τὸν
642 2855 797 2937 ἱερώτατον
825 2853 974 2917 Σικελικὸν
1007 2851 1140 2936 πορθμὸν
1174 2849 1318 2936 ᾀδομένην
1352 2854 1477 2938 ἱστορίαν

112 2953 257 3034 άγνοεῖτε;
273 2955 307 3017 τό
322 2952 403 3038 <μέν>
417 2956 539 3018 παλαιὸν
555 2955 618 3039 (ἦν)
632 2955 750 3040 ἤπειρος
761 2953 866 3040 Ἰταλίᾳ
881 2954 999 3020 Σικελία
1013 2955 1207 3032 συνάπτουσα,
1223 2957 1354 3039 μεγάλων
1371 2956 1404 3019 δέ
1418 2963 1476 3019 τῶν
1494 2987 1519 3025 ος

109 3053 180 3139 παρ’
208 3056 332 3141 ἑκάτερα
357 3059 491 3140 πελαγῶν
523 3060 625 3143 βιαίοις
652 3059 809 3141 πνεύμασιν
836 3058 865 3128 ἐξ
893 3057 1021 3126 ἐναντίας
1048 3056 1264 3141 ἐπιδραμόντων
1293 3060 1312 3142 ἡ
1341 3059 1477 3144 μεθόριος

110 3158 280 3244 ἐπεκλύσθη
303 3161 351 3224 καί
379 3161 537 3246 ἀνερράγη,
570 3159 638 3246 παρ’
667 3162 701 3245 ἢν
724 3162 772 3225 καί
795 3160 878 3229 πόλις
899 3159 1053 3242 ἐπώνυμος
1074 3164 1125 3222 τοῦ
1147 3160 1262 3231 πάθους
1279 3158 1396 3245 Ῥήγιον
1418 3186 1475 3226 κτι-

109 3261 207 3326 σθεῖσ’
241 3264 413 3347 ὠνομάσθη.
451 3265 500 3326 καὶ
522 3263 684 3328 τούναντίον
713 3263 748 3327 οὔ
774 3263 988 3348 προσεδόκησεν
1017 3261 1052 3326 ἀν
1079 3285 1121 3331 τις
1147 3263 1254 3347 ἀπέβη.
1290 3266 1473 3349 συνεζεύχθη

109 3367 163 3446 μέν
185 3366 240 3449 γάρ
262 3368 298 3431 τὰ
325 3366 399 3436 τέως
422 3368 563 3430 διεστῶτα
584 3370 695 3451 πελάγη
718 3366 792 3430 κατά
813 3366 866 3450 τὴν
892 3365 1026 3450 σύρρυσιν
1049 3364 1211 3439 ένωθέντα,
1241 3367 1259 3449 ἡ
1283 3363 1309 3427 δ’
1337 3367 1474 3451 ἡνωμένη

107 3473 146 3551 γῆ
170 3465 215 3553 tq?
238 3468 370 3553 μεθορίῳ
392 3470 521 3555 πορθμιγῖ
543 3470 712 3555 διείεύχθη,
734 3469 802 3552 παρ’
831 3469 863 3532 ὃν
885 3467 1005 3553 ἤπειρος
1026 3465 1100 3531 ούσα
1115 3466 1233 3537 Σικελία
1247 3472 1335 3551 νῆσος
1349 3469 1475 3554 ἐβιάσθη
1494 3482 1519 3520 ³⁰

110 3641 121 3692 l
146 3639 200 3692 ἅνω
221 3658 253 3692 a:
273 3638 371 3694 ἀνωθεν
393 3645 422 3693 Μ
442 3639 455 3709 11
474 3641 490 3695 2
509 3641 605 3712 πολλὴν
626 3646 684 3694 aM:
705 3639 768 3694 πολύ
819 3657 848 3689 a:
877 3656 942 3690 corr.
965 3640 1080 3707 Bemnys
1112 3636 1124 3707 ίί
1154 3637 1188 3691 20
1215 3642 1266 3698 τοῖς
1288 3638 1364 3693 πάλαι
1387 3659 1416 3692 a:
1446 3639 1476 3693 τὸ

108 3731 188 3793 vulgo
210 3726 222 3791 β
243 3727 386 3798 δόσηνΜτ
405 3727 492 3781 όσονα
513 3727 526 3797 λγ
547 3728 577 3782 ἀν
595 3749 624 3782 a:
644 3728 673 3782 ἀν
692 3729 767 3782 είΜι
819 3723 895 3776 πάλαι
917 3728 947 3777 Μ
965 3730 1043 3793 vulgo
1063 3723 1077 3795 ΙΙ
1097 3733 1198 3779 σκοπεῖν
1217 3727 1266 3797 χρή
1284 3747 1300 3778 α
1321 3727 1334 3797 λγ
1355 3728 1386 3781 21
1408 3727 1476 3797 φιλο·

108 3815 139 3867 ἃν
166 3816 204 3868 ἀεὶ
231 3818 345 3883 Βοῃιομο
376 3815 388 3885 Η
417 3815 448 3886 ἦν
478 3821 507 3870 Μ
533 3815 546 3885 β
574 3816 591 3887 η
620 3814 644 3868 δ’
675 3813 769 3876 [ἕωθεν
819 3812 910 3871 νεικίας
928 3816 956 3865 Μ
979 3807 991 3882 Η
1013 3811 1187 3883 ίχνηλατήσειν
1206 3833 1221 3863 α
1243 3812 1255 3880 ξί
1281 3814 1315 3866 ‘22
1335 3814 1475 3885 πολυπραγ-

108 3906 226 3971 Βετιιυμε
242 3902 255 3971 Ιί
270 3903 439 3973 ἐπιγενόμενον
448 3908 507 3956 οΜι
521 3904 692 3974 ἐπιγενομένου
702 3905 768 3956 Βυε-
821 3906 931 3968 μαντίτατ
959 3919 987 3952 a:
1021 3899 1233 3969 πολυπραγμονεῖν
1261 3902 1312 3954 ἐστι
1339 3907 1382 3955 Μι
1410 3922 1476 3956 corr.

108 3994 198 4043 cheler
217 3997 308 4044 ceteris
323 3997 431 4045 servatis
451 3992 462 4060 λλ
478 3990 595 4061 φέρεσθαι
614 3991 770 4061 βραχυτέραν
822 3991 943 4055 Μεινμεμ.
978 3985 1203 4057 πολυπραγμονεῖτ’
1233 3988 1269 4041 ἐτι
1297 3991 1442 4044 Buecheler
1463 3989 1475 4059 Η

107 4082 170 4130 cM:
185 4099 250 4132 corr.
264 4081 379 4147 Bemays
392 4078 458 4148 ἷ14ίμ
473 4079 499 4131 δέ
517 4083 605 4145 scripsi
619 4097 654 4130 sc.
673 4077 769 4148 γεώδης
821 4074 855 4129 23
874 4082 957 4145 μοῖραι
975 4093 1004 4126 ατ
1024 4080 1112 4144 μοῖρας
1124 4080 1153 4128 Μ
1173 4074 1187 4143 Η
1208 4076 1242 4129 24
1260 4075 1306 4145 τὴν
1325 4077 1380 4145 περὶ
1399 4081 1440 4130 Μ;
1460 4077 1477 4147 ἡ

108 4163 193 4217 ούσίαι
217 4164 233 4235 ἡ
252 4167 296 4218 καὶ
316 4170 357 4218 M:
376 4165 393 4235 ἡ
413 4169 474 4231 (om.
494 4167 547 4229 καὶ)
567 4185 583 4216 α
604 4164 616 4234 γλ
637 4166 653 4219 5
672 4163 768 4218 στέλλι-
820 4163 875 4232 περὶ
889 4181 918 4215 a:
938 4180 1004 4228 quae
1023 4167 1147 4216 coniunxi
1165 4167 1278 4217 scribens
1296 4162 1312 4233 ἦ
1329 4164 1376 4233 τὴν
1393 4166 1448 4233 περὶ
1462 4162 1476 4231 Ιί

108 4270 149 4304 ται
179 4257 220 4304 M:
244 4252 402 4306 συστέλλεται
430 4273 446 4304 a
481 4255 483 4319 ί
511 4253 684 4322 κορυφουμένη
707 4255 766 4304 αΜτ
819 4254 928 4303 tortasse
945 4247 1078 4320 εύρύτατον
1104 4249 1116 4319 λλ
1137 4251 1171 4304 24
1190 4249 1299 4321 ᾀδομένη
1319 4252 1442 4321 ίστορίαα
1463 4250 1476 4320 Η

109 4338 335 4410 άποκορυφουμένη
360 4345 446 4407 vulgo.
477 4358 509 4392 an
533 4343 688 4392 delendum?
713 4338 726 4407 λλ
750 4340 767 4393 7
820 4336 854 4390 25
886 4337 1008 4406 ἀγνοεῖται
1041 4343 1099 4409 παρ’
1132 4337 1229 4398 ούδινὸς
1260 4346 1312 4392 τῶν
1339 4338 1477 4408 ίλλογίμων

109 4424 352 4495 συρραξάντωνυΜτ
368 4426 541 4497 συρρηξάντων
555 4431 633 4493 vulgo
650 4426 662 4491 ί
678 4425 768 4496 θπρθς
819 4429 959 4492 interpolat
970 4445 988 4476 α
1009 4424 1021 4492 Η
1041 4425 1070 4479 τό
1088 4425 1193 4479 παλαιὸν
1204 4426 1299 4495 ἠπείρῳ
1311 4431 1401 4494 vulgo:
1421 4445 1477 4479 cor-

108 4512 137 4565 τὸ
165 4513 308 4582 βιαζόμενον
336 4519 427 4580 vulgo:
455 4514 484 4567 τὸ
513 4514 657 4582 βιαζόμενον
679 4516 725 4566 αΜ
750 4508 766 4583 ΙΙ
820 4516 875 4564 rexi
894 4517 924 4564 cf.
947 4532 973 4580 p.
985 4515 1047 4575 486,
1059 4514 1105 4568 18.
1125 4512 1153 4566 τὸ
1172 4512 1249 4566 πάλαι
1267 4515 1311 4582 μέν
1329 4513 1361 4583 ἠν
1378 4514 1478 4584 ἤπειρος

107 4600 155 4669 τὴν
167 4604 256 4654 addidi
277 4600 289 4668 ΙΙ
313 4601 344 4654 12
357 4602 401 4653 καί
412 4599 510 4654 ίσταται
528 4606 620 4667 vulgo:
634 4605 734 4654 correxi
751 4600 764 4670 Η
819 4605 966 4666 praeiverat
976 4602 1121 4653 Buecheler
1140 4602 1152 4670 Η
1173 4599 1289 4654 Σικελίαν
1307 4605 1399 4668 vulgo:
1419 4619 1476 4654 eor·

108 4694 162 4747 ταῖς
188 4695 240 4741 τών
272 4707 301 4741 a:
333 4694 386 4740 τών
413 4691 442 4741 Μ
468 4687 480 4755 ίί
513 4689 546 4742 14
581 4685 699 4748 λυθέντας
734 4708 765 4742 a:
819 4691 874 4740 rexi
892 4691 923 4740 σί.
937 4708 961 4739 v.
974 4687 1018 4742 30.
1037 4692 1154 4755 positura
1172 4692 1258 4742 hiatu:
1271 4686 1372 4742 Σικελία
1385 4685 1477 4758 Ἰταλίᾳ

107 4773 215 4828 λυθέντα
228 4780 257 4830 Μ
277 4774 289 4843 Η
314 4775 345 4829 15
358 4775 540 4846 στεγανώτερον
553 4796 581 4829 αι
595 4775 767 4845 στιγανώτιρα
817 4779 912 4828 vitatur
932 4773 945 4844 Η
965 4775 1000 4830 25
1019 4777 1175 4829 συνάπτουσα
1192 4780 1236 4829 Μι
1256 4777 1432 4846 προσάπτουσα
1445 4793 1474 4828 a:

108 4864 137 4914 Μ
152 4862 165 4928 ΙΙ
182 4863 214 4916 16
235 4863 346 4931 ἀντέχειν
359 4880 389 4912 οι
409 4863 507 4932 ἀντέχει
520 4867 548 4916 Μ
568 4862 582 4931 Ιγ
606 4864 636 4916 19
649 4863 724 4930 μόνον
746 4863 767 4916 τί
819 4864 988 4916 συνάπτουσαν
1007 4868 1084 4931 vulgo
1104 4863 1118 4932 ΙΙ
1143 4865 1177 4920 28
1195 4863 1225 4917 οὗ
1244 4868 1304 4917 αΜι
1324 4863 1341 4933 ᾖ
1360 4867 1439 4930 vulgo
1460 4860 1474 4929 Η

108 4948 173 5018 μηδέ
189 4967 252 5009 τινες
264 4954 305 5004 Μι
326 4949 401 5018 μόνον
414 4948 477 5002 ἀλλά
493 4949 536 5000 καὶ
552 4949 573 5001 εί
590 4947 647 5019 μηδ’
667 4951 691 5003 εί
704 4968 767 5010 τινες
818 4950 852 5003 ‘25
870 4950 952 5021 ἀπέβη
965 4971 994 5003 αι
1015 4951 1093 5023 ἐπέβη
1106 4956 1135 5006 Μ
