3442 5588
625 359 903 414 enonneounns
1378 361 1438 426 lli

167 526 278 594 Sotic
303 525 558 610 Alexandrinus,
583 525 722 592 fortasse
746 527 981 611 Peripateticus
1002 525 1144 614 [Hecker
1166 529 1281 595 Philol.
1304 531 1440 621 114321,

79 626 162 693 uiuit
187 628 273 696 inter
295 629 513 714 Ohrysippum
539 648 635 712 quem
660 628 752 694 norit
778 634 811 694 et
832 629 1037 698 Heraclidem
1063 631 1220 697 Lemhum
1252 635 1440 704 Ptolemaeo

80 729 295 799 Philometori
309 733 491 816 aequalem,
506 731 561 815 qui
576 731 691 797 librum
708 730 777 797 eins
791 730 826 795 in
841 733 1005 815 epitomen
1018 732 1152 816 redegit.
1178 734 1299 818 primns
1314 741 1441 825 scripsit

80 834 224 920 διαδοχὴν
238 841 298 899 τῶν
314 835 483 922 φιλοσόφον
505 833 613 918 [Diog.
629 835 661 899 Π
678 831 730 920 12]
753 841 785 899 et
799 833 842 898 ad
857 832 943 899 hanc
957 833 1151 900 succedendi
1165 837 1324 905 rationem
1339 843 1442 908 maior

82 952 160 1019 pars
181 934 435 1020 fragmentorum
457 936 606 1021 pertinet
639 956 705 1002 non
728 943 777 1003 est
798 935 893 1002 huius
915 936 978 1002 loci
998 937 1040 1003 de
1055 936 1196 1003 Sotionis
1210 939 1292 1005 libro
1308 941 1442 1026 diligen·

80 1035 147 1103 tius
167 1056 285 1123 agere,
315 1039 468 1123 quoniam
489 1038 553 1104 nisi
575 1038 716 1104 omnium
737 1038 988 1122 biographomm
1011 1039 1276 1124 philosophorum
1299 1044 1442 1128 reliquIIs

80 1141 228 1208 collectis
249 1142 291 1209 de
313 1142 457 1209 SotionIs
478 1141 621 1208 lontibus
644 1148 677 1208 et
697 1141 730 1207 in
752 1148 900 1227 posteros
917 1142 1109 1208 auctoritate
1124 1150 1212 1210 recte
1226 1143 1361 1212 iudicari
1376 1169 1441 1214 non

81 1243 212 1327 poterit.
246 1264 332 1311 nuno
354 1265 395 1312 ex
414 1245 479 1311 ista
499 1243 691 1329 quaestione
713 1250 838 1310 tantum
859 1243 1041 1328 afferemus,
1064 1251 1218 1327 quantum
1238 1248 1442 1315 coniunctum

79 1352 134 1412 est
154 1366 229 1413 cum
243 1347 431 1434 Hippolyto.
466 1348 555 1433 prius
576 1367 655 1415 vero
671 1346 817 1413 Sotionei
837 1344 911 1411 libri
927 1353 1134 1430 conspectum
1149 1348 1365 1436 praemittam,
1387 1351 1442 1417 uhi

78 1448 237 1517 libromm
265 1451 344 1517 ordo
371 1451 547 1518 secundum
573 1449 814 1517 Panacrhieteri
840 1446 1001 1535 [Seehode
1017 1448 1127 1532 jahrb.
1150 1450 1179 1515 V
1200 1471 1231 1535 p.
1248 1453 1311 1519 218
1322 1451 1381 1540 sq]
1410 1460 1442 1520 et

79 1550 227 1637 Roaperi
247 1550 374 1641 [Philoh
390 1555 440 1621 III
461 1575 492 1640 p.
509 1556 550 1620 22
562 1550 622 1641 sq]
645 1571 748 1637 curas,
770 1550 878 1635 quoad
894 1549 963 1616 cius
978 1549 1047 1615 fieri
1061 1558 1178 1636 potest,
1201 1555 1367 1620 restitutus
1383 1561 1442 1622 est.

591 1656 744 1742 Διαδοχῶν
767 1654 863 1742 βιβλία
886 1655 923 1739 q.

177 1757 194 1822 Ι
237 1758 367 1827 Thalea.
389 1779 435 1821 vu
457 1757 632 1842 sapientes.
654 1756 780 1843 physici
895 1757 956 1822 VII
1001 1755 1134 1840 Cynici

161 1860 195 1926 11
239 1860 399 1928 Socrates.
430 1859 663 1945 Aristippus.
878 1858 957 1924 VIII
1001 1856 1126 1923 Stoici

145 1961 198 2027 III
240 1962 405 2030 Socratici.
907 1960 955 2024 IX
999 1958 1204 2044 Pythagoras

144 2063 193 2129 1v
235 2064 348 2133 Pisto
665 2046 672 2061 “
922 2063 955 2128 x
997 2060 1143 2130 nicaeo.
1174 2064 1379 2133 Democritus

160 2165 190 2230 V
232 2165 418 2236 Academici
905 2165 954 2229 Xl
997 2163 1204 2247 Pyrrhonii

144 2267 193 2332 v1
235 2267 430 2337 Aristoteles
451 2277 484 2337 et
504 2267 664 2353 discipuli.
887 2267 952 2331 XII
995 2264 1153 2348 Epicnms

601 2370 683 2437 XIII
727 2368 898 2435 Barbari.
918 2367 925 2402 ¹

165 2471 198 2536 A
211 2471 361 2557 Boepero
383 2472 467 2540 bene
489 2472 695 2540 observatum
718 2477 768 2538 est
789 2489 831 2538 ex
852 2470 916 2537 hoc
931 2468 1044 2535 ordine
1058 2459 1259 2553 postemorei
1270 2472 1444 2557 scriptores

78 2573 114 2639 ln
137 2573 326 2641 universum
348 2575 429 2642 satis
447 2582 599 2643 accurate
620 2581 715 2660 aptos
734 2592 817 2656 esse,
840 2577 876 2637 ut
890 2570 1046 2654 Diogenis
1067 2590 1196 2657 quoque
1219 2576 1444 2659 compendium

79 2694 147 2743 non
169 2674 266 2743 nimis
287 2676 331 2744 ab
352 2677 411 2743 illa
430 2676 544 2743 tabula
557 2676 698 2743 recedat.
729 2697 769 2743 eo
783 2674 887 2759 magis
902 2673 1071 2759 Hippolyti
1085 2675 1169 2742 ratio
1185 2675 1357 2761 discrepat.
1386 2678 1445 2745 sed

79 2785 192 2847 tamen
214 2799 281 2846 non
302 2778 384 2846 nihil
403 2776 630 2846 similitudinis.
662 2797 802 2862 namque
817 2773 904 2860 quod
919 2775 1059 2843 maxime
1074 2776 1210 2861 pupugit
1224 2776 1443 2865 Nietscheum‚

80 2880 241 2949 barbaros
262 2882 433 2949 memorari
455 2887 530 2966 post
550 2879 728 2964 legitimum
742 2880 808 2944 XII
829 2877 983 2944 librorum
1005 2898 1183 2964 numemm‚
1205 2879 1291 2946 idem
1314 2880 1346 2945 in
1367 2881 1445 2966 Hip

80 2984 197 3070 polyto
219 2983 342 3051 faomm
363 2988 413 3050 est
434 2982 490 3067 qui
511 2982 731 3048 Brachmanae
753 2980 959 3064 Druidaeque
979 2981 1105 3064 graecis
1130 2981 1321 3066 appendicis
1343 2984 1445 3049 instar

82 3085 252 3154 adnexuit.
295 3105 402 3170 neque
431 3085 516 3152 enim
546 3083 637 3151 Sotio
665 3083 906 3151 Alexandrinus
933 3081 1031 3148 homo
1061 3082 1103 3148 ah
1132 3083 1260 3150 illorum
1282 3086 1446 3151 sententia

81 3186 264 3274 abhorruit,
286 3188 340 3273 qui
364 3186 602 3274 philosophiam
617 3206 638 3252 a
652 3186 801 3254 barbaris
815 3185 977 3253 excultam
991 3183 1068 3250 inde
1082 3183 1116 3249 in
1132 3184 1302 3252 Graeciam
1317 3187 1446 3254 venisse

81 3290 292 3375 nugabantur
322 3288 375 3379 [ei.
400 3289 556 3357 Nietsche
588 3290 670 3355 iiius.
696 3287 800 3355 Rhen.
823 3287 934 3354 XXIV
955 3283 1039 3372 2051.
1091 3303 1131 3352 ac
1158 3287 1261 3370 possit
1287 3289 1446 3373 quispiam

82 3412 146 3459 non
162 3395 270 3460 solum
285 3392 460 3461 Democriti
476 3413 547 3458 cum
563 3390 839 3478 gymnosophistis
853 3388 903 3478 [cl.
918 3387 1075 3473 Diogenis
1092 3388 1257 3478 prooem.],
1273 3390 1332 3458 sed
1348 3391 1447 3458 etiam

83 3494 297 3582 Pythagorae
319 3515 392 3562 oum
413 3495 534 3561 Zarata
556 3491 782 3560 commercium
804 3491 891 3575 quod
914 3500 965 3559 est
987 3490 1075 3576 apud
1090 3489 1303 3576 Hippolytum
1326 3513 1367 3560 ex
1389 3495 1447 3561 tali

83 3597 243 3665 memoria
264 3604 421 3682 repetere.
455 3597 526 3665 veri
547 3595 682 3663 similius
697 3594 837 3661 fortasse
853 3592 1056 3659 Parmenidis
1071 3591 1328 3680 collocationem,
1352 3616 1448 3678 quam

84 3719 184 3785 supra
211 3698 408 3766 mirabamur
434 3698 477 3766 ab
503 3697 673 3783 Hippolyti
701 3694 848 3761 Vitarum
877 3695 1092 3778 epitomatore
1117 3695 1332 3780 propositam,
1360 3697 1450 3764 illinc

85 3800 331 3887 explicabimus.
362 3801 428 3867 iam
450 3820 529 3867 vero
550 3806 639 3866 recte
654 3795 810 3879 Diogenis
831 3797 904 3862 loco
918 3797 966 3861 IX
982 3798 1022 3862 21
1046 3797 1093 3862 uti
1115 3796 1192 3864 licet
1213 3797 1394 3885 Ξενοφάνους
1417 3802 1450 3865 δὲ

84 3905 225 3991 διήκουσε
238 3902 422 3991 Παρμενίδης
435 3902 569 3989 Πύρητος
580 3899 717 3985 Ἐλεάτης
739 3896 853 3985 (τοῦτον
870 3895 1130 3986 [Xenophanem]
1154 3899 1339 3985 Θεόφραστος
1361 3903 1391 3967 ἐν
1411 3909 1449 3987 τῇ

84 4007 212 4092 ἐπιτομῇ
232 4004 455 4093 Ἀναξιμάνδρου
477 4005 565 4091 φησὶν
587 3999 743 4087 ἀνοῢσαι)’
765 4003 845 4084 ὅμως
868 3999 893 4064 δ’
922 3999 972 4066 οὖν
989 4000 1117 4070 ἀκούσας
1133 4001 1181 4064 καὶ
1199 4000 1381 4088 Ξενοφάνους
1396 4005 1450 4070 οὐκ

157 4161 166 4192 ¹
185 4164 297 4214 nomiae
313 4163 433 4227 pingiano
451 4178 574 4228 expressa
592 4163 730 4213 coniuncta
748 4175 805 4211 cnm
823 4160 883 4210 libri
901 4173 1009 4209 numero
1028 4160 1201 4209 inveniuntur.
1228 4169 1312 4211 cetera
1331 4177 1344 4210 e
1363 4166 1450 4214 conie-

88 4259 161 4300 ctura
177 4248 325 4300 chethma
361 4250 400 4300 bis
416 4251 444 4300 in
461 4250 589 4314 Diogenis
607 4250 742 4315 prooemio
761 4249 883 4312 scriptum
901 4256 939 4296 eat
957 4243 984 4296 ta
1001 4249 1038 4313 τῷ
1056 4244 1100 4317 ἦ.
1123 4257 1191 4297 recte
1210 4244 1235 4313 ἰῨ
1253 4256 1393 4298 correctum
1411 4265 1451 4300 se·

88 4336 200 4388 mcum
219 4337 352 4386 Ambrosii
370 4338 517 4387 versionem
534 4337 681 4402 elioepero
700 4343 727 4384 et
737 4333 946 4385 Panaerhietero.
975 4333 1106 4383 Nietschei
1126 4334 1302 4383 incredibilem
1323 4337 1452 4398 quandam

88 4426 264 4475 mmmm
282 4431 352 4474 recte
371 4426 507 4488 castigavit
525 4424 658 4490 Roeperue
675 4421 771 4472 Philol
785 4418 865 4470 XXX
877 4416 937 4470 557.
968 4421 1087 4484 exempla
1105 4422 1179 4472 istius
1197 4424 1368 4485 corruptionis
1386 4422 1452 4484 [iota

88 4510 153 4560 laiso
177 4526 237 4561 cum
260 4511 381 4574 proxumo
405 4510 533 4560 vocabulo
556 4509 648 4573 iuncti]
670 4515 730 4558 sunt
751 4509 887 4557 innumera
911 4508 942 4556 ci.
966 4507 1034 4556 llosc
1053 4508 1086 4558 de
1105 4510 1213 4559 Aristot.
1233 4509 1276 4558 lib.
1296 4510 1351 4558 ord.
1370 4526 1395 4573 p.
1409 4507 1452 4561 87.

91 4596 184 4648 ceter.
207 4596 292 4646 v.1.
314 4592 411 4660 pita
448 4597 571 4648 Mainake
595 4597 673 4647 Anat.
696 4595 774 4644 Alex.
799 4609 824 4658 p.
842 4591 884 4643 21.
921 4594 1041 4658 exempla
1064 4594 1204 4644 Laertiana
1226 4596 1330 4660 collegit
1352 4596 1454 4661 Rocper

93 4683 109 4731 l.
126 4700 147 4733 a
167 4699 195 4749 p.
207 4678 285 4735 559⁸.
314 4681 376 4732 addi
393 4691 479 4748 potest
494 4684 574 4747 Diog.
594 4682 646 4732 VII
666 4679 699 4732 50
717 4679 760 4743 [cf.
780 4681 840 4730 Jen.
859 4682 1012 4730 literatura.
1035 4678 1101 4732 1875
1118 4697 1144 4746 p.
1161 4678 1222 4745 153]
1240 4681 1346 4733 Schoeil
1365 4685 1453 4734 Herm.

95 4768 129 4818 iv
149 4768 209 4822 164.
239 4769 261 4818 1.
280 4767 456 4821 Freadonthai
475 4770 611 4820 Hellenist.
630 4768 703 4819 Stud.
722 4784 748 4833 p.
764 4763 842 4819 100!

158 4850 171 4884 ¹
187 4855 287 4920 ambigi
306 4871 384 4921 posse
402 4872 480 4922 supra
497 4853 635 4922 p.103sq.
654 4857 707 4905 dixi
728 4863 811 4904 utrum
830 4856 939 4920 primum
958 4856 1118 4904 enuntiatum
1132 4855 1265 4918 Diogenes
1283 4871 1316 4906 an
1336 4857 1455 4905 librarius

96 4943 258 5004 pervertisset.
298 4945 345 4994 sed
367 4960 425 4994 cnm
443 4941 487 4994 καὶ
505 4952 564 5009 post
583 4938 692 4997 ἀκυὺσας
713 4943 756 4990 vix
776 4941 939 5004 intellegatur
959 4943 1007 4990 nisi
1025 4942 1115 4991 τοῦτον
1133 4942 1314 4992 Parmenidem
1332 4946 1455 5006 interpre-

1182 5023 1253 5089 10*
