3442 5588
249 282 291 347 88
618 288 657 335 VI
693 285 742 335 nl:
762 281 970 334 PLUTARCHI
988 284 1075 333 VITA
1096 283 1239 335 uoltum

249 456 396 540 palmare
429 453 596 518 inventum
626 452 806 519 istiusmodi
840 451 1097 519 dubitationibus
1127 472 1193 517 non
1222 449 1309 533 tangi
1333 451 1452 517 nodum
1480 449 1615 516 refutari

250 577 346 641 posse
368 554 505 621 conlido.

626 844 665 898 vl
700 843 749 897 DE
767 841 977 898 Puuuaacfll
995 841 1083 898 VITA
1100 841 1244 900 nolim

337 1017 472 1082 Praetor
487 1016 599 1082 Ariani
623 1015 695 1079 libri
718 1014 882 1098 reliquias,
905 1013 995 1078 cuius
1017 1034 1103 1097 quae
1125 1013 1168 1078 ad
1190 1013 1327 1098 physica
1349 1015 1513 1098 portinent
1528 1037 1615 1083 seor·

252 1138 321 1182 sum
338 1118 464 1201 collegi,
480 1138 555 1183 rara
569 1123 684 1184 natant
696 1118 729 1184 in
742 1117 875 1183 Stobaei
891 1136 1013 1182 occano
1028 1115 1190 1181 Homerici
1206 1118 1427 1183 commentarii
1443 1117 1615 1202 fragmina,

251 1240 335 1302 quae
351 1220 483 1285 Placitis
507 1227 572 1285 tam
597 1227 673 1286 sunt
695 1226 844 1304 cognata,
866 1219 1049 1302 imperitum
1070 1224 1105 1281 ut
1119 1216 1215 1283 facile
1231 1218 1356 1300 possint
1370 1218 1495 1286 fallere.
1526 1220 1617 1285 velut

250 1321 276 1386 si
308 1322 516 1405 Empedoclis
545 1324 698 1406 placitum
726 1325 742 1387 l
770 1324 789 1387 3
813 1331 847 1384 νυ
873 1341 943 1386 cum
975 1319 1169 1386 Stobaeanis
1198 1321 1288 1385 coll
1317 1344 1348 1405 ρ.
1364 1322 1426 1387 288
1456 1321 1617 1407 conferes,

250 1423 353 1506 primo
383 1424 495 1489 obtutu
516 1426 584 1491 lieri
607 1447 672 1491 uon
695 1426 813 1509 poterit
835 1424 910 1508 quin
934 1422 1071 1488 eandem
1094 1421 1281 1487 memoriam
1304 1422 1481 1489 subiectam
1502 1424 1615 1490 rearis.

250 1526 317 1590 alia
339 1525 469 1593 docebit
492 1529 674 1594 accuratior
696 1529 905 1614 comparatio.

279 1627 362 1690 Plut.
379 1627 421 1693 de
436 1630 521 1712 plac.
538 1632 639 1695 1320
698 1629 702 1727 γ
734 1658 737 1664 ·
826 1628 916 1694 Stob.
933 1629 948 1693 l
965 1629 1006 1693 10
1023 1639 1051 1689 11
1230 1627 1383 1694 Heraclit.
1399 1629 1495 1712 alleg.
1512 1630 1565 1695 24.

269 1730 509 1816 Ἐμπεδοκλῆς
531 1732 669 1802 Μέτωνος
699 1737 702 1831 γ

247 1832 474 1917 Ἀκραγαντῖνος
486 1836 608 1920 τέτταρα
617 1838 669 1919 μὲν

250 1935 326 2019 λέγει
349 1944 495 2023 στοιχεῖα,
517 1941 574 2022 πύρ
597 1938 670 2022 ἀέρα

252 2039 329 2123 ύδωρ
344 2043 408 2122 γῆν,
428 2041 480 2103 δύο
499 2041 532 2102 δὲ
547 2039 671 2124 ἀρχικὰς

251 2143 384 2223 δυνάμεις
420 2142 516 2226 φιλίαν
553 2164 584 2203 τε
622 2141 670 2203 καὶ

250 2247 342 2311 νεῖκος
376 2243 416 2306 ὧν
452 2245 472 2326 ἡ
508 2243 560 2325 μέν
594 2243 670 2306 ἐστιν

251 2347 385 2429 ἑνωτική,
403 2348 436 2408 τὸ
447 2346 480 2408 δὲ
491 2345 670 2429 διαιρετικόν.

251 2449 322 2532 φησὶ
346 2450 378 2511 δὲ
400 2450 504 2516 οὕτως.

273 2550 399 2633 τέσσαρα
421 2554 479 2613 τῶν
500 2553 614 2613 πάντων
631 2553 669 2634 ’ρι-

296 2657 417 2734 ζιύματα
444 2658 557 2735 πρῶτον
580 2651 669 2714 ἄκουε

760 2416 1041 2499 Ἐμπεδοκλέους
1221 2416 1258 2480 Τί
1267 2417 1288 2481 δ’
1307 2417 1618 2504 όἈκραγαντῖνοςἘμ-

752 2523 877 2606 τέσσαρα
899 2526 956 2584 τῶν
971 2522 1085 2583 πάντων
1110 2521 1148 2602 bt·
1199 2523 1356 2605 πεδοκλῆς;
1369 2522 1436 2608 ούχὶ
1450 2524 1619 2607 τὰτέτταρα

774 2629 896 2706 ζώματα
919 2627 1032 2706 πρῶτον
1059 2620 1148 2683 ἄκουε
1200 2629 1329 2708 στοιχεῖα
1352 2624 1525 2709 βουλόμενος
1545 2625 1617 2709 ἡμῖν

272 2754 345 2824 Ζεὺς
368 2751 544 2839 ἀργὴςἭρη
567 2777 598 2815 τε
620 2777 667 2837 φε,
752 2725 825 2796 Ζεὺς
848 2723 1024 2809 ἀργῂςἬρνγ
1046 2748 1078 2786 τε
1100 2746 1147 2807 φε-
1200 2727 1385 2809 ύποσημῆναι
1405 2728 1457 2810 τὴν
1473 2728 1619 2811 όμηρικὴν

295 2858 408 2940 ρέσβως
431 2854 473 2940 ἠδ»
496 2853 668 2925 ιχῑὸωνεύς,
773 2829 885 2913 ρέσβιος
909 2826 951 2911 ἠδ’
976 2825 1137 2894 Ἀιδωνεύς
1200 2827 1373 2911 ἀλληγορίαν
1396 2830 1575 2913 μεμίμηταιγ

272 2959 381 3041 Νῆστινς
396 2957 420 3020 γρ
435 2959 455 3040 ἢ
468 2957 668 3040 δακργοῑςτέγ,
754 2931 863 3014 Νῆστίς
876 2930 900 2994 u’
916 2928 1147 3014 ἢόακρύοιςτέγ-
1221 2927 1295 2998 Ζεὺς
1317 2927 1493 3016 ἀργὴςἭρη
1515 2954 1547 2995 τε
1569 2954 1620 3015 φε-

773 3056 814 3114 γει
843 3034 997 3116 κρούνωμα
1021 3032 1148 3115 βρότειον
1244 3032 1356 3116 ρέσβιος
1382 3031 1425 3116 ἠδ’
1453 3032 1621 3103 Ἀιδωνεύς

751 3139 810 3197 τῶν
832 3135 864 3196 δὲ
885 3133 1102 3219 συνερχομένων
1119 3132 1148 3201 ἐξ
1222 3132 1332 3216 Νῆστίς
1343 3132 1367 3196 il’
1383 3135 1620 3219 ἣδακρύοιςτέγ-

773 3233 896 3319 ἔσχατον
920 3238 1018 3299 ἵστατο
1044 3240 1145 3304 νεῖκος.
1241 3259 1283 3318 γει
1305 3238 1461 3320 κρούνωμα
1476 3238 1620 3322 βρότειον.

698 3330 702 3419 l
748 3335 994 3421 Ἐμπεδοκλῆς
1017 3337 1071 3400 Δία
1094 3337 1146 3418 μὲν
1171 3372 1174 3395 ι
1216 3336 1621 3423 Ζῆναμὲνείπετὸναίίλέρα,

253 3469 559 3553 ζέσινκαγτὸναγγγέρα
575 3467 668 3554 Ἥρην
729 3439 805 3520 λέγει
835 3439 887 3521 τὴν
917 3440 992 3511 ζέσιν
1020 3441 1067 3503 καὶ
1097 3441 1145 3502 τὸν
1197 3445 1250 3523 γῆν
1263 3442 1295 3503 δὲ
1306 3438 1621 3525 memorialibus&

252 3573 284 3634 δὲ
321 3573 470 3656 φερέσβιον
504 3519 569 3635 &vs
585 3574 668 3657 ἀέρα,
729 3538 944 3625 αίίλέρα,Ἥρην
953 3544 985 3604 δὲ
994 3541 1145 3626 φερέσβιον
1198 3545 1231 3605 δὲ
1242 3545 1291 3606 τὸν
1300 3544 1382 3628 ἀέρα,
1394 3547 1427 3609 τὸ
1438 3546 1470 3608 δὲ
1481 3545 1621 3628 δακρύοις

252 3675 304 3756 τὴν
321 3674 353 3735 δὲ
375 3679 427 3756 γῆν
451 3676 499 3737 τὸν
511 3673 668 3749 Ἃιδωνέα,
730 3646 782 3727 τὴν
798 3649 861 3727 γῆν,
885 3645 957 3727 ἀέρα
972 3646 1005 3707 δὲ
1019 3646 1067 3707 τόν
1080 3643 1145 3708 Ἀι-
1197 3648 1365 3729 τεγγόμενον
1381 3647 1536 3731 κρούνωμα
1553 3648 1620 3732 βρό.

730 3747 834 3815 ὂωνέα,
850 3747 950 3828 ἐπειδὴ
966 3751 1029 3830 φῶς
1040 3748 1145 3810 οἰκεῖον
1197 3773 1271 3813 τειον
1294 3751 1327 3812 τό
1350 3751 1438 3833 ὕδωρ.

730 3846 782 3909 οὐκ
809 3845 871 3932 ἔχει
895 3847 954 3910 ἀλλ’
983 3850 1039 3911 ύπὸ
1062 3849 1145 3932 ἡλίου

729 3950 777 4010 καὶ
806 3952 929 4034 σελήνης
958 3951 1005 4012 καὶ
1033 3949 1145 4035 ἄστρων

728 4054 956 4133 καταλάμπεται.
984 4051 1093 4136 Νῆστιν
1114 4053 1146 4114 δὲ

731 4155 778 4219 καὶ
800 4155 955 4238 κρούνωμα
971 4155 1098 4239 βρότειον
1113 4156 1146 4217 τὸ

728 4255 843 4338 σπέρμα
865 4257 913 4319 καὶ
935 4258 968 4319 τὸ
993 4258 1070 4340 ύόωρ
1088 4303 1095 4318 .
1112 4257 1146 4320 ἐκ
1227 4255 1515 4322 Plut.Vit.H0mor.
1529 4256 1619 4320 o.99.

727 4359 874 4441 τεσσάρων
909 4357 958 4421 ούν
993 4360 1144 4444 στοιχείων
1170 4436 1173 4445 Ι
1197 4364 1249 4442 τῆς
1267 4359 1300 4421 δὲ
1316 4361 1374 4420 τῶν
1392 4357 1546 4444 στοιχείων
1563 4359 1620 4443 φύ-

696 4448 699 4537 i
723 4460 756 4521 τὸ
767 4463 835 4527 πᾶν,
848 4465 899 4543 τῆς
911 4461 1020 4524 τούτων
1030 4462 1145 4546 φύσεως
1198 4481 1271 4530 σεως
1283 4460 1313 4529 ἐξ
1325 4460 1459 4525 ἐναντίων
1474 4466 1620 4525 συνεστώ-

695 4544 699 4569 ⁸
728 4560 757 4629 ἐξ
791 4562 925 4624 ἐναντίων
963 4567 1145 4647 συνεστώσης
1197 4583 1250 4647 σης
1264 4561 1419 4647 Εηρότητός
1431 4565 1521 4627 τεκαὶ
1533 4565 1619 4649 ύγρό-

727 4662 882 4747 Εηρότητός
901 4689 932 4727 τε
957 4668 1004 4730 καλ
1028 4667 1145 4750 ύγρότη·
1196 4690 1281 4749 τητος
1304 4668 1352 4731 καὶ
1368 4667 1547 4751 θερμότητος
1565 4667 1619 4731 καὶ

726 4790 773 4836 τος
803 4769 851 4829 καὶ
886 4769 1063 4851 θερμότητος
1095 4770 1143 4831 καὶ
1169 4752 1172 4845 ί
1196 4770 1391 4853 ψυχρότητος,
1421 4770 1477 4832 ὑπὸ
1503 4770 1537 4832 δὲ
1562 4774 1620 4853 τῆς

693 4814 697 4947 λ
725 4868 906 4953 ψυχρότητος
929 4871 985 4932 ὑπὸ
1004 4875 1057 4952 τῆς
1072 4871 1143 4952 πρὸς
1168 4850 1171 4953 λ
1195 4870 1266 4953 πρὸς
1277 4871 1390 4953 ἄλληλα
1402 4873 1555 4955 ἀναλογίας
1566 4873 1618 4935 καὶ

294 3085 336 3143 γει
359 3061 513 3143 κρούνωμα
530 3060 668 3144 βρότειον.

273 3367 327 3430 Δία
356 3368 407 3448 μὲν
434 3369 488 3450 γὰρ
514 3370 589 3450 λέγει
616 3370 668 3452 τὴν

253 3776 362 3859 Νῆστιν
386 3778 418 3840 δὲ
441 3778 487 3839 καὶ
515 3777 669 3860 κρούνωμα

252 3880 378 3961 βρότειον
402 3880 488 3941 οἱονεὶ
505 3881 538 3942 τὸ
554 3879 669 3963 σπέρμα

251 3982 355 4044 καὶτὸ
379 3983 467 4066 ύδωρ.
