3442 5588
184 301 247 366 493
596 305 854 357 THEOPHRASTI
871 305 1011 356 PHYSIC.
1031 305 1127 357 OPIN.

187 485 280 536 casset,
303 477 370 527 facili
394 477 456 527 mihi
480 486 571 541 postea
595 480 701 540 negotio
726 477 820 527 codicis
842 478 864 528 P
889 478 1039 527 varietatem
1063 478 1134 542 apice
1158 484 1231 527 tenus
1257 491 1314 526 oum
1337 477 1407 527 illins
1430 477 1549 541 imagine

187 577 336 627 comparare
350 565 428 613 licuit.
459 564 610 614 Brendisius
629 567 696 614 enim
714 565 858 614 accuratius
875 578 938 613 sane
957 564 978 614 P
998 563 1277 625 quamFexcusserat.
1307 563 1352 611 sed
1365 573 1549 627 praeterquam

188 650 257 712 quod
281 665 333 700 non
358 652 394 699 ita
417 666 510 715 paucas
535 653 656 701 lectiones
678 651 772 716 probas
795 666 899 714 prorsus
923 651 1038 711 neglexit
1060 649 1099 711 (ut
1116 649 1174 711 §17
1192 644 1247 699 οὔτ’
1269 645 1365 710 ἄλλοις,
1387 649 1452 713 ξ18
1470 649 1504 700 td
1521 647 1549 700 tl

185 732 293 800 μέλανα,
311 736 325 799 ξ
344 733 378 786 20
397 733 558 804 ἐναρμόττον,
582 734 645 800 §22
664 733 727 787 ἀλλὰ
745 735 788 798 δεῖ,
807 734 870 800 §54
889 740 941 792 τοῖς
958 732 1129 803 ἀλλόχρωοιν,
1147 735 1206 799 §60
1224 730 1407 802 πειραθῶμεν),
1425 738 1548 788 librarios

185 837 236 870 ιιοιι
259 832 330 872 certo
352 838 453 887 semper
475 824 602 874 discrevit
643 826 744 888 scripsit
769 827 837 874 enim
860 840 898 888 pr.
920 825 942 873 P
965 823 1001 884 (s.
1019 824 1098 884 XIV)
1125 838 1178 874 non
1206 823 1284 872 modo
1307 833 1470 886 conthum,
1499 825 1547 875 sed

185 909 262 956 etiam
281 911 374 972 partim
392 925 493 971 eornm,
518 927 583 974 quae
605 913 632 960 in
651 913 765 975 margine
784 912 901 976 suppleta
923 919 983 960 sunt
1006 911 1075 959 velut
1093 910 1107 973 §
1127 908 1150 959 1.
1167 906 1183 958 2
1202 905 1302 975 piparas
1324 907 1385 977 πρὸς
1406 909 1436 962 τὸ
1459 907 1549 978 ὅμοιον

187 991 252 1057 κτλ,
269 1010 318 1045 sec.
339 997 361 1045 P
379 999 508 1047 recentior
526 998 557 1057 (s.
575 998 655 1058 XVl)
673 999 779 1048 lacunas
797 1000 911 1064 explevit
929 997 970 1058 (ci.
989 994 1073 1060 ξῖΙ),
1096 1004 1249 1060 argumenta
1266 998 1376 1059 margini
1395 999 1548 1062 applicuit,

187 1083 383 1132 emendationes
401 1083 442 1132 hle
460 1084 512 1133 illio
530 1086 661 1134 versiculis
679 1088 863 1150 superscripsit.
900 1087 999 1134 tertiam
1023 1099 1126 1134 manum
1144 1083 1222 1133 semel
1242 1085 1269 1132 in
1287 1082 1336 1132 hae
1353 1084 1448 1134 codicis
1471 1094 1548 1150 parte

186 1169 371 1229 animadverti,
396 1184 461 1231 quae
484 1171 500 1219 f.
514 1167 596 1232 2791,
624 1172 667 1221 ubi
692 1174 781 1236 incipit
803 1173 986 1234 fragmentum,
1014 1165 1169 1237 deoppdcrou
1190 1169 1246 1236 περὶ
1268 1165 1409 1238 αἰσθήσεων
1433 1175 1549 1237 margini

189 1271 288 1305 summo
307 1257 449 1320 adscripsit.
473 1266 550 1308 antea
568 1259 639 1322 pr.P
658 1259 736 1308 rubro
755 1260 864 1309 eundem
883 1260 982 1309 titulum
1001 1260 1079 1323 paulo
1098 1259 1165 1308 inira
1183 1267 1343 1308 exaraverat.

285 1344 327 1393 Ex
352 1343 481 1393 codicibus
506 1344 549 1394 PF
573 1345 659 1394 denuo
683 1347 792 1396 conlatis
815 1346 876 1408 quid
899 1346 930 1395 de
954 1348 1066 1412 ipsorum
1089 1344 1277 1394 necessitudine
1306 1344 1472 1395 indicandum
1502 1347 1546 1406 sit,

187 1430 291 1493 planum
310 1433 361 1479 iam
375 1445 404 1479 ac
419 1439 574 1495 compertum
589 1441 634 1481 est.
666 1434 772 1482 omnino
791 1436 859 1482 euim
878 1434 958 1482 multo
977 1441 1037 1481 sunt
1054 1432 1188 1481 similiores
1201 1430 1258 1492 sibi,
1278 1445 1353 1495 quam
1366 1446 1399 1481 ex
1411 1429 1547 1481 Brendisii

187 1526 312 1580 apparatu
333 1519 414 1566 conici
432 1519 523 1580 potuit.
560 1533 618 1567 nam
638 1521 764 1582 utrimque
783 1517 844 1582 §80
862 1515 927 1568 lorea
945 1514 1004 1585 ὁρᾶν
1022 1514 1048 1567 el
1067 1528 1093 1568 et
1109 1515 1167 1574 τοὺς
1185 1515 1275 1584 πόρους
1294 1527 1318 1566 et
1341 1515 1472 1567 εἶναιτῶν
1491 1513 1548 1567 laa-

184 1606 246 1664 κῶν,
266 1603 280 1664 ξ
299 1601 333 1653 70
351 1599 380 1652 τὸ
398 1600 505 1668 ὑγιαῖνον
522 1604 567 1652 τοῦ
586 1603 724 1668 κάμνοντος
742 1613 839 1654 exstat:
862 1607 931 1656 clara
950 1606 1026 1655 habet
1043 1606 1078 1665 P,
1098 1604 1244 1655 oblitterata
1262 1604 1308 1654 sed
1326 1617 1412 1654 tamen
1434 1614 1463 1653 ut
1483 1619 1547 1654 rere

182 1691 329 1754 pelluceant
346 1690 376 1739 F.
407 1692 483 1739 etiam
502 1687 561 1753 §21
582 1686 677 1755 μᾶλλον
693 1687 722 1739 ἂν
741 1685 895 1742 αἰσθάνοιντο
912 1695 965 1742 τῶν
983 1688 1069 1757 ὀσμῶν
1091 1700 1197 1755 uterque
1220 1693 1315 1755 pariter
1328 1693 1445 1751 omittit,
1476 1705 1545 1753 qnae

183 1777 271 1827 see.P
292 1776 359 1825 haud
378 1779 432 1826 seio
451 1792 484 1826 sn
504 1792 536 1826 ex
549 1779 654 1840 ingenio
668 1787 734 1827 recte
745 1779 910 1843 suppleverit.
941 1795 999 1829 uam
1013 1780 1179 1844 locupletiore
1194 1779 1367 1842 manuscripto
1385 1779 1450 1827 alias
1473 1777 1546 1828 hunc

184 1880 257 1913 usum
275 1879 331 1913 esse
357 1880 409 1913 nou
434 1865 495 1913 vidi.
531 1879 593 1928 ergo
612 1880 668 1914 eum
688 1880 799 1914 summere
818 1868 851 1915 sit
868 1866 971 1916 illorum
990 1881 1142 1927 consensus,
1166 1864 1312 1914 Camotium
1331 1865 1545 1926 Vossianumque

181 1966 214 2000 ex
226 1950 248 1999 F
262 1951 409 2015 descriptos,
429 1951 473 2000 sed
487 1952 604 2001 evanidis
617 1953 707 2002 litteris
720 1955 822 2015 egregie
836 1954 906 2003 lusos
924 1969 979 2004 esse
998 1962 1113 2017 apparet.
1149 1952 1305 2002 incredibilis
1323 1953 1401 2014 igitur
1418 1952 1467 2001 iila
1485 1966 1544 2001 eor·

184 2039 281 2101 ruptio,
306 2052 357 2099 qua
380 2046 463 2086 motus
486 2053 563 2102 supra
582 2037 602 2086 P
621 2038 701 2102 longo
719 2041 856 2089 intervallo
878 2055 895 2089 a
916 2041 938 2090 P
962 2040 1057 2090 distare
1080 2040 1208 2100 dixeram,
1233 2041 1260 2088 in
1283 2039 1433 2104 apographa
1456 2041 1545 2104 potins

186 2125 254 2172 cadit
272 2125 405 2173 infeliciter
423 2126 587 2174 alucinantis.
624 2125 668 2174 PF
687 2134 772 2175 antem
792 2127 893 2190 gemelli
912 2136 971 2176 sunt
989 2136 1014 2176 et
1032 2135 1059 2175 ut
1077 2127 1098 2177 P
1117 2128 1169 2176 iere
1188 2134 1312 2190 praestat,
1331 2128 1367 2175 ita
1384 2142 1416 2176 ne
1436 2126 1546 2176 alterius

185 2213 288 2273 quidem
307 2212 404 2260 auxilio
425 2220 479 2260 tuto
499 2226 594 2260 careas.
632 2212 701 2261 velut
723 2210 768 2274 §8
785 2211 831 2279 γὰρ
851 2221 910 2277 post
923 2210 970 2265 ,τὸν
988 2209 1063 2262 αὺτὸν
1080 2215 1194 2263 servavit
1210 2213 1244 2273 F,
1268 2215 1354 2263 omisit
1371 2214 1406 2274 P,
1429 2212 1492 2275 §79
1512 2210 1543 2263 ix

186 2294 301 2364 μεγάλων
319 2295 439 2364 γὰρ-οὐ
458 2301 593 2365 περιφερεῖς
617 2297 654 2346 bis
674 2299 759 2361 lapsus
778 2309 816 2348 est
835 2300 869 2360 P,
894 2307 964 2350 recta
986 2302 1068 2349 tenuit
1085 2300 1119 2360 F,
1142 2298 1204 2361 §77
1227 2296 1288 2350 αὐτὸ
1310 2301 1401 2350 leviter
1424 2303 1544 2351 vitiatum

184 2400 248 2434 uuus
267 2385 288 2434 F
307 2385 418 2434 exhibet.
456 2386 515 2434 hinc
539 2387 649 2434 cernitur
667 2385 760 2433 frustra
779 2400 834 2435 esse
854 2389 897 2449 qni
916 2387 937 2436 P
956 2402 987 2437 ex
1005 2388 1027 2438 P
1047 2387 1201 2451 descriptum
1227 2402 1282 2436 esse
1301 2387 1414 2437 credant.
1452 2397 1545 2437 contra

181 2472 267 2522 secll
286 2485 331 2521 aut
352 2473 408 2536 ipso
422 2473 443 2522 P
457 2481 501 2520 aut
519 2474 574 2520 eius
592 2471 742 2536 apographo
761 2474 817 2522 sine
835 2473 914 2523 dubio
933 2489 993 2523 usus
1012 2484 1058 2524 est.
1094 2476 1131 2523 ita
1154 2471 1215 2535 §54
1234 2474 1278 2523 ubi
1297 2470 1350 2523 irtel
1367 2470 1397 2523 τό
1414 2474 1476 2523 rrF
1496 2475 1542 2524 ha·

180 2559 230 2619 bet,
243 2574 294 2608 seo.
307 2558 328 2608 F
342 2560 410 2608 illius
429 2560 565 2608 lectionem
577 2555 606 2608 τό
618 2574 645 2624 γε
657 2575 734 2624 super
745 2576 847 2610 versum
860 2539 967 2621 addidit,
985 2562 1097 2624 itemque
1110 2559 1124 2623 ξ
1137 2559 1172 2613 64
1184 2555 1296 2628 dariique
1308 2561 1406 2622 (verum
1426 2572 1464 2610 est
1484 2559 1542 2611 ἀνα-

179 2641 272 2713 τίθησι)
292 2647 325 2694 ud
343 2647 412 2695 illius
431 2647 563 2709 exemplar
581 2661 715 2710 perperam
734 2650 847 2697 correxit
864 2644 1009 2716 ἀνατίθησι.
1046 2665 1093 2698 nec
1116 2650 1215 2699 felicius
1239 2650 1265 2697 in
1288 2648 1339 2698 line
1359 2648 1451 2710 libelli,
1480 2652 1540 2714 quia

181 2733 202 2782 P
222 2729 248 2781 δὲ
267 2740 325 2796 post
343 2729 419 2782 δεῖται
438 2735 552 2793 omittat,
577 2734 661 2783 seo-1⁴*
680 2738 779 2798 punctis
798 2737 937 2799 suppositis
956 2751 1044 2784 verum
1063 2736 1165 2785 delevit.
1202 2736 1352 2800 apographa
1371 2736 1449 2784 modo
1469 2736 1540 2800 pr.P

181 2819 258 2867 modo
277 2835 329 2868 sec.
348 2819 368 2867 F
387 2828 414 2869 ut
434 2819 506 2869 libuit
524 2831 671 2883 sequuntur.
702 2821 773 2883 quod
792 2821 823 2870 de
842 2823 1049 2887 apographorum
1068 2824 1166 2885 origine
1184 2836 1262 2888 supra
1279 2821 1494 2885 significaveram,
1513 2823 1537 2872 id

181 2921 247 2955 nuno
266 2915 397 2971 comperta
416 2907 511 2956 codicis
530 2908 551 2956 F
570 2922 631 2956 vers
649 2909 732 2957 forma
750 2915 802 2956 tem
822 2917 918 2958 certum
938 2917 987 2970 est,
1006 2919 1035 2958 ut
1052 2909 1172 2959 brevibus
1190 2925 1245 2960 esse
1264 2910 1339 2960 nobis
1358 2910 1441 2959 liceat.
1479 2925 1537 2959 nam

179 2994 249 3054 quod
268 3010 300 3043 ex
320 2997 417 3044 iteratis
436 2991 479 3057 §2
503 2995 587 3044 verbis
605 2998 636 3062 τῇ
656 2991 818 3060 ἀπορροίᾳ-
830 2991 890 3061 πρὸς
907 2992 936 3045 τὸ
955 2990 1040 3062 ὅμοιον
1057 2996 1201 3058 effeceram,
1219 2997 1251 3046 ad
1270 2996 1416 3046 Camotium
1435 2997 1536 3060 quidem

180 3089 205 3129 et
219 3082 374 3131 Vossianum
393 3083 458 3131 nihil
478 3083 554 3142 valet,
574 3084 616 3145 qui
635 3081 655 3130 F
675 3081 724 3130 hoc
743 3082 800 3130 loco
820 3085 1009 3133 accuratissime
1027 3083 1216 3148 descripserunt
1233 3108 1265 3118 -
1284 3082 1436 3133 Brundisina
1455 3085 1535 3133 inere·

181 3167 253 3217 dibili
272 3169 349 3217 modo
370 3170 456 3233 lapsus
474 3177 513 3218 est
531 3194 577 3230 -,
601 3169 646 3217 sed
665 3169 698 3217 ad
717 3167 882 3233 archetypum
904 3171 1021 3219 codicum
1040 3170 1083 3220 PP
1103 3179 1242 3235 parentem.
1280 3169 1340 3218 huie
1363 3171 1443 3233 igitur
1461 3184 1536 3232 qnam

179 3254 239 3303 dedi
258 3257 396 3320 explicatio
415 3256 565 3306 adhibenda
582 3256 638 3303 erit.
669 3255 751 3304 nihilo
770 3258 853 3306 minus
872 3272 919 3321 per
937 3272 1071 3307 commune
1090 3257 1236 3321 exemplum
1249 3256 1315 3305 exll
1332 3270 1451 3306 manasse
1468 3264 1536 3306 reete

181 3343 324 3404 suspicatus
343 3358 421 3393 eram.
457 3359 517 3393 nam
535 3352 563 3392 ut
581 3344 679 3391 minuta
697 3343 795 3391 mittam
813 3344 884 3392 velut
908 3344 1061 3408 compendia
1084 3345 1210 3406 utrimque
1233 3344 1319 3407 inepte
1343 3344 1473 3408 explicata
1495 3344 1535 3393 vel

180 3430 341 3478 coniecturas
360 3432 455 3493 pariter
473 3437 599 3493 receptae:
619 3427 779 3478 oblitteratee
798 3430 927 3480 codicisF
946 3433 1031 3494 apices
1050 3430 1119 3493 qnod
1138 3430 1229 3479 eodem
1246 3429 1324 3478 modo
1337 3438 1445 3492 uterque
1458 3430 1534 3492 idque

179 3515 358 3565 absurdissime
378 3519 527 3580 plerumque
546 3516 681 3579 supplevit,
701 3515 726 3563 id
746 3517 794 3565 nisi
815 3532 861 3581 per
879 3518 1008 3567 traducem
1027 3518 1152 3580 explicari
1170 3533 1223 3567 non
1241 3525 1333 3580 potest.
1364 3531 1448 3579 neque
1467 3519 1535 3566 enim

178 3602 357 3652 Camotianum
377 3605 520 3668 exemplum
540 3619 571 3651 ex
590 3604 719 3650 Vossiano
740 3603 780 3651 vel
802 3603 852 3651 hoe
870 3619 903 3653 ex
921 3605 966 3653 ilio
986 3605 1139 3668 descriptum
1158 3611 1203 3653 est.
1241 3604 1373 3667 exemplar
1390 3619 1453 3653 vero
1472 3604 1535 3654 illud

177 3706 237 3738 nram
256 3691 321 3739 forte
340 3690 407 3737 inter
429 3692 547 3754 vulgares
570 3690 658 3752 quales
676 3705 700 3752 p.
721 3687 769 3739 117
789 3693 904 3739 recensui
929 3691 1029 3741 codices
1053 3693 1223 3751 inveniretur,
1247 3704 1370 3752 quaerere
1394 3690 1535 3754 supersedi.

176 3791 235 3824 uam
254 3784 329 3824 teneo
349 3778 426 3824 etiam
443 3793 520 3835 nuno,
539 3776 608 3838 quod
627 3789 704 3839 supra
723 3775 785 3832 dixi,
804 3777 831 3825 in
850 3776 894 3826 Pu
913 3792 1014 3826 omnem
1033 3778 1110 3827 libelli
1124 3779 1232 3827 salntem
1245 3791 1300 3826 esse
1315 3778 1433 3841 positam·
1465 3778 1534 3840 qnod

174 3861 305 3925 Stephano
320 3863 429 3911 fidebam
443 3878 467 3926 p.
481 3860 529 3913 118
548 3864 749 3912 Laurentianum
769 3880 795 3911 se
811 3865 953 3926 inspexisse
972 3867 1076 3928 neganti
1096 3862 1209 3928 [epistol.
1222 3864 1331 3914 dedicat
1344 3864 1378 3913 ad
1390 3864 1533 3914 victorium

173 3947 256 4011 p.11]‚
276 3950 345 3999 hand
362 3951 415 3999 scio
434 3965 466 3998 an
487 3952 561 3999 nimis
580 3952 670 4000 fuerim
690 3952 815 4000 credulus.
846 3967 924 3999 unum
944 3961 1011 4001 certe
1030 3954 1124 4013 locum,
1143 3967 1219 4014 quem
1231 3952 1343 4001 Camotii
1360 3951 1534 4015 Vossianiqae

173 4037 305 4100 exemplar
323 4046 428 4101 propter
452 4037 676 4087 homoeoteleuton
701 4038 786 4086 omisit
808 4034 873 4099 §75
895 4034 921 4087 dl
944 4037 975 4088 τὰ
997 4036 1136 4106 παχύτερον
1159 4038 1202 4088 καὶ
1220 4035 1323 4088 ἔλαττον
1341 4035 1378 4087 διὸ
1397 4038 1441 4088 uel
1460 4035 1534 4106 ipe-ros

171 4119 231 4170 εἶναι
253 4117 334 4190 θερμὰ
356 4121 388 4172 τὰ
411 4117 571 4190 ἐρυθρότερα,
594 4139 626 4173 ex
645 4124 666 4172 1⁴*
685 4126 841 4188 supplevisse
861 4125 970 4176 videtur.
1005 4142 1066 4176 nam
1085 4129 1106 4176 ri
1125 4127 1147 4176 P
1167 4129 1297 4190 cognitum
1316 4126 1463 4187 habuisset,
1490 4143 1534 4176 cnr

174 4226 220 4258 uec
239 4213 389 4259 memoravit
409 4213 434 4259 in
454 4213 563 4275 epistula
583 4226 629 4260 neo
649 4211 764 4261 adhibuit
783 4212 816 4260 ad
836 4214 1045 4263 emendandum?
