3442 5588
671 296 948 348 rnonneonuns
1367 321 1369 325 .
1430 295 1490 358 νοτ

129 486 162 549 p.
179 463 257 549 274)
284 463 453 547 errabant,
484 463 552 530 sed
569 462 704 529 consilio
731 482 770 529 ao
797 464 922 529 ratione
949 463 1122 530 insaniisse
1144 464 1303 530 Galenum
1326 471 1494 548 appareat.

130 565 361 632 molestissima
375 586 472 649 porro
488 573 538 631 est
554 586 594 631 ea
609 566 821 648 consuetudo,
845 572 879 630 ut
901 566 1002 632 verba
1024 567 1187 649 cogitandi
1210 566 1278 632 fere
1301 567 1418 650 ubique
1439 567 1496 631 im·

131 668 277 733 misceat.
321 667 477 731 incertum
506 674 571 751 est,
602 687 698 749 quam
728 667 789 733 sibi
819 669 1013 749 elegantiam
1037 669 1132 733 istinc
1153 670 1309 752 aucupari
1332 670 1420 735 visus
1443 669 1495 753 sit,

131 776 258 834 tantum
281 776 418 853 constat,
441 770 647 853 periodorum
671 769 816 834 nativam
840 770 1033 852 gravitatem
1057 769 1119 835 hoc
1141 771 1285 853 pondere
1307 771 1418 836 addito
1440 771 1495 835 vix

132 891 206 936 esse
234 870 409 936 ferendam.
455 871 545 936 cuius
574 871 699 937 ianuae
726 879 800 936 sunt
826 870 908 937 hacc
937 874 999 936 cd
1022 873 1096 935 κατὰ
1122 874 1188 941 τοὺς
1211 875 1362 942 πλείστους
1385 875 1495 958 ἀκριβε-

132 976 255 1042 στάτους
272 972 344 1036 εἶναι
360 975 525 1047 δοκοῦντας,
548 993 574 1037 c.
591 975 633 1038 24
649 976 704 1038 ὅσα
717 981 777 1044 τοῖς
793 975 1033 1058 δνομαστοτάτοις
1055 975 1189 1059 εἰρῆσθαι
1213 976 1276 1058 περὶ
1299 976 1405 1058 ταύτης
1419 975 1495 1056 νομί·

133 1080 231 1158 [opst.
258 1095 285 1140 e.
302 1077 321 1139 3
343 1096 375 1159 p.
391 1076 454 1140 228
470 1077 510 1145 εἰς
530 1082 631 1160 πρῶτα
646 1079 727 1160 ἥκειν
743 1078 965 1162 ὑπειλημμένον,
989 1097 1015 1142 e.
1033 1078 1050 1140 7
1068 1079 1115 1140 καὶ
1137 1078 1186 1140 τὸν
1209 1077 1280 1159 ἄγαν
1302 1077 1496 1162 ἠκριβωκέναι

132 1181 186 1263 τὴν
212 1179 391 1262 ἀπορητικὴν
420 1177 626 1264 δποληφδέντα
657 1178 809 1264 Πύρρωνα,
832 1199 859 1244 e.
877 1180 917 1243 16
943 1179 1035 1243 ταύτὰ
1062 1182 1131 1262 ἡμῖν
1154 1182 1274 1250 εἰκότως
1297 1180 1496 1263 διανοηθέντες

134 1282 303 1366 ἁρμόττειν,
325 1280 478 1363 νομίζομεν
502 1280 711 1366 (cogitamus)
734 1284 793 1345 ἀπὸ
816 1283 925 1345 τούτων
948 1283 1001 1365 τὴν
1023 1284 1119 1367 ἀρχὴν
1142 1285 1289 1346 ποιεῖσθαι
1311 1288 1370 1346 τῶν
1392 1283 1496 1365 λόγων,

133 1383 254 1450 ibidem
270 1384 384 1447 δυνατοὶ
400 1383 473 1447 εἶναι
488 1385 652 1467 νομίζομεν.
676 1384 752 1450 inde
769 1384 896 1469 placitis
913 1405 1040 1467 quoque
1055 1405 1215 1469 persaepe
1230 1387 1338 1468 νομίζει
1355 1393 1389 1449 ut
1412 1405 1439 1450 c.
1455 1386 1498 1449 20

134 1486 189 1551 vel
219 1485 310 1549 οἴεται
339 1485 457 1551 similia
485 1486 584 1550 addit
630 1493 738 1552 astera
767 1508 851 1571 qnae
874 1487 980 1553 minus
1001 1486 1103 1572 probe
1125 1487 1213 1552 dicta
1236 1494 1310 1552 sunt
1332 1492 1367 1551 ut
1390 1511 1497 1570 pvqpo-

134 1589 245 1652 νεύεται
261 1593 385 1671 γεγονώς
401 1609 427 1653 c.
444 1590 464 1653 3
481 1609 511 1672 ρ.
528 1589 591 1653 229
611 1586 661 1674 [cf.
678 1589 829 1672 Xenopb.
847 1588 965 1674 Cyrop.
982 1591 998 1654 I
1013 1591 1043 1674 2,
1064 1587 1091 1676 t]
1108 1596 1140 1655 et
1154 1588 1429 1673 praepositionum
1444 1608 1498 1652 ne·

134 1692 364 1775 gationumque
380 1712 456 1755 usus
472 1710 644 1774 perversus
660 1692 838 1757 mittantur.
867 1713 943 1757 nam
958 1712 1063 1774 neque
1086 1691 1221 1774 singulis
1244 1692 1294 1756 his
1318 1691 1414 1773 vitiis,
1437 1711 1497 1756 nec

135 1801 204 1861 toto
227 1793 355 1860 dicendi
378 1813 497 1877 genere
520 1794 698 1877 quidquam
720 1793 876 1877 probatur
896 1795 959 1860 nisi
973 1793 1126 1860 rusticum
1142 1814 1214 1860 esse
1230 1801 1328 1876 atque
1343 1794 1496 1858 incultum

136 1897 336 1981 scriptorem,
360 1896 447 1979 quod
468 1896 600 1962 aliunde
622 1896 702 1961 satis
725 1902 860 1962 constat.
895 1898 937 1964 de
959 1904 1068 1964 aetate
1089 1903 1199 1962 autem
1219 1916 1260 1963 ne
1276 1895 1351 1960 binc
1367 1897 1498 1978 quidem

138 2000 219 2064 certi
240 1999 417 2082 quidquam
439 1998 577 2066 elicitur.
767 2000 774 2010 “

224 2103 293 2168 Nec
319 2122 398 2168 vero
425 2101 605 2167 audiendus
631 2109 682 2167 est
703 2102 843 2185 Roseus,
865 2102 920 2184 qui
942 2103 975 2167 in
997 2102 1131 2167 Aristot.
1154 2101 1363 2184 Pseudepigr.
1389 2123 1418 2185 p.
1435 2103 1496 2168 381

138 2202 196 2268 ini.
212 2203 329 2269 Galeni
352 2202 496 2269 libellum
518 2204 780 2269 commentatoris
802 2204 969 2270 cuiusdam
990 2202 1188 2269 Aristotelici
1209 2223 1291 2286 opus
1307 2224 1379 2269 esse
1395 2211 1499 2270 sexto·

138 2325 202 2388 que
230 2306 283 2372 vel
312 2307 450 2389 septimo
476 2306 608 2372 saeculo
634 2306 838 2373 tribuendum
867 2306 1093 2372 arbitrabatur.
1139 2324 1178 2369 ac
1207 2306 1362 2389 temporis
1389 2313 1498 2372 notam

139 2407 226 2472 unde
249 2410 432 2492 sumpserit,
455 2409 575 2475 nescio.
613 2427 713 2474 causa
735 2409 996 2475 coniecturae-
1013 2410 1085 2493 plus
1109 2408 1193 2473 enim
1215 2428 1257 2473 ne
1279 2408 1350 2493 ipse
1370 2409 1498 2491 quidem

140 2510 171 2576 ei
193 2510 313 2576 tribuet
327 2548 369 2556 —
385 2510 466 2576 haee
488 2509 558 2594 fuit,
581 2511 644 2576 nisi
667 2510 772 2595 fallor,
796 2512 883 2593 quod
905 2519 1066 2577 sectarum
1089 2509 1221 2576 nomina
1242 2511 1307 2574 ad
1329 2520 1362 2577 et
1383 2512 1499 2577 similia

140 2612 291 2679 scholicis
305 2612 370 2677 illis
386 2613 476 2678 libris
491 2621 631 2695 cognata
646 2613 788 2680 videbat.
822 2615 880 2680 sed
895 2620 927 2679 et
942 2613 1135 2679 adumbrata
1150 2620 1201 2679 est
1222 2612 1304 2678 haec
1325 2613 1499 2678 similitudo

142 2722 174 2782 et
201 2737 272 2781 mos
299 2716 361 2782 iste
384 2716 484 2781 multo
508 2716 683 2800 antiquior,
711 2723 747 2781 ut
769 2737 866 2801 supra
888 2715 1118 2783 demonstravi.
1163 2736 1240 2798 ergo
1263 2714 1325 2779 nisi
1347 2736 1431 2797 quae
1453 2737 1501 2781 re·

141 2818 295 2903 metiores
317 2838 368 2884 me
389 2818 516 2900 fugiunt
538 2837 667 2903 causae,
690 2818 796 2884 iaceat
817 2838 950 2885 necesse
973 2826 1023 2884 est
1041 2819 1104 2883 ista
1120 2817 1238 2901 opinio.
1273 2837 1333 2882 nec
1355 2818 1499 2901 profecto

142 2920 184 2985 de
199 2920 311 2986 Stoica
333 2928 512 2986 ceterorum
534 2921 676 3004 capitum
692 2921 816 3005 origine
830 2922 934 2988 virum
949 2920 1168 2986 doctissimum
1185 2939 1245 3001 ego
1262 2919 1385 2985 docebo
1405 2941 1500 3002 quem

141 3022 207 3087 iam
234 3021 360 3106 pridem
386 3022 560 3088 subitarias
588 3023 793 3089 coniecturae
820 3024 962 3107 piguisse
989 3021 1158 3089 confidam.
1203 3021 1273 3105 ipse
1300 3022 1334 3085 in
1360 3023 1501 3088 Hermae

144 3126 207 3190 vol.
224 3125 253 3188 V
268 3128 331 3190 205
346 3131 632 3190 commentatorum
650 3124 873 3209 Olympiodori
888 3126 981 3191 Elias
997 3124 1133 3190 Davidis
1148 3124 1306 3208 Stephani
1322 3130 1501 3190 ceterorum

108 3225 111 3230 ’
144 3234 233 3303 artes
255 3227 493 3311 lectionemque
513 3248 629 3312 gyrum
651 3227 844 3311 peritissime
866 3226 1122 3310 circumscripsit.
1157 3225 1242 3290 unde
1264 3225 1344 3289 nihil
1359 3224 1401 3289 ad
1417 3223 1502 3289 hunc

143 3330 332 3413 scriptorem
364 3330 526 3413 pertinere
556 3330 590 3394 in
616 3330 788 3414 propatulo
817 3337 876 3396 est.
921 3331 1112 3414 scriptorum
1139 3335 1248 3395 antem
1275 3328 1310 3392 in
1332 3326 1503 3408 magistros

145 3432 250 3517 pietas
271 3433 305 3497 in
327 3431 459 3497 scholiis
482 3430 742 3514 frequentissima
765 3430 861 3518 [Ruso
884 3434 904 3497 l.
921 3453 947 3498 c.
972 3454 1002 3517 p.
1019 3435 1093 3516 206,
1109 3429 1141 3519 2]
1163 3452 1235 3496 cum
1253 3431 1287 3495 in
1303 3436 1414 3494 nostra
1428 3450 1503 3512 quo·

143 3556 206 3617 que
233 3535 406 3619 scriptione
432 3540 590 3618 appareat
618 3537 681 3600 e.⁸2
709 3535 763 3599 ὅσα
790 3537 869 3619 παρὰ
895 3541 954 3598 τῶν
976 3535 1211 3599 πεπαιδευκότων
1234 3537 1312 3618 ἡμᾶς
1335 3535 1502 3617 ἀκηκόαμεν

144 3639 192 3701 καὶ
215 3637 252 3701 δι’
280 3639 513 3720 ἀναγνωσμάτων
536 3638 685 3720 ἐμάθομεν
708 3643 756 3700 νῦν
780 3641 909 3720 συνάγειν
936 3639 1176 3723 ἐπιχειρήσομεν,
1203 3635 1364 3702 inferioris
1386 3635 1504 3701 aetatis

144 3746 243 3822 atque
269 3739 431 3805 scholieae
459 3739 592 3822 originis
615 3739 743 3805 videtur
768 3740 922 3805 indicium
945 3739 1032 3805 haud
1055 3739 1283 3825 spernendum,
1306 3739 1365 3805 sed
1386 3757 1505 3819 nequa·

146 3861 243 3923 quam
264 3841 541 3908 Aristotelicorum
572 3844 746 3927 proprium.
791 3841 907 3924 quibus
932 3861 1004 3906 eum
1027 3842 1201 3908 sollemnes
1222 3843 1287 3907 sint
1308 3841 1466 3906 formulae
1489 3844 1504 3905 ὁ

146 3945 286 4028 ἡμέτερος
307 3945 466 4030 φιλόσοφος
488 3946 558 4011 sive
580 3950 621 4015 ὡς
641 3944 738 4028 ἔλεγεν
753 3948 769 4008 δ
785 3946 877 4008 ταῦτά
892 3968 940 4026 μοι
956 3944 1168 4028 ἐξηγησάμενος
1190 3945 1243 4009 rel
1267 3949 1307 4013 ὡς
1323 3947 1338 4007 ὁ
1354 3943 1505 4026 ἐξηγητής,

147 4044 191 4109 ad
213 4045 330 4112 Galeni
352 4048 535 4130 exemplum
558 4048 691 4132 propius
713 4046 839 4113 accedit
860 4045 1000 4129 Sopater
1022 4046 1168 4131 sophista
1191 4047 1245 4128 qui
1268 4043 1507 4128 prolegomenis

146 4147 180 4213 in
195 4148 368 4214 Aristidem
384 4150 433 4213 III
456 4170 487 4233 p.
504 4151 564 4215 757
582 4152 679 4217 Dind.
700 4147 885 4216 subscribit:
907 4146 988 4211 ταῦτ’
1016 4149 1073 4232 ἐγώ
1097 4172 1142 4214 σοι
1162 4149 1320 4233 Σώπατρος
1343 4148 1507 4229 ἐπιδίδωμι,

148 4253 203 4315 ὅσα
224 4275 257 4334 γε
280 4251 314 4333 [l.
329 4252 372 4334 τε]
396 4251 508 4335 ἔμαθον
531 4255 610 4337 παρὰ
631 4258 689 4317 τῶν
712 4253 893 4316 διδασκάλων
906 4249 1047 4335 Ἀθήνησι
1066 4254 1114 4315 καὶ
1131 4253 1186 4317 ὅσα
1202 4251 1268 4335 μεθ’
1290 4251 1395 4334 ἑτέρων
1412 4253 1507 4331 ζητῶν

147 4354 195 4417 καὶ
211 4353 241 4422 ἐξ
256 4355 516 4438 ἀναγνωρισμάτων
537 4357 675 4420 ποικίλων
695 4357 865 4440 συνήγαγον.
891 4352 1038 4419 conferre
1061 4354 1176 4438 possis,
1196 4372 1280 4436 quae
1299 4353 1397 4435 paulo
1416 4370 1508 4434 supe·

149 4456 213 4521 rior
223 4455 391 4540 Eunapius
406 4458 577 4541 prooemii
592 4457 696 4541 pirB.
723 4459 816 4541 κάγώ,
833 4455 946 4541 inquit,
961 4458 1068 4540 ταύτην
1080 4457 1236 4540 ἐξώρμησα
1247 4456 1299 4538 τὴν
1314 4456 1437 4538 γραφήν,
1453 4454 1509 4518 ὅσα

149 4561 168 4644 ἢ
181 4560 254 4623 κατὰ
267 4560 358 4643 ἀκοὴν
370 4561 389 4643 ἢ
402 4561 477 4624 κατὰ
489 4562 648 4644 ἀνάγνωσιν
660 4562 679 4644 ἢ
692 4560 766 4624 κατὰ
779 4559 903 4642 ἱστορίαν
915 4564 974 4622 τῶν
986 4558 1044 4623 κατ’
1059 4561 1183 4643 ἐμαυτὸν
1193 4558 1357 4641 ἀνθρώπων
1366 4560 1429 4619 κτλ.
1450 4555 1510 4621 sed

149 4661 210 4726 hoc
226 4661 368 4745 priorum
384 4662 519 4728 similius
533 4670 566 4728 ut
581 4662 773 4747 Pamphilae
788 4660 876 4744 apud
889 4660 1040 4727 Photium
1056 4662 1152 4726 elib
1165 4681 1195 4742 p.
1205 4658 1335 4724 nebat
1351 4661 1509 4744 συγγράψαι

150 4764 218 4828 δὲᾶ
239 4788 270 4826 τε
292 4765 371 4848 παρὰ
389 4770 440 4829 τοῦ
463 4768 566 4850 ἀνδρὸς
589 4767 679 4849 μάθοι
701 4766 737 4827 τὰ
757 4762 849 4848 ῆέτη
867 4769 997 4848 συνεχῶς
1011 4763 1092 4848 αὐτῷ
1109 4768 1234 4826 συνοῦσα
1249 4763 1297 4824 καὶ
1313 4760 1377 4844 μηδ’
1398 4761 1510 4845 ἡμέραν

150 4867 217 4952 μηδ’
247 4869 325 4953 ὥραν
349 4870 563 4953 ἀπολειπομένη
588 4870 636 4931 καὶ
659 4867 678 4930 ἃ
700 4866 767 4952 παρ’
788 4867 878 4930 ἄλλου
900 4866 976 4934 τινδς
998 4866 1120 4928 ἀκοῦσαι
1139 4863 1244 4948 συνέβη
1260 4869 1318 4925 τῶν
1334 4861 1401 4947 παρ’
1422 4863 1510 4926 αὐτὸν

201 4999 291 5047 Diels,
311 4999 454 5049 Dorogrnphi
473 4998 555 5048 groeci.
1270 4965 1307 5029 17
