3442 5588
653 336 928 386 ruorucouuus
1425 336 1464 399 31

190 502 240 566 lix
271 501 435 568 Plutarchi
463 501 641 584 Dionisque
668 501 908 566 narrationibus
933 501 1111 567 certissime
1139 501 1246 584 patria
1267 502 1467 570 Alexandria

103 604 320 686 cognoscitur.
365 604 485 687 exeis,
507 622 592 686 quae
614 604 656 668 de
678 602 876 668 Philostrato
904 603 1002 667 tradit
1023 602 1216 668 Plutarchus
1237 604 1467 671 Academicum

102 704 204 772 inisse
223 706 336 771 Arium
358 707 540 790 suspicatus
563 711 633 771 erat
648 704 792 769 Zellerus
814 726 909 787 quem
931 714 1019 788 recte
1042 705 1193 771 refutavit
1209 704 1246 771 Ο.
1263 706 1405 774 Heineus
1421 711 1466 791 [n.

98 807 209 891 jahrb.
225 808 247 873 f.
266 810 362 874 class.
378 807 455 891 phil.
474 808 567 890 1869,
590 803 675 892 613}
705 805 851 889 sophista
873 807 929 873 ille
951 806 1011 872 fuit
1034 806 1299 891 philosophorum
1322 809 1467 875 habitum

103 909 189 976 falso
201 910 370 995 affectans,
386 930 450 993 quo
461 909 675 994 philosophus
691 908 875 992 philosophi
892 908 1144 975 misericordiam
1160 909 1286 975 facilius
1301 912 1467 979 excitaret.

104 1013 164 1078 sed
185 1012 266 1077 nihil
282 1012 381 1078 efficit
396 1014 482 1097 quod
496 1012 726 1079 Academicum
742 1011 942 1095 potissimum
958 1032 993 1077 se
1008 1012 1089 1077 dixit
1104 1011 1146 1077 ad
1161 1011 1229 1076 Arii
1245 1020 1366 1078 sectam
1389 1015 1469 1079 indi-

104 1113 254 1179 candam.
288 1135 394 1198 neque
416 1116 500 1182 enim
518 1115 710 1181 Xenarobus
725 1114 961 1197 Peripateticus
978 1121 1109 1199 propter
1124 1121 1233 1180 sectae
1248 1114 1469 1181 diversitatem

105 1216 151 1281 ab
170 1216 238 1281 Arii
261 1216 483 1286 iamiharitate
504 1219 654 1284 exclusus
676 1223 754 1283 erat.
773 1218 779 1248 ¹
819 1225 852 1282 ct
873 1217 915 1282 de
937 1224 1027 1282 secta
1048 1217 1138 1281 nulla
1159 1224 1266 1299 potest
1287 1237 1359 1284 esse
1380 1219 1470 1284 dubi-

105 1319 200 1384 tatio.
242 1340 317 1385 nam
346 1321 433 1403 quod
463 1340 504 1387 ex
526 1320 635 1386 Stoico
661 1320 770 1385 colore
792 1319 959 1402 Epitomes
985 1319 1142 1402 suspicari
1165 1318 1297 1400 licebat,
1329 1320 1362 1384 id
1384 1342 1470 1386 nunc

104 1442 146 1488 ex
183 1421 304 1488 Laertii
337 1422 494 1505 Diogenis
527 1422 599 1487 libri
621 1421 682 1487 VH
715 1422 822 1488 indice
855 1421 1073 1487 Laurentiano
1095 1421 1203 1485 LXIX
1226 1422 1267 1486 35
1298 1423 1361 1504 [ed.
1384 1424 1469 1490 Rose

103 1521 515 1610 Herm.1370]²liquido
538 1530 674 1590 constat.
713 1524 892 1590 Stoicorum
915 1524 1001 1589 enim
1029 1524 1141 1588 schola
1166 1524 1242 1590 inde
1264 1544 1285 1589 a
1311 1526 1468 1593 Panaetio

103 1627 310 1709 maximeque
325 1627 500 1693 Posidonio
523 1629 657 1692 multum
679 1646 701 1691 a
723 1627 858 1710 pristino
881 1626 987 1708 rigore
1008 1625 1185 1709 remiserat,
1208 1647 1271 1709 quo
1295 1629 1467 1696 eclecticae

103 1729 224 1794 rationi
246 1737 361 1812 postea
382 1729 425 1793 ah
441 1729 601 1795 Antiocho
624 1729 764 1794 maxime
786 1729 1031 1794 commendatae
1053 1728 1180 1794 facilius
1195 1750 1231 1795 se
1252 1731 1441 1814 applicaret.
1458 1736 1468 1766 ³

104 1833 206 1896 Arius
227 1838 337 1896 antem
355 1831 574 1897 Alexandriae
594 1839 701 1916 natus,
724 1851 788 1914 qua
809 1831 843 1896 in
865 1831 945 1896 urbe
968 1830 1193 1915 philosophiae
1215 1833 1323 1898 studia
1344 1844 1469 1902 mature

103 1955 147 2000 ex
174 1942 336 2001 sectarum
362 1954 443 2018 gyro
470 1934 503 1999 iu
531 1933 678 1999 latiorem
705 1935 883 1999 litterarum
912 1953 1060 2017 campum
1088 1935 1206 2000 educta
1232 1934 1323 2001 suere
1350 1937 1468 2020 ubique

104 2037 244 2120 primum
267 2058 348 2119 qaae
372 2038 570 2119 philosophie
594 2038 669 2118 fait,
695 2042 731 2100 ut
752 2035 799 2100 ait
822 2036 962 2119 Seneca,
984 2038 1155 2117 philolopio
1179 2039 1269 2117 fucta
1295 2047 1352 2114 ert,
1375 2041 1470 2106 Alex-

104 2138 267 2205 andriae‘
292 2138 424 2220 iuquam
454 2139 610 2204 laxiorem
637 2138 726 2201 illam
749 2136 1000 2220 philosophandi
1029 2137 1188 2204 rationem
1213 2138 1348 2206 imbibit.
1392 2162 1469 2207 num

105 2239 304 2305 Antiochum
327 2241 433 2325 ipsum
455 2240 616 2306 audiverit
637 2239 808 2305 nescimus·
831 2239 889 2304 sed
911 2239 1002 2303 norit
1016 2239 1087 2305 sinc
1101 2239 1200 2305 dubio
1214 2241 1469 2309 Alexandrinum

105 2340 273 2406 Eudomm
295 2343 476 2426 aequalem,
501 2343 591 2408 ouius
612 2342 755 2426 Διαίρεσιν
777 2344 829 2405 τοῦ
850 2342 925 2404 κατὰ
946 2343 1118 2427 φιλοσοφίαν
1140 2342 1228 2424 λόγου
1250 2342 1283 2407 in
1305 2346 1470 2428 prooemio

105 2461 181 2506 cunr
208 2443 306 2509 leude
334 2444 598 2510 commemoravit
624 2450 657 2509 et
678 2443 771 2508 iuxta
791 2442 962 2509 Philonem
983 2444 1154 2527 excerpsit.
1197 2446 1365 2529 exemplar
1392 2467 1470 2513 vero

106 2544 261 2611 Eudorus
281 2553 331 2612 est
352 2546 496 2613 eclectici
519 2545 714 2631 philosophi.
759 2545 813 2626 qui
836 2544 965 2611 Stoicus
991 2553 1042 2610 est
1063 2566 1250 2631 germanus,
1278 2547 1306 2612 si
1328 2549 1470 2634 Διαίρεσιν

106 2647 294 2731 inspexeris
315 2650 368 2715 vel
391 2649 653 2732 meteorologica,
676 2666 759 2729 quae
782 2665 822 2711 ex
838 2647 983 2712 Diodoro
1006 2648 1231 2714 mathematico
1250 2649 1471 2716 Alexandrino

108 2758 267 2834 excerpta
289 2771 362 2817 esse
384 2751 451 2816 dixi
473 2772 504 2835 p.
521 2753 622 2834 22sq.
645 2757 679 2816 at
693 2747 878 2814 Academici
899 2769 1018 2816 nomen
1039 2749 1204 2833 professus
1220 2757 1278 2831 est,
1301 2754 1388 2835 quod
1405 2774 1471 2818 non

107 2853 217 2918 solam
244 2852 388 2919 Achilles
413 2876 445 2937 p.
463 2855 549 2918 1530
575 2850 626 2939 [cl.
649 2869 748 2934 supra
775 2871 805 2933 p.
823 2847 875 2936 22]
902 2852 960 2916 sed
989 2852 1087 2917 etiam
1113 2851 1297 2937 Simplicius
1323 2862 1470 2920 testatur.

106 2954 208 3037 quid?
230 2954 317 3038 qnod
331 2954 498 3022 Aristoteli
520 2976 648 3038 quoque
671 2953 864 3037 explicando
888 2973 1020 3037 operam
1035 2955 1178 3039 navarit,
1201 2975 1297 3037 quarn
1313 2976 1471 3022 commen-

105 3056 184 3121 tarii
198 3057 234 3122 in
248 3056 429 3141 categorias
444 3077 510 3122 non
526 3076 600 3122 raro
616 3055 759 3121 laudant
775 3055 786 3088 ⁵
818 3055 894 3120 hinc
910 3062 1002 3121 aetas
1016 3056 1101 3121 inter
1118 3056 1337 3122 Andronicum
1352 3057 1473 3122 Aristo·

182 3263 189 3293 ¹
208 3264 303 3315 Strabo
324 3262 390 3313 xlv
408 3279 433 3326 p.
447 3261 499 3314 670
522 3258 647 3332 Ξίναρχος
670 3260 696 3314 δὲ
719 3262 810 3328 [supra
827 3264 1013 3327 Peripateticus
1032 3263 1128 3327 dietus]
1151 3260 1180 3314 οὗ
1203 3260 1383 3332 ηκροαυάμιδα
1400 3262 1472 3331 ἡμεῖς
1583 3259 1587 3265 ’

106 3350 134 3401 tv
155 3349 220 3419 οίιιρ
243 3351 289 3417 μὲν
314 3347 343 3401 οδ
362 3346 425 3400 πολὺ
444 3347 579 3418 διίτριψιν,
597 3350 623 3401 tr
640 3347 806 3418 Ἀλεξανδρτίφ
828 3347 854 3400 cl
872 3349 916 3400 καί
933 3344 1049 3417 Ἀθήνησι
1067 3349 1111 3400 καί
1129 3348 1158 3400 τὸ
1176 3348 1315 3401 τελευταῖον
1333 3350 1358 3401 lv
1374 3346 1472 3419 Ῥώμῃ

104 3437 151 3490 rte
170 3436 328 3490 παιδευτικὸν
346 3436 399 3506 βίον
418 3435 534 3504 ὶλδμινος
556 3437 712 3505 γρηοιίμινος
734 3435 761 3487 tl
785 3435 828 3487 καὶ
845 3443 877 3505 τῇ
898 3433 1010 3505 'Aprica
1029 3434 1099 3504 φιλίᾳ
1117 3437 1160 3487 καὶ
1179 3437 1242 3503 μετὰ
1260 3440 1339 3488 ταῦτα
1357 3444 1389 3506 τῇ
1410 3431 1471 3488 Kel-

105 3540 184 3595 στρος
202 3528 248 3575 τοῦ
267 3520 393 3593 Στβαστοῦ
413 3522 533 3575 διετέλεσε
552 3523 627 3592 μέχρι
645 3524 730 3593 γήρως
748 3523 774 3574 ίν
791 3529 852 3592 τιμῇ
871 3523 998 3592 ἀγόμενος.

180 3610 192 3644 ¹
210 3614 323 3663 eundem
340 3614 451 3663 indicem
468 3615 496 3663 in
515 3614 636 3664 Parisino
658 3609 725 3663 1759
744 3627 826 3677 nuper
843 3618 956 3678 repperlt
974 3615 1011 3663 Μ.
1030 3613 1164 3662 Bonnetus
1184 3615 1251 3664 ldus.
1265 3613 1348 3664 Rhen.
1362 3613 1471 3663 XXXII

104 3719 132 3766 p.
153 3699 216 3753 579.

182 3786 195 3819 ²
214 3803 291 3852 qnam
303 3787 464 3838 fluctuaverit
476 3789 525 3837 ists
537 3796 621 3837 aetate
634 3795 760 3837 sectarum
772 3787 918 3847 discrimen,
936 3786 1012 3836 docet
1030 3787 1094 3836 illud
1112 3788 1144 3836 de
1157 3789 1290 3838 Ariticchc
1309 3783 1346 3837 dri
1364 3785 1390 3837 ἐν
1401 3782 1472 3837 Ἀκα-

104 3872 189 3942 δημίφ
208 3872 337 3942 φιλοσοφεῖ
352 3871 384 3923 τὰ
402 3867 504 3924 Στωικοί
522 3873 606 3937 [Sext.
626 3876 694 3940 Hyp.
712 3875 726 3924 I
745 3871 817 3937 ⁵235}

181 3961 192 3992 ⁴
212 3978 267 4013 non
280 3976 341 4012 caen
351 3961 446 4010 iactum
459 3964 580 4025 estquod
593 3962 833 4012 Alexandrinus
846 3962 956 4011 Potamo
970 3962 1157 4011 eclectiesm
1175 3970 1269 4011 sectam
1287 3964 1415 4012 iuvenisse
1434 3963 1472 4011 di·

107 4050 278 4100 citarLscrt.
292 4044 360 4098 121.
380 4058 491 4098 ceterum
511 4064 563 4099 nen
580 4065 642 4112 rem,
661 4050 706 4100 sed
720 4064 814 4098 nomen
828 4063 938 4097 novasse
952 4049 1065 4109 ridetur,
1080 4064 1135 4099 eum
1149 4058 1225 4100 antea
1245 4064 1296 4098 vox
1315 4062 1473 4115 συμπεφορη-

107 4136 186 4202 μένος
205 4139 231 4187 in
251 4153 298 4187 usu
317 4144 391 4185 esset
411 4136 442 4186 ef.
464 4136 498 4184 ed
516 4138 689 4203 Theophrasti
709 4137 781 4201 phys.
801 4136 831 4185 fr.
849 4132 873 4184 2.
891 4137 1045 4186 Potamonis
1057 4136 1175 4187 doctrine
1188 4145 1225 4185 est
1239 4135 1336 4196 Stoica,
1349 4145 1474 4198 quantum

106 4225 202 4288 dispici
221 4233 321 4288 petest,
339 4224 385 4272 sed
404 4224 551 4274 Aristotelis
571 4226 706 4287 categoriis
725 4224 854 4273 admixtis.
878 4224 910 4272 ci.
930 4224 1008 4271 Arius
1027 4223 1072 4272 ecl.
1093 4225 1144 4272 eth.
1164 4241 1188 4288 p.
1200 4223 1273 4275 46Η.
1297 4221 1473 4288 euprepio·

106 4310 167 4359 libri
197 4311 286 4360 titulus
310 4307 463 4378 στοιχιίωσις
486 4312 520 4360 sd
542 4312 680 4362 Posidonii
705 4311 850 4375 exemplum
869 4307 913 4370 [cl.
936 4326 1013 4374 supra
1030 4326 1055 4375 ρ.
1068 4307 1115 4372 ’21]
1137 4310 1209 4360 flotus
1233 4310 1341 4360 videtur.
1378 4327 1410 4360 ex
1434 4310 1474 4359 his

107 4397 231 4447 omuibus
252 4399 309 4446 Arii
329 4398 429 4447 Eudori
447 4399 576 4448 Aristonis
595 4401 692 4448 socium
712 4398 865 4461 adgnosces.
893 4399 958 4446 vixit
977 4398 1045 4446 euim
1063 4405 1091 4445 ut
1109 4399 1146 4446 ait
1158 4397 1251 4447 Suidss
1270 4394 1318 4464 πρὸ
1331 4393 1474 4463 Αὐγούστου

106 4484 152 4534 ul
170 4480 225 4550 μετ’
246 4481 323 4534 αίιτόν
341 4483 441 4546 [malim
459 4481 515 4535 κατ’
537 4481 632 4548 scrop.
659 4485 778 4536 tenebras
798 4499 861 4547 quas
880 4485 942 4533 olim
961 4499 993 4533 ex
1008 4485 1105 4533 Laertii
1124 4485 1208 4534 verbis
1227 4481 1263 4534 δτι
1282 4481 1308 4534 δδ
1326 4482 1373 4552 πρὸ
1391 4480 1475 4551 ὀλίγου

106 4571 151 4621 καί
171 4568 308 4639 &merab
331 4587 369 4627 τις
391 4568 481 4639 elprae
499 4568 606 4640 είσήχδη
626 4569 674 4622 ὑπὸ
693 4566 848 4637 Ποτάμωνος
866 4571 1026 4630 offuderunt,
1049 4573 1177 4635 sagaciter
1196 4572 1303 4636 dispulit
1320 4572 1474 4622 Nietscheus

108 4658 178 4707 llus.
198 4658 248 4708 Rh.
267 4659 346 4708 XXV
368 4655 428 4718 776,
447 4660 479 4708 de
497 4660 589 4710 Diocle
608 4670 693 4710 minen
712 4660 799 4708 iebus.

181 4740 192 4772 ³
207 4742 326 4808 Simplio.
346 4747 373 4795 in
392 4754 441 4795 eat
460 4739 485 4795 δ”
499 4743 541 4796 3a
557 4744 594 4811 [ρ.
608 4746 659 4799 61Ἰ
673 4743 707 4797 25
717 4745 775 4808 Bu]
792 4741 850 4800 τοὺς
861 4741 981 4800 παλαιοὺς
998 4749 1050 4795 τῶν
1065 4738 1230 4812 Κατηγοριῶν
1243 4740 1364 4813 ἐξηγητὰς
1377 4742 1474 4795 αἰτιῶν·

104 4847 145 4880 ται
167 4825 268 4898 Βοηδδν
287 4829 332 4880 καὶ
344 4826 508 4897 Ἀρίστωνα
527 4831 570 4882 καὶ
588 4826 737 4899 Εὔδωρον
756 4831 799 4882 aul
812 4826 963 4898 Ἀνδρόνικον
980 4831 1023 4882 καὶ
1040 4828 1217 4899 Ἀθηνόδωρον.
1236 4848 1253 4880 κ
1266 4831 1303 4883 4b
1321 4831 1357 4897 [p.
1371 4831 1419 4886 bob
1430 4831 1474 4895 17]

106 4912 226 4987 Εὔδωρος
244 4915 272 4969 tl
291 4923 329 4985 τῷ
347 4918 403 4985 aspi
420 4920 466 4985 τῆς
484 4915 568 4977 οὐσίας
584 4917 651 4989 λόγῳ
669 4917 712 4969 τὸν
730 4918 784 4987 περὶ
803 4920 848 4986 τῆς
867 4916 998 4987 ποιότητος
1016 4917 1088 4985 λόγον
1107 4917 1150 4969 καὶ
1169 4917 1232 4985 μιτά
1251 4922 1339 4970 τοῦτον
1357 4918 1400 4971 τὸν
1418 4918 1473 4988 περὶ

159 5028 247 5075 Diels.
268 5029 414 5078 Doumphl
433 5030 517 5080 mccl.
1253 5006 1273 5070 6
