3442 5588
646 361 922 413 raonueosrnrm
1396 362 1459 430 243

101 526 304 592 enchiridion
330 527 431 592 latum
461 528 553 594 nobis
581 529 712 612 invidit,
743 529 784 596 de
810 549 873 612 quo
901 530 1041 613 loquitur
1063 549 1088 594 c.
1105 531 1146 594 16
1169 532 1224 595 ὅσα
1251 535 1303 614 μὲν
1325 534 1402 605 εἰκὸς
1425 535 1459 620 ἧν

100 631 167 713 περὶ
189 635 247 692 τῶν
270 631 480 694 συντελούντων
502 631 543 700 εἰς
564 633 597 694 τὸ
612 633 727 714 λογικὸν
743 632 830 717 μέρος
843 637 896 717 τῆς
909 633 1082 718 φιλοσοφίας
1096 634 1186 696 εἰπεῖν
1202 630 1325 720 ἑτέρῖοθι
1340 639 1460 722 διῆλθον

101 732 150 794 διὰ
172 732 323 795 πλειόνων.

188 832 355 918 Adscripsi
371 833 457 900 hunc
480 835 585 901 locum
601 836 696 900 simul
712 856 752 902 ea
767 835 809 903 de
823 856 949 921 caussa,
972 839 1059 920 quod
1082 839 1233 904 ordinis
1256 839 1461 906 manifestum

104 935 214 1019 prodit
242 936 404 1002 indicium.
449 956 523 1002 nam
550 937 584 1002 in
612 937 776 1004 codicibus
801 958 866 1003 non
892 939 988 1005 modo
1019 961 1046 1006 c.
1064 942 1121 1025 16,
1155 962 1217 1024 quo
1251 942 1294 1006 ad
1326 941 1463 1026 physica

100 1039 258 1105 transitus
273 1037 317 1121 fit,
340 1038 512 1106 sedetiam
529 1042 568 1105 17
586 1041 627 1105 18
644 1042 684 1105 19
699 1046 732 1106 ct
747 1039 834 1123 quod
848 1040 989 1124 ineptius
1005 1050 1054 1108 est
1071 1045 1111 1108 15
1127 1044 1167 1109 de
1186 1043 1462 1110 demonstratione

102 1141 218 1208 mediis
229 1140 372 1226 physicis
384 1147 457 1224 post
469 1162 496 1207 c.
509 1143 550 1206 35
562 1142 767 1209 immiscetur.
790 1163 868 1225 ergo
881 1143 1043 1209 turbatam
1055 1166 1127 1211 esse
1139 1145 1308 1230 pristinam
1320 1144 1462 1229 capitum

102 1244 349 1310 collocationem
372 1264 443 1309 cum
466 1243 538 1327 ipsa
560 1245 642 1310 ratio
665 1250 733 1310 tum
755 1244 812 1309 illa
835 1245 1000 1330 scriptoris
1023 1245 1124 1312 verba
1146 1249 1297 1313 clamant.
1342 1255 1375 1314 et
1396 1248 1463 1314 ani-

102 1366 190 1411 mum
213 1347 354 1413 advertit
369 1345 548 1412 Martianus
563 1347 656 1431 Rota,
680 1347 734 1431 qui
757 1353 866 1413 tamen
881 1347 1067 1415 turbulenta
1081 1350 1313 1433 transponendi
1328 1350 1462 1418 libidine

101 1469 172 1515 rem
200 1449 299 1514 etiam
325 1449 429 1531 mags
456 1448 622 1533 implicuit.
657 1449 746 1515 cuius
773 1450 919 1516 ordinem
948 1450 1056 1516 sanxit
1083 1449 1270 1517 Charterius
1298 1460 1331 1518 et
1359 1454 1463 1520 editor

103 1550 296 1635 Lipsiensis,
324 1550 428 1616 donec
449 1550 668 1617 Laurentiano
691 1558 855 1637 protracto
877 1552 966 1617 fraus
989 1551 1153 1636 patefacta
1177 1559 1235 1637 est,
1258 1554 1344 1620 uude
1366 1554 1463 1622 facile

103 1661 175 1720 erat
197 1653 341 1720 erroneis
362 1652 433 1719 istis
455 1653 614 1737 capitibus
636 1673 729 1718 suum
751 1654 919 1738 assignare
941 1654 1056 1720 locum.
1091 1652 1250 1737 prioribus
1272 1655 1352 1722 meis
1370 1657 1463 1740 argu?

103 1755 222 1821 mentis
244 1755 299 1838 [de
315 1756 389 1822 Gal.
404 1756 443 1820 H.
460 1755 514 1839 ph.
537 1776 568 1839 p.
586 1756 627 1820 16
638 1757 720 1839 sqq]
743 1777 840 1822 unum
863 1756 960 1840 addo,
983 1756 1070 1838 quod
1092 1774 1119 1821 e.
1136 1758 1177 1822 35
1200 1757 1256 1821 ὅσα
1277 1758 1341 1821 κατ’
1369 1761 1463 1845 ἀρχὰς

104 1858 169 1943 περὶ
192 1859 264 1921 θεοῦ
279 1858 409 1942 λέγοντας
423 1859 686 1942 παραλελοίπαμεν,
707 1863 800 1923 ταῦτα
814 1863 863 1922 νῦν
879 1859 1000 1943 ἐροῦμεν
1022 1856 1162 1924 absurde
1184 1867 1379 1944 moneretur,
1402 1862 1463 1926 nisi

104 1962 177 2045 ipsa
198 1960 281 2027 baec
304 1960 420 2044 capitis
436 1960 477 2024 16
499 1961 541 2026 dc
563 1960 624 2027 deo
647 1959 824 2044 disputatio
847 1960 935 2044 prius
957 1961 1042 2026 lecta
1065 1967 1160 2027 esset.
1195 1982 1235 2028 ex
1257 1962 1379 2028 eisdem
1396 1984 1464 2029 ver-

105 2063 154 2128 bis
177 2063 266 2128 baud
288 2063 355 2127 scio
377 2081 422 2127 an
443 2068 586 2128 mutatae
609 2062 695 2129 sedis
718 2082 817 2128 causa
839 2070 1007 2147 appareat.
1041 2064 1149 2147 capita
1165 2064 1290 2129 16-19
1313 2071 1345 2129 et
1368 2065 1465 2130 15111

105 2165 176 2230 cod.
191 2164 232 2249 Α,
254 2170 290 2228 ut
310 2164 373 2230 boc
395 2172 477 2248 utar,
499 2164 612 2232 folium
635 2164 882 2248 sesquialterum
905 2165 1081 2249 complent,
1108 2184 1192 2249 quae
1214 2165 1241 2230 si
1263 2165 1306 2231 ad
1328 2167 1465 2231 duorum

103 2266 255 2333 foliorum
282 2268 422 2350 spatium
449 2266 582 2334 diducta
609 2267 712 2351 fingas
734 2267 856 2354 (potest
878 2274 986 2333 autem
1009 2267 1130 2333 factum
1154 2287 1225 2334 esse
1248 2274 1284 2332 ut
1305 2268 1465 2352 quaedam

104 2367 364 2455 interciderent),
390 2369 613 2453 quaternionis
641 2388 798 2453 compage
826 2370 934 2435 soluta
960 2371 1157 2454 plagulaque
1179 2389 1316 2436 excussa
1341 2370 1466 2436 incerta

106 2472 185 2538 sede
208 2469 422 2554 vagabantur.
467 2472 553 2555 quod
581 2471 607 2537 si
630 2471 699 2537 lieri
721 2470 866 2555 potuisse
888 2472 1046 2556 concedis,
1070 2471 1224 2556 quidnam
1246 2471 1377 2536 librario
1399 2493 1466 2538 non

108 2575 180 2640 dico
213 2575 309 2640 docto
340 2574 398 2639 sed
425 2573 479 2657 qui
507 2573 672 2659 scriptoris
700 2573 801 2639 verba
827 2573 1031 2658 intellegeret
1060 2574 1193 2660 pronius
1221 2580 1292 2640 crat
1320 2575 1466 2658 magisve

106 2676 351 2760 ignoscendum,
374 2695 471 2758 quam
494 2677 580 2760 quod
603 2676 856 2760 disputationem
872 2677 913 2742 de
928 2677 990 2743 deo
1005 2679 1077 2743 loco
1092 2685 1212 2744 motam
1227 2676 1325 2761 capiti
1341 2678 1383 2743 35
1401 2679 1467 2764 περὶ

107 2782 179 2844 θεοῦ
208 2777 385 2869 adnexuit?
416 2780 687 2863 transpositorum
715 2779 857 2864 capitum
884 2778 989 2862 qualis
1014 2777 1111 2846 fuerit
1140 2780 1224 2846 iuter
1251 2799 1287 2844 se
1315 2799 1467 2865 conexus,

110 2883 246 2948 liberum
269 2880 498 2947 coniectaturis
520 2881 679 2965 relinquo.
713 2902 811 2948 unum
833 2889 883 2948 est
898 2887 1046 2965 apertum
1061 2879 1230 2966 archetypi
1246 2882 1468 2948 condicionem

109 2984 209 3050 fuisse
231 2983 405 3068 pessimam
428 2991 526 3067 atque
548 2982 641 3049 varia
663 2983 869 3068 corruptione
890 2982 1110 3049 infelicissime
1132 2987 1294 3048 vexatam.
1332 2984 1468 3050 lacunae

111 3094 166 3152 aut
189 3084 353 3152 indicatae
374 3092 430 3152 aut
452 3086 674 3152 dissimulatae
697 3085 915 3173 compluriens
937 3092 1109 3170 apparent,
1136 3085 1227 3149 nulla
1249 3085 1352 3150 maior
1372 3106 1469 3169 quam

111 3189 140 3254 in
164 3208 236 3272 cap.
253 3189 284 3255 3.
318 3195 547 3256 enumerantur
569 3189 654 3254 enim
678 3189 916 3256 successionum
933 3188 1045 3254 variae
1060 3186 1158 3270 vices,
1181 3206 1263 3269 quas
1279 3194 1353 3270 post
1368 3188 1471 3255 Phae·

111 3291 229 3357 donem
251 3290 438 3359 Elidensem
460 3291 646 3356 Anaxarchi
669 3290 790 3357 mentio
812 3290 1039 3374 intempestive
1058 3288 1232 3372 intercipit.
1266 3290 1363 3373 paulo
1385 3289 1471 3356 infra

112 3393 401 3479 Peripateticorum
422 3392 567 3459 familiae
582 3393 741 3476 Epicurus
755 3391 1058 3476 contubcmalisque
1074 3391 1278 3457 Metrodorus
1294 3390 1472 3474 adiungun-

111 3503 170 3562 tnr.
206 3494 261 3579 qui
284 3495 478 3579 simulatque
499 3493 657 3559 nominati
680 3500 769 3580 sunt,
796 3515 872 3561 ecce
899 3495 941 3561 de
964 3495 1055 3561 caelo
1078 3493 1233 3576 delapsus
1256 3491 1471 3578 Pythagoras.

109 3597 231 3665 deinde
245 3604 361 3682 aperta
383 3604 433 3663 est
454 3598 582 3681 lacuna,
605 3603 680 3681 post
702 3616 798 3679 quam
813 3597 948 3663 Italicae
972 3595 1187 3663 successionis
1202 3594 1303 3661 series
1317 3593 1402 3660 iusto
1418 3593 1472 3660 filo

104 3701 150 3766 ad
180 3702 394 3783 Protagoram
421 3719 523 3782 usqne
552 3698 708 3782 perducta
737 3705 797 3764 est.
840 3699 894 3783 qui
922 3699 1009 3764 idem
1038 3704 1168 3782 praeter
1196 3695 1472 3780 exspectationem

104 3822 232 3886 agmen
258 3801 388 3868 claudit.
436 3800 500 3866 iam
528 3800 639 3866 confer
664 3820 736 3865 cum
762 3800 946 3866 tristissima
972 3799 1225 3882 perturbationis
1246 3797 1388 3882 imagine
1411 3798 1474 3863 sin-

101 3925 221 3972 cerum
251 3902 463 3987 capitulorum
492 3903 652 3986 ordinem,
679 3921 774 3984 quem
802 3902 981 3968 certissima
1002 3900 1130 3968 ratione
1151 3901 1359 3968 restituimus.
1404 3920 1475 3983 per-

102 4009 232 4094 spicics
261 4006 381 4072 vetusti
409 4006 482 4072 libri
508 4003 620 4071 lolium
648 4003 812 4086 quoddam
840 4002 903 4069 situ
933 4023 1096 4068 corrosum
1126 4003 1323 4087 discerptum
1346 4022 1418 4067 esse
1441 4001 1474 4066 in

106 4108 320 4196 panniculos,
358 4129 493 4192 quorum
523 4126 600 4192 pars
633 4104 768 4193 interiit,
801 4107 857 4172 alii
890 4113 1039 4190 prompta
1072 4104 1233 4171 medicina
1260 4124 1281 4169 a
1308 4102 1474 4169 librariolo

109 4212 231 4278 hiulcis
252 4210 440 4277 vulneribus
464 4218 627 4294 tamquam
649 4207 828 4276 linamenta
848 4207 959 4274 infarti
981 4214 1064 4273 suut
1100 4207 1158 4274 scd
1175 4208 1228 4272 vel
1242 4205 1327 4271 hanc
1343 4225 1476 4289 operam

110 4314 189 4381 boni
205 4314 448 4380 consuleremus
462 4349 504 4360 -
519 4312 615 4379 facile
637 4319 687 4378 est
706 4311 792 4379 euim
806 4310 959 4378 resnendi
973 4307 1140 4392 negotium
1154 4346 1197 4355 -
1211 4309 1307 4374 modo
1323 4306 1365 4372 ab
1381 4307 1477 4372 inter-

112 4416 334 4502 polationibus
354 4414 573 4499 abstinuisset,
594 4433 678 4497 quae
692 4413 765 4498 ipsa
786 4413 931 4480 oratione
947 4410 1150 4496 Byzantinae
1165 4409 1337 4477 barbariae
1357 4407 1477 4473 indicia

113 4518 264 4603 produnt.
300 4518 355 4581 εἰσὶ
378 4518 415 4582 δὲ·
432 4521 491 4580 τῶν
512 4516 723 4602 γενναιοτέρων
738 4516 906 4601 φιλοσόφων
928 4514 1057 4583 ἴνδιιιες
1080 4515 1142 4592 δύο,
1163 4515 1237 4583 τινὲς
1253 4513 1305 4596 μὲν
1319 4510 1477 4575 Ἰταλιῶται

117 4623 156 4684 ὧν
183 4620 360 4706 Πυθαγόρας
386 4621 505 4706 εὑρετὴς
531 4619 679 4704 γεγένηται
711 4620 758 4682 καὶ
787 4621 803 4683 ὁ
830 4619 905 4682 κατὰ
933 4617 984 4701 τὴν
1009 4614 1124 4679 Ἐλαίαν
1154 4616 1297 4697 ἀκμάσας.
1331 4613 1477 4679 fraudem

120 4730 247 4806 praeter
270 4722 451 4788 orationem
477 4723 531 4787 vel
559 4721 635 4787 inde
658 4727 767 4804 tenes,
790 4720 876 4803 quod
899 4717 1016 4784 Galcni
1038 4737 1124 4782 nunc
1145 4716 1295 4781 mutilata
1317 4713 1478 4780 successio

122 4825 279 4908 tripartita
300 4823 361 4889 luit
381 4844 448 4889 non
471 4823 624 4908 bipartita
646 4841 742 4905 quam
765 4821 868 4887 voluit
889 4820 955 4886 ille.

202 4925 341 4992 Omnino
364 4925 460 4991 latins
475 4930 567 5008 patet
582 4925 664 4991 baec
677 4923 887 5007 interpolatio
903 4943 944 4988 ex
960 4921 1154 4988 scholastico
1171 4941 1231 4987 usu
1247 4919 1374 4986 affricta
1389 4938 1479 5003 prae

1210 5023 1278 5088 16*
