3442 5588
734 343 1010 396 raouncounns
1506 346 1545 409 ῃ

269 508 336 574 Sed
365 508 472 573 omnia
500 506 581 573 baec
611 528 694 591 quae
720 507 841 575 contuli
869 528 934 572 nou
957 508 1132 592 sufficiunt,
1161 508 1277 591 quibus
1305 509 1413 591 opinio
1437 521 1548 579 nostra

180 616 276 674 extra
299 630 427 676 omnem
448 608 618 676 dubitandi
641 611 747 676 aleam
766 615 913 694 ponatur.
947 632 1023 676 nam
1045 614 1117 679 cum
1133 612 1284 678 liberiore
1300 610 1440 692 quadam
1454 634 1547 697 para·

179 711 294 796 phrasi
316 712 440 778 Ariana
462 712 564 778 verba
593 713 883 796 circumscriberet,
913 715 999 796 quod
1027 735 1065 780 ex
1093 715 1150 779 illo
1177 714 1356 796 fragmento
1386 715 1547 798 discimus,

180 813 259 896 quid
285 813 469 899 impedivit,
497 815 667 897 quominus
693 834 773 880 suae
795 816 896 881 aetati
917 816 1111 883 inserviret?
1142 815 1287 882 Zellerus
1310 814 1438 896 quidem
1460 818 1546 883 1112

181 937 212 1000 p.
230 917 291 980 191
316 917 612 1001 pythagorissantis
640 916 801 981 Platonici
827 918 965 1000 vestigia
991 925 1106 1002 aperta
1132 917 1193 983 sibi
1220 915 1383 980 invenisse
1410 917 1545 983 ridetur.

180 1017 268 1084 idem
299 1018 379 1083 mibi
410 1039 477 1083 non
506 1019 648 1101 contigit.
694 1025 835 1084 ceterum
857 1019 928 1103 ipse
955 1022 1038 1086 ΙΠ1
1069 1043 1099 1105 p.
1117 1021 1180 1086 725
1210 1016 1395 1084 eclecticam
1422 1026 1547 1085 tantum
1656 1054 1659 1058 ·

180 1120 279 1186 modo
295 1121 455 1186 rationem
471 1120 598 1185 Alcinoi
613 1120 749 1185 taxavit.
767 1121 775 1152 ¹
808 1129 962 1203 quantum
978 1124 1075 1206 igitur
1092 1121 1265 1206 peculiaris
1288 1119 1453 1186 doctrinae
1471 1122 1547 1188 illuc

181 1220 348 1288 affluxerit
375 1222 580 1307 peritioribus
606 1223 753 1305 relinquo
781 1223 824 1287 ad
852 1223 1129 1290 diiudicandum.²
1173 1224 1250 1288 mibi
1278 1242 1355 1289 vcro
1382 1245 1447 1289 nou
1473 1226 1546 1292 leve

179 1324 401 1390 testimonium
424 1325 597 1392 videbatur
620 1324 762 1408 originis,
786 1325 873 1408 quod
895 1327 1008 1392 Ariani
1034 1327 1120 1391 tituli
1143 1326 1255 1390 similis
1281 1332 1331 1390 est
1352 1325 1479 1391 Alcinoi
1500 1328 1546 1392 in·

178 1425 313 1510 scriptio
338 1425 477 1512 Ἐτιτομὴ
506 1433 564 1492 τῶν
592 1428 748 1498 Πλάτωνος
776 1431 946 1511 δογμάτων,
981 1448 1076 1510 quam
1103 1448 1201 1511 supra
1234 1447 1274 1493 cx
1303 1427 1545 1495 vindobonensi

180 1526 406 1612 antiquissimo
429 1529 556 1613 protuli.

266 1630 449 1698 Stoicorum
472 1632 583 1699 libello
605 1634 819 1716 largissimam
844 1653 981 1699 messem
1002 1632 1255 1715 fragmentorum
1278 1630 1326 1718 [fr.
1344 1631 1481 1720 18-40]
1505 1655 1545 1700 ex

180 1732 316 1799 Stobaei
339 1734 483 1819 physicis
504 1736 712 1821 restituimus,
735 1755 819 1819 quae
835 1736 965 1818 egregie
979 1733 1236 1800 Eusebianorum
1250 1736 1447 1818 paucitatem
1462 1757 1546 1802 com-

180 1836 282 1918 plent.
318 1837 459 1902 citantur
482 1836 582 1902 Stoici
604 1838 692 1904 Zeno
716 1836 891 1904 Cleanthes
914 1836 1115 1921 Chrysippus
1137 1837 1313 1903 Panaetius
1334 1839 1545 1906 Mnesarchus

180 1937 400 2021 Apollodorus
428 1938 631 2005 Posidonius.
676 1938 811 2022 insignis
837 1946 887 2006 cst
918 1959 1094 2006 consensus
1123 1938 1161 2003 sr.
1178 1940 1217 2004 31
1245 1940 1287 2004 de
1320 1941 1438 2006 mundo
1472 1963 1543 2008 cum

179 2039 366 2107 Aristotelis
381 2040 547 2126 personati
563 2040 604 2107 dc
619 2040 739 2107 mundo
762 2044 822 2108 c2
846 2043 900 2125 qui
915 2041 1023 2108 verbis
1038 2041 1249 2124 aliquantum,
1271 2042 1368 2107 rebus
1383 2050 1416 2108 ct
1431 2044 1543 2111 ordine

180 2142 248 2208 fere
271 2141 353 2208 nibil
367 2144 477 2209 distat.
510 2143 563 2209 hic
585 2143 670 2210 enim
692 2143 817 2226 frigidis
838 2143 990 2227 ampullis
1012 2143 1127 2209 eadem
1142 2143 1361 2209 Posidoniana
1383 2143 1433 2231 [cf.
1454 2168 1485 2228 p.
1501 2148 1540 2212 21

179 2243 286 2310 Zellcr
302 2246 350 2311 lll
367 2249 396 2330 1,
412 2244 487 2333 572]
509 2246 690 2330 exemerit,
714 2266 798 2330 quae
820 2252 951 2313 servata
966 2245 1121 2311 orationis
1136 2245 1343 2329 simplicitate
1358 2249 1544 2333 compilarit

179 2345 285 2412 Arius.

265 2448 474 2515 Aristotelica
492 2450 629 2536 physica
644 2449 693 2537 [fr.
705 2449 823 2538 n-lt]
839 2449 948 2516 Stoico
965 2450 1073 2515 colore
1088 2449 1200 2533 tincta,
1223 2451 1282 2517 scd
1304 2471 1346 2518 cx
1359 2452 1542 2521 Aristotelis

180 2550 441 2633 metcorologicis
467 2554 657 2636 plerumque
683 2553 775 2620 libris
802 2554 881 2619 satis
902 2558 1053 2619 accurate
1075 2559 1229 2636 excerpta
1251 2574 1323 2620 esse
1345 2574 1443 2639 supra
1465 2556 1542 2622 dixi.

181 2659 316 2736 propter
337 2653 422 2719 hanc
444 2655 765 2738 meteorologicorum
788 2656 1026 2721 enarrationem
1049 2655 1146 2720 etiam
1169 2656 1345 2740 separatim
1366 2657 1394 2723 is
1413 2657 1542 2724 libellus

179 2754 369 2821 cedebatur
396 2763 453 2821 aut
480 2764 567 2823 certe
594 2758 763 2824 citabatur.
808 2757 992 2822 Priscianus
1014 2755 1143 2839 quidem
1166 2758 1279 2842 Lydus
1300 2760 1542 2842 quaestionibus

178 2859 243 2924 suis
273 2859 318 2924 ad
349 2858 527 2925 Ohosroem
558 2878 682 2945 regem,
712 2861 788 2925 dum
821 2861 996 2926 electorum
1023 2858 1213 2941 scriptorum
1240 2860 1476 2927 multitudinem
1506 2882 1542 2928 sc

179 2959 370 3027 adhibuisse
396 2980 483 3026 vana
508 2961 683 3029 iactatione
705 2963 836 3028 simulat
850 2963 870 3046 ⁸,
902 2985 933 3048 p.
952 2963 1015 3027 553
1038 2962 1158 3027 Plotini
1180 2961 1360 3027 Didotiani:
1391 2968 1440 3027 usi
1462 2985 1542 3046 quo·

180 3085 234 3145 pue
255 3085 374 3140 sumus,
391 3064 505 3148 inquit,
527 3065 654 3128 utilibus
669 3085 749 3147 quoe
763 3075 836 3129 sunt
851 3087 890 3128 ec
905 3065 1068 3129 Strabonis
1082 3068 1283 3148 geographia,
1307 3067 1419 3131 Lauini
1440 3063 1473 3150 [l.
1488 3065 1541 3130 Al-

179 3163 253 3251 bini]
284 3188 325 3229 ec
347 3171 421 3231 Gaii
446 3169 561 3231 scholis
586 3169 816 3250 exemplaribus
837 3169 1067 3232 Platonicorum
1096 3170 1280 3251 dogmatum.
1327 3171 1429 3232 adbuc
1450 3172 1541 3233 etium

180 3278 346 3332 commento
370 3273 489 3333 Gemini
505 3272 666 3333 Posidonii
688 3272 726 3333 de
749 3273 902 3354 μετεώρων
926 3282 954 3334 et
968 3271 1136 3335 Ptolemaei
1157 3276 1348 3354 propropttn
1370 3274 1408 3336 de
1430 3274 1541 3335 cimo-

172 3371 255 3433 iibus
278 3381 307 3434 et
330 3374 436 3452 siquid
456 3375 532 3436 utile
553 3375 643 3436 nobis
665 3395 706 3438 en
724 3375 950 3436 Astronomicis
972 3377 1132 3454 apperuit,
1156 3376 1370 3458 Marcionique
1391 3377 1542 3457 periepesi

180 3483 202 3534 et
217 3476 375 3557 μετεώρων
400 3477 579 3548 Arriani,
603 3478 834 3557 Didymoque
857 3476 900 3539 de
923 3478 1130 3541 Aristotele
1152 3489 1185 3541 et
1206 3481 1332 3559 ipsius
1353 3481 1541 3558 scriptore

180 3694 281 3765 ἄρξομαι
299 3694 325 3748 δ’
347 3695 461 3750 ἐντεῦθεν
483 3701 566 3750 simile
592 3709 632 3750 est
650 3700 718 3764 apud
744 3701 827 3749 Alcin.
847 3716 869 3748 c.
886 3698 913 3748 ll
936 3697 977 3749 ἐπὶ
995 3695 1021 3749 tl
1039 3697 1081 3749 τὸν
1100 3697 1252 3767 καλοὺμενον
1270 3700 1373 3768 φυσικὸν
1390 3701 1466 3752 τόπον
1484 3698 1541 3769 ἑῆς

180 3786 306 3854 χωρητέον
325 3784 440 3838 ἐντεῦθέν
459 3784 535 3838 codro
554 3783 706 3853 ἀρξαμένοις.

248 3871 254 3901 ¹
276 3888 345 3936 quae
365 3891 386 3925 c.
402 3874 433 3927 15
451 3877 483 3925 de
497 3874 665 3925 daemonibus
678 3875 839 3939 disputantur
852 3876 1001 3939 plerumque
1015 3874 1161 3926 Stoicorum
1174 3886 1240 3927 sunt.
1269 3893 1328 3926 nam
1341 3878 1410 3940 quod
1423 3879 1485 3927 dicit
1497 3872 1537 3944 ἀφ’

179 3954 210 4008 ὂν
232 3957 354 4028 κληδόνες
379 3963 423 4014 καὶ
441 3959 533 4014 timisi
550 3963 594 4013 nul
613 3958 725 4029 ὀνείρατα
748 3961 791 4012 καὶ
810 3961 919 4029 χρησμοὶ
944 3961 987 4012 καὶ
1012 3958 1057 4012 ὅσα
1081 3962 1146 4013 κατὰ
1170 3962 1286 4029 μαντείαν
1310 3961 1358 4013 ὑπὸ
1380 3958 1481 4029 θνητῶν
1503 3979 1542 4012 τε-

179 4044 328 4113 χνιτεὺεται,
352 4053 468 4101 similiter
492 4053 616 4102 docuerat
635 4051 791 4100 Posidonius
816 4052 883 4114 apud
914 4050 967 4099 Cic.
987 4051 1067 4099 divin.
1087 4048 1194 4100 13οω
1218 4067 1264 4100 nec
1290 4067 1363 4100 secus
1387 4053 1440 4115 ipse
1464 4053 1542 4100 Arius

177 4138 217 4185 ecl.
235 4138 263 4186 11
284 4154 309 4202 p.
328 4135 378 4189 122
396 4136 456 4189 εἶναι
474 4137 500 4189 δὲ
519 4137 565 4206 τὴν
583 4134 706 4204 μαντικήν
724 4150 797 4204 φασιν
817 4135 956 4206 ἐπιστήμην
975 4133 1172 4204 θεωρηματικὴν
1195 4135 1305 4205 σημείων
1331 4141 1383 4187 τῶν
1407 4135 1456 4188 ἀπὸ
1473 4133 1540 4188 θεῶν

178 4218 190 4289 ᾖ
208 4219 372 4290 δαιμόνων
390 4224 450 4296 πρὸς
469 4221 625 4293 ἀνθρώπινον
645 4221 697 4291 βίον
716 4223 888 4275 συντεινόντων
907 4227 938 4276 cf.
959 4244 982 4290 p.
997 4223 1056 4277 238.

243 4308 255 4340 ²
272 4314 405 4364 amicitiae
422 4310 534 4381 διαίρεσις
547 4331 569 4363 c.
582 4309 617 4363 33
629 4314 751 4362 convenit
763 4313 850 4375 ulique
864 4315 942 4363 modo
956 4330 1014 4364 cum
1026 4314 1145 4377 Diogene
1158 4314 1199 4362 111
1212 4313 1243 4364 81
1266 4316 1296 4364 of.
1310 4316 1357 4365 ecl.
1370 4315 1422 4364 ctb.
1441 4330 1465 4377 p.
1479 4311 1539 4364 308.

180 4400 221 4448 sed
240 4409 330 4450 cetero
348 4404 452 4453 diversa
469 4410 536 4452 aunt.

242 4487 306 4539 ὀί.
326 4491 358 4540 dc
383 4493 465 4541 ventis
488 4491 556 4541 Rosa
581 4489 672 4539 anecd.
691 4486 915 4552 graecolat158
939 4490 997 4539 bec
1015 4492 1101 4539 enim
1119 4495 1194 4540 sunt
1212 4504 1250 4537 ex
1270 4488 1378 4538 multis
1397 4490 1538 4552 scripto·

178 4577 263 4627 ribus
282 4587 416 4643 accepts
434 4577 671 4642 approbatione
690 4577 785 4627 nobis
803 4577 955 4627 sollicita
973 4578 1010 4626 de
1031 4588 1201 4628 ventorum
1220 4579 1436 4639 generacione
1460 4580 1538 4626 etin

180 4673 325 4728 qnantum
352 4675 526 4716 morantur
551 4672 582 4713 et
606 4664 763 4725 quomodo
788 4678 866 4714 sera
892 4676 1096 4714 commovent
1121 4667 1254 4729 proprio
1284 4674 1377 4713 motu.
1414 4680 1471 4712 cunr
1500 4664 1538 4712 his

180 4754 261 4802 confer
280 4753 397 4803 Roscnm
414 4750 487 4816 pte
511 4751 614 4802 nichts
636 4750 882 4815 destoweniger
900 4751 967 4814 gibt
990 4768 1024 4800 er
1048 4752 1098 4800 bis
1117 4752 1172 4801 aur*
1188 4753 1241 4800 eiu
1260 4766 1336 4815 puer
1355 4751 1464 4800 lrlcinc
1483 4765 1537 4799 zu·

181 4842 259 4890 sitne
279 4840 331 4889 die
350 4842 442 4890 reine
461 4839 702 4889 aristotelische
722 4837 811 4886 lehre
831 4837 921 4888 bloss
940 4854 998 4889 sus
1019 4839 1150 4888 Metcor.
1169 4839 1196 4888 11
1215 4838 1293 4890 4-6
1316 4840 1349 4887 in
1372 4842 1534 4899 cusedgcu

183 4927 306 4976 wieder.
345 4928 423 4976 doleo
443 4928 500 4976 Arii
519 4928 604 4989 capita
623 4927 654 4975 de
674 4927 755 4976 ventis
774 4940 827 4974 nou
847 4934 958 4975 exstare.
