3464 5586
258 349 319 412 126
363 353 402 402 lx
429 355 479 402 DE
498 350 755 405 THEOPHRASTI
774 350 982 402 OPINIONUM
1002 352 1102 402 APUD
1122 351 1335 402 CICERONEM
1354 350 1535 403 vnsnlflns

255 520 288 583 δὲ
309 523 352 604 τῷ
375 519 462 603 τρίτῳ
484 519 533 581 τὸν
548 520 658 601 κόσμον
673 519 724 581 ἕνα
737 521 797 580 τῶν
812 518 959 603 φρονίμων
975 519 1262 603 σοντιολειτεοόμενον
1278 521 1359 590 θεοῖς
1374 521 1423 584 καὶ
1439 521 1615 604 ἀνθρώποις,

255 623 302 685 καὶ
318 623 366 684 τὸν
382 621 533 704 πόλεμον
553 621 608 682 καὶ
630 621 687 681 τὸν
710 621 774 684 Δία
795 622 852 682 τὸν
875 620 979 684 αὐτὸν
1002 621 1090 685 εἶναι
1112 622 1270 708 καθάπερ
1291 625 1352 687 καὶ
1366 620 1616 706 τὸνἩράκλει-

254 747 310 787 τον
341 725 464 807 λέγειν.
517 721 598 787 haec
631 720 804 787 similitudo
839 729 875 787 nt
902 722 1082 789 Philodemi
1110 725 1343 808 supplementis
1371 704 1491 790 nostris
1519 723 1616 791 fidem

254 825 341 909 facit,
358 825 405 890 ita
419 846 475 890 cur
490 822 634 889 omiserit
650 821 763 889 Cicero
779 824 894 908 aperit.
916 844 992 889 uam
1005 825 1204 891 Heraclitum
1219 827 1382 910 ceteroqui
1398 826 1616 894 obscuriorem

254 925 305 1014 [cs.
329 927 360 993 d.
384 928 473 993 deor.
495 931 561 991 nat.
585 925 633 989 ΠΙ
658 926 698 989 14
720 924 766 1013 35]
789 946 859 991 cum
884 927 1135 992 concordantem
1156 928 1283 997 videret
1306 951 1378 996 cum
1398 929 1525 1015 Stoicis,
1547 949 1618 996 ver-

254 1030 343 1096 tendi
373 1030 518 1095 laborem
548 1025 752 1109 subterfugit.
796 1029 879 1093 alter
904 1028 1117 1113 philosophus
1140 1030 1296 1097 omittitur
1317 1053 1339 1098 a
1361 1032 1518 1100 Cicerone
1540 1033 1618 1097 Pro-

254 1133 356 1216 1111111,
379 1132 505 1214 dequo
529 1129 737 1196 Philodemus
759 1150 791 1213 p.
809 1131 847 1195 71
872 1132 953 1196 (1.6ο
975 1134 1043 1202 τοὺς
1066 1134 1118 1216 μὲν
1145 1133 1194 1197 ὑπ’
1222 1135 1386 1220 ἀνθρώπων
1412 1135 1618 1219 νομιζομένους

255 1237 342 1305 θεοὺς
363 1233 419 1298 aiis²
448 1234 522 1298 εἶναί
543 1255 630 1319 φησιν
653 1231 709 1297 οὔτ’
737 1233 854 1310 εἰδέναι,
875 1235 943 1303 τοὺς
965 1235 1141 1319 δὲναρποὺς
1162 1236 1310 1300 καὶπάνθ’
1339 1238 1415 1308 ὅλως
1428 1240 1465 1302 τὰ
1484 1239 1616 1323 χρήσιμα

254 1340 326 1422 πρὸς
336 1339 386 1400 τὸν
396 1337 457 1423 βίον
471 1337 539 1406 τοὺς
550 1336 690 1422 ἀρχαίους
705 1336 883 1421 ἀγασθέντας
946 1356 988 1402 ne
1004 1336 1056 1402 hic
1071 1336 1198 1420 quidem
1215 1344 1336 1404 temere
1352 1339 1517 1406 omittitur.
1540 1359 1615 1405 nam

254 1441 341 1524 quod
363 1439 523 1506 Hirzelius
545 1437 746 1503 dubitantius
768 1439 905 1505 coniecit
927 1439 1098 1505 Prodicum
1120 1460 1309 1524 expressum
1336 1461 1408 1508 esse
1430 1461 1451 1507 a
1474 1443 1616 1508 Persaeo

254 1544 364 1610 Stoico
379 1543 413 1608 id
424 1561 510 1608 nunc
525 1561 566 1607 ex
579 1541 769 1607 Philodemo
784 1564 816 1625 p.
830 1543 879 1606 75.
899 1542 985 1607 ldC.
1002 1541 1123 1624 liquido
1140 1549 1277 1619 constat,
1293 1551 1464 1628 postquam
1479 1545 1617 1609 duarum
1704 1609 1706 1613 ,

254 1647 446 1731 paginarum
467 1644 743 1727 intercapedinem
759 1644 888 1727 explevi
903 1645 1011 1710 Herm.
1028 1645 1109 1709 XIll
1126 1648 1153 1710 l.
1189 1665 1265 1728 ergo
1281 1646 1356 1711 hino
1373 1646 1434 1713 etsi
1449 1645 1617 1712 Ciceronis
1651 1691 1656 1699 ·

254 1749 422 1814 consilium
437 1747 626 1831 explicatur,
642 1754 752 1812 tamen
763 1753 798 1812 ut
811 1747 1034 1813 Philodemum
1049 1746 1156 1831 potius
1171 1767 1268 1830 quam
1285 1768 1486 1814 communem
1502 1749 1616 1815 utrius·

253 1873 317 1934 que
332 1851 454 1918 fontem
469 1849 678 1934 compilatum
694 1850 807 1915 credas
823 1850 903 1916 nihil
920 1850 1015 1932 cogit.
1038 1849 1097 1915 sed
1109 1849 1193 1915 hanc
1209 1851 1437 1918 necessitatem
1448 1852 1616 1935 imponere

253 1955 405 2022 videntur
427 1972 510 2037 quae
534 1951 685 2018 uberiora
705 1959 780 2018 sunt
801 1953 834 2017 iu
857 1952 976 2047 latinis.
1021 1972 1126 2036 neque
1149 1952 1234 2018 eninr
1256 1951 1432 2019 Himelium
1454 1953 1508 2036 qui
1531 1953 1616 2021 hanc

253 2059 478 2140 quaestionem
498 2053 672 2137 affectavit,
694 2055 784 2119 nullo
807 2055 903 2121 modo
925 2054 1037 2138 fugere
1059 2055 1233 2138 debebant,
1256 2074 1340 2136 quae
1354 2055 1388 2119 iu
1404 2055 1616 2141 Chrysippeis

253 2167 424 2226 servantur
449 2178 471 2224 a
494 2157 665 2241 Cicerone,
695 2157 816 2223 omissa
837 2164 912 2222 sunt
939 2157 973 2222 in
999 2158 1125 2239 graeds
1152 2157 1351 2240 fragmentis.
1396 2179 1501 2242 neque
1530 2159 1615 2225 enim

253 2263 390 2328 lacunae
411 2261 444 2325 in
467 2280 592 2345 papyro
614 2258 671 2322 illo
694 2261 766 2325 loco
789 2266 901 2325 extant
923 2265 1043 2343 tantae,
1065 2266 1100 2324 ut
1123 2259 1223 2325 haece
1243 2277 1360 2342 cupere
1381 2260 1506 2343 possint
1528 2262 1548 2345 ᾗ
1573 2263 1615 2327 39

252 2369 349 2428 animi
375 2366 529 2447 samonam
556 2364 734 2426 calamam
760 2410 767 2425 .
794 2409 801 2424 .
826 2410 833 2426 .
860 2365 959 2444 ipnem
983 2372 1150 2444 practerea
1177 2371 1206 2424 et
1231 2381 1299 2424 eum
1329 2382 1416 2443 qaam
1444 2373 1518 2427 onte
1546 2366 1616 2427 dici

253 2469 388 2543 cettan,
411 2514 418 2530 .
443 2515 450 2530 .
472 2513 480 2530 .
504 2486 584 2549 qaae
606 2472 723 2529 actura
743 2464 872 2545 fluerem
894 2476 985 2547 atqua
1006 2475 1170 2530 manarent
1191 2473 1225 2526 at
1247 2474 1275 2526 et
1299 2482 1412 2545 aquam
1440 2477 1469 2528 et
1498 2476 1614 2531 terram

253 2579 282 2633 at
304 2589 382 2632 uero
485 2571 564 2654 §40
585 2588 665 2652 qaae
687 2568 779 2649 quari
801 2569 865 2629 dua
879 2570 962 2632 oilae
985 2571 1179 2650 etmupistro
1193 2568 1330 2647 officium
1352 2570 1392 2630 sit
1496 2573 1616 2650 sempi-

253 2682 373 2736 ternom
394 2661 498 2736 rarum
519 2675 698 2755 futurarum
719 2672 886 2734 ueritatem.
921 2669 986 2735 sint
1008 2689 1087 2736 sane
1103 2690 1169 2735 non
1184 2670 1275 2735 nulla
1289 2669 1434 2735 unctiore
1456 2670 1499 2734 M.
1515 2671 1614 2736 Tullii

252 2774 326 2840 stilo
349 2773 556 2860 amplificata,
579 2774 643 2840 siut
665 2772 775 2840 omnia
797 2791 838 2837 ex
860 2771 962 2855 ipsius
985 2771 1140 2837 memoria
1155 2771 1277 2861 addita,
1300 2778 1410 2838 tamen
1427 2793 1493 2837 non
1507 2774 1616 2856 negle

253 2876 362 2959 ganda
376 2885 451 2943 sunt
466 2877 623 2945 eiusmodi
638 2873 778 2957 vestigia
792 2872 821 2940 ei
833 2873 887 2956 qui
901 2873 1082 2939 Philodemi
1093 2874 1318 2940 auctoritatem
1334 2879 1516 2940 sustentare
1526 2875 1616 2941 velit.

252 2978 294 3044 de
309 2998 374 3061 qua
388 3000 440 3046 me
455 2977 690 3062 aliquantisper
704 2974 870 3043 dubitasse
884 2975 999 3059 fateor,
1015 2994 1087 3041 cum
1102 2974 1206 3040 virum
1221 2977 1382 3059 quendam
1394 2976 1616 3042 doctissimum

251 3081 365 3146 ultima
379 3080 496 3165 prioris
511 3081 584 3147 libri
599 3081 698 3165 καιρὸς
712 3079 747 3142 ἂν
763 3077 810 3162 εἴη
825 3080 873 3141 τὸν
889 3079 954 3163 περὶ
968 3083 1021 3163 τῆς
1035 3079 1184 3163 εὐσεβείας
1205 3081 1289 3163 λόγον
1304 3085 1356 3164 τῆς
1371 3076 1430 3143 και)
1447 3076 1616 3165 Ἐπίκουρον

252 3184 341 3247 αὐτοῦ
361 3186 558 3269 παραγράφειν
573 3183 620 3250 sic
634 3181 799 3265 explicare
822 3180 1049 3266 meminissem,
1073 3187 1107 3246 ut
1121 3184 1318 3268 παραγράφειν
1333 3201 1398 3247 non
1415 3182 1616 3246 111111111ηά1·

253 3282 307 3370 [sc.
324 3284 520 3373 coronidem]
536 3287 595 3353 sed
610 3285 805 3351 damacena·
820 3282 886 3347 vim
901 3282 1045 3348 haberet.
1060 3282 1067 3314 ¹
1090 3282 1165 3349 hinc
1181 3284 1275 3350 simul
1290 3282 1337 3348 ait
1351 3282 1438 3360 viam
1453 3290 1567 3367 patere
1582 3290 1617 3349 ut

251 3387 421 3454 Phaedrus
435 3388 492 3455 ille
514 3390 592 3473 περὶ
614 3389 705 3452 θεῶν
722 3385 869 3452 Ciceroni
884 3384 958 3450 fons
973 3384 1205 3471 restitueretur,
1228 3406 1324 3469 quem
1346 3392 1378 3453 et
1393 3385 1445 3452 hio
1461 3394 1495 3453 et
1510 3387 1620 3453 Philo·

251 3490 374 3575 demus,
397 3490 456 3557 sed
477 3488 659 3556 accuratius
686 3495 719 3555 ct
740 3487 867 3572 plenius
889 3487 1113 3571 excerpsisset.
1157 3490 1233 3554 nolo
1262 3487 1390 3556 diffiteri
1420 3489 1499 3554 mihi
1532 3490 1617 3556 hanc

251 3593 410 3661 rationem
432 3592 530 3660 valde
551 3592 716 3659 adrisisse.
748 3610 823 3656 uam
846 3590 913 3656 alia
934 3590 1091 3657 accedere
1113 3590 1274 3657 videbam.
1303 3591 1424 3673 primus
1446 3591 1528 3658 liber
1542 3591 1618 3675 Epi·

251 3715 419 3761 cursorum
435 3695 571 3760 duorum
586 3695 685 3761 libros
700 3693 856 3777 respexit:
872 3693 955 3759 alter
969 3691 1029 3757 fuit
1044 3692 1196 3778 Zenonis,
1213 3692 1300 3776 quod
1316 3693 1523 3759 Petersenius
1539 3693 1616 3759 olim

251 3796 466 3881 divinaverat,
490 3798 691 3864 confirmavit
705 3793 866 3862 Hiraelius
886 3815 918 3878 p.
932 3796 970 3860 17
984 3815 1042 3879 sq,
1064 3796 1149 3862 alter
1164 3793 1429 3879 philosophorum
1447 3795 1617 3879 opiniones

251 3899 449 3984 complexus,
472 3899 681 3966 Philodemus
702 3905 737 3964 ut
758 3899 857 3981 vulgo
880 3896 1024 3964 credunt.
1058 3905 1094 3963 at
1116 3897 1226 3964 confer
1241 3897 1256 3961 Ι
1273 3898 1313 3962 33
1328 3906 1362 3959 93
1383 3917 1481 3979 quam
1505 3895 1617 3962 dedita

253 4020 353 4083 opera
376 4001 545 4068 Phaedrus
567 4009 600 4069 et
622 4004 710 4069 Zeno
733 4007 1047 4084 contraponantur:
1081 4022 1153 4065 oum
1175 4000 1319 4065 Phaedro
1345 4001 1423 4063 111111
1446 4001 1618 4082 alcyonitae

251 4103 330 4165 nibil
349 4105 523 4182 humanius,
543 4106 600 4169 aad
621 4106 872 4170 stomachabatur
893 4124 989 4168 senaa
1002 4106 1032 4168 si
1048 4105 1123 4185 qaid
1138 4106 1283 4184 asperim
1298 4104 1441 4166 dicerem
1457 4148 1465 4164 .
1482 4151 1489 4164 .
1507 4149 1514 4166 .
1531 4105 1617 4168 Ζαιο

252 4205 374 4285 quidem
401 4227 464 4270 noa
491 4228 543 4271 aas
564 4210 665 4271 solam
693 4211 746 4290 qui
768 4217 831 4272 tum
858 4216 948 4270 eram
975 4207 1201 4288 Apollodorum
1231 4207 1329 4269 Silam
1360 4216 1476 4269 cataras
1505 4207 1617 4289 fipebm

251 4308 440 4384 maledictis,
469 4311 525 4372 aad
551 4310 702 4373 Socraten
729 4313 832 4391 ipsum
856 4318 1016 4391 parentem
1040 4309 1256 4391 philosophiae
1282 4310 1380 4372 latino
1407 4309 1502 4372 caba
1527 4318 1618 4372 1111111

251 4428 394 4471 saonam
410 4412 545 4474 Atticam
566 4413 664 4493 111111
686 4414 818 4490 dicebat,
842 4414 1043 4497 Chrysippam
1065 4431 1230 4494 numqaum
1256 4414 1318 4474 nisi
1334 4412 1538 4495 Chrysippam
1559 4430 1619 4474 aa·

252 4510 352 4574 cahat.
385 4511 549 4580 Zenonem
572 4513 669 4603 etium
692 4515 814 4581 12159
836 4513 883 4579 sic
905 4513 1108 4599 significavit,
1141 4521 1176 4580 ut
1198 4513 1260 4579 nisi
1283 4514 1338 4597 qui
1354 4512 1495 4578 Tulliani
1517 4512 1616 4578 moris

252 4617 301 4676 est
315 4610 457 4698 ignarus,
480 4616 522 4682 de
543 4613 633 4682 fonte
655 4616 804 4683 dubitare
826 4636 892 4682 non
916 4617 1028 4701 possit.
1062 4616 1140 4700 quid
1161 4616 1260 4700 igitur
1281 4615 1409 4682 facilius
1425 4615 1469 4681 ad
1484 4614 1617 4681 creden-

325 4851 332 4883 ¹
351 4856 418 4905 inter
436 4857 490 4906 alis
508 4857 588 4906 multa
605 4855 719 4922 Simplic.
736 4857 761 4908 d.
781 4858 845 4907 cael.
864 4855 972 4922 pass·
988 4856 1075 4909 11111.
1097 4858 1237 4922 Hippsroh.
1256 4858 1288 4907 ad
1302 4857 1401 4908 Phaon.
1421 4857 1434 4906 1
1452 4873 1477 4922 p.
1498 4853 1614 4908 113111.

252 4943 346 4993 Galen.
367 4941 400 4991 de
419 4942 487 5007 plac.
507 4945 540 4993 Η.
560 4951 585 4993 et
603 4944 633 4995 P.
651 4959 677 5008 p.
689 4941 783 4995 30011.
802 4942 853 4995 404
867 4945 899 4995 K.
928 4945 997 4997 Plut
1015 4946 1130 4996 Demetr.
1147 4943 1188 4996 13.
