3442 5588
172 323 236 386 616
570 324 708 375 GALENI
727 322 869 374 fflsnon.
888 322 1028 374 Pinnos.
1041 320 1142 374 27—31

223 495 256 556 τὸ
290 498 349 564 τοῖς
382 494 481 577 πόροις
517 496 570 575 τῆς
607 489 703 575 ὄψεως
730 513 751 553 ν
773 513 794 554 ιι
816 514 836 553 ιι
859 515 879 556 ιι
901 513 923 555 ιι
945 514 966 555 νε
992 489 1043 555 ἀπ’
1081 492 1179 555 αὐτῶν
1213 491 1365 576 σύμμετρα
1404 489 1494 574 μόρια

225 594 351 680 ἔχουσαν
377 596 449 679 πρὸς
477 595 530 678 τὴν
559 591 635 677 όψιν.
678 591 801 676 Ζήνων
829 593 863 656 δὲ
888 596 904 658 ό
934 593 1065 665 Στωικὸς
1091 593 1126 657 τὰ
1155 597 1301 679 χρώματα
1328 593 1493 678 ἐπίχρονσιν

221 703 274 781 τῆς
297 699 366 782 ὕλης
389 696 532 783 ὑπέλαβεν
544 743 553 759 .
565 698 593 760 οί
612 697 648 760 δὲ
670 696 729 760 ἀπὸ
751 694 966 780 Πυθαγόρου
988 697 1024 759 τὰ
1045 698 1114 781 γένη
1129 700 1188 760 τῶν
1203 697 1372 782 χρωμάτων
1387 696 1493 762 λευκόν

223 801 324 864 τεκαὶ
354 799 444 882 μέλαν
473 799 521 863 καί
549 799 672 884 ἐρυθρόν
700 797 880 882 νομίζουσιν,
907 799 958 869 τὰς
985 797 1013 863 δ’
1041 798 1131 870 άλλας
1161 799 1301 884 διαφοράς
1328 799 1411 883 παρὰ
1440 799 1493 869 τὰς

223 903 307 972 ποιὰς
330 901 418 985 μίξεις
439 906 498 967 τῶν
522 902 690 987 στοιχείων,
719 900 770 972 τὰς
791 902 825 964 δὲ
846 905 905 965 τῶν
933 900 1020 987 ζῴων
1047 902 1126 987 παρὰ
1152 902 1204 972 τὰς
1230 908 1289 965 τῶν
1316 902 1416 967 τόπων
1445 902 1522 966 mis

225 1010 284 1070 τῶν
306 1006 412 1091 ἀέρων.
478 1020 480 1022 ’

555 1264 597 1329 28
634 1261 721 1346 Περὶ
743 1262 946 1347 σχημάτων.
982 1270 1089 1335 [Plutl
1105 1271 1172 1341 141]

304 1420 415 1506 Σχῆμά
437 1419 513 1483 ἐστιν
534 1419 688 1505 ἐπιφάνεια
710 1418 758 1481 καὶ
779 1418 942 1502 περιγραφὴ
964 1419 1013 1483 καὶ
1034 1419 1125 1503 πέρας
1146 1423 1292 1503 σώματος.

534 1678 576 1742 29
613 1673 697 1757 Περὶ
721 1673 858 1756 μίξεως.
894 1682 1176 1751 [Ρίοι.117ι.ι.ο.ι]

312 1833 349 1899 Οί
372 1834 425 1917 μὲν
446 1833 679 1915 παλαιότεροι
701 1831 752 1901 τὰς
774 1835 833 1893 τῶν
856 1832 1008 1916 στοιχείων
1030 1829 1146 1917 (iniiam)
1168 1832 1232 1896 κατ’
1253 1834 1410 1897 ἀλλοίωσιν
1425 1831 1491 1915 ἤτοι
1510 1852 1533 1889 ιο

229 1942 331 2022 κρᾶσιν
357 1935 503 2021 ᾠήθησαν
530 1934 691 2019 γίγνεσθαι,
719 1935 747 1996 οί
775 1933 808 1997 δὲ
837 1934 903 2017 περὶ
926 1931 1161 2019 Ἀναξαγόραν
1189 1935 1238 2000 καὶ
1266 1936 1494 2019 Δημόκριτον

228 2039 303 2103 κατὰ
336 2039 508 2123 παράθεσιν.
556 2037 795 2121 Ἐμπεδοκλῆς
826 2036 860 2100 δὲ
889 2037 924 2099 ἐκ
956 2039 1136 2121 μικροτάτων
1169 2037 1259 2102 οἴεται
1291 2038 1328 2101 τά
1361 2041 1496 2122 στοιχεῖα

228 2140 396 2225 συγκρίνειν.
440 2141 588 2206 Πλάτων
610 2141 645 2203 δὲ
665 2138 702 2202 τὰ
724 2140 777 2222 μὲν
799 2139 865 2223 τρία
886 2138 990 2204 εἶναι*
1001 2141 1043 2210 εἰς
1064 2140 1179 2225 ἄλληλα
1199 2140 1287 2224 λέγει,
1307 2142 1361 2224 τἠν
1382 2140 1418 2204 δὲ
1438 2143 1494 2221 γῆν

229 2245 430 2330 ἀμετάβλητον
453 2243 553 2328 μόνην.

542 2501 584 2565 30
621 2498 703 2583 Περὶ
726 2502 841 2563 κενοῦ.
879 2509 986 2573 [Ρίοιῐ
1001 2510 1034 2563 18
1048 2518 1068 2557 ι.
1078 2519 1097 2560 ι.
1108 2520 1127 2558 ε.
1138 2509 1163 2574 ο]
1512 2521 1535 2558 ιι

313 2656 350 2722 Oi
373 2657 432 2720 ἀπὸ
455 2653 669 2741 Πυθαγόρου
691 2657 739 2719 καί
762 2656 789 2718 οἱ
812 2655 927 2740 φυσικοὶ
949 2659 1053 2727 πάντες
1076 2657 1163 2742 μέχρι
1178 2656 1373 2726 Πλάτωνος
1397 2656 1428 2718 ἐν
1452 2662 1495 2740 τῷ

235 2761 339 2845 κόσμῳ
361 2760 443 2823 κενὸν
465 2757 537 2821 είναι
560 2758 700 2841 λέγουσιν.
737 2757 942 2827 Λεύκιππος
964 2760 997 2822 δὲ
1019 2762 1066 2823 καὶ
1089 2760 1315 2844 Δημόκριτος
1337 2761 1386 2823 καὶ
1407 2757 1497 2824 Ἐπί-

228 2887 360 2948 κουρος
382 2864 418 2926 τά
440 2863 492 2945 μὲν
514 2860 610 2943 ἄτομα
632 2860 737 2945 ἄπειρα
759 2866 801 2946 τῷ
825 2861 944 2946 πλήθει,
966 2862 999 2925 τθ
1023 2863 1056 2926 δὲ
1077 2864 1159 2927 κενὸν
1174 2863 1292 2947 ἄπειρον
1306 2868 1350 2948 τῷ
1366 2862 1496 2945 μεγέθει.

232 2965 269 3031 Oi
292 2965 450 3029 Στωικοί
473 2964 506 3027 δὲ
528 2964 608 3034 ἐντός
631 2964 683 3045 μὲν
705 2968 757 3027 τοῦ
779 2964 891 3046 κόσμου
907 2965 988 3028 κενὸν
1004 2965 1088 3029 οὐδὲν
1103 2966 1174 3030 εἶναι
1191 2966 1365 3049 νομίζουσιν,
1388 2964 1499 3035 ἔξωθεν
1533 2992 1540 3003 ·

232 3068 257 3132 δ’
287 3069 376 3132 αὐτοῦ
399 3068 526 3152 ἄπειρον.
566 3065 823 3151 Ἀριστοτέλης
852 3066 886 3130 δὲ
913 3072 1050 3132 τοσοῦτον
1077 3067 1149 3133 εἶναι
1178 3071 1260 3134 κενόν
1290 3068 1347 3139 ἔξω
1374 3074 1425 3133 τοῦ
1449 3069 1496 3134 nt»
1512 3089 1536 3127 εν

232 3176 330 3256 ρανοῦ,
346 3169 416 3235 ὥστ’
434 3172 569 3235 ἀναπνεῖν
584 3170 625 3240 εἰς
646 3169 718 3234 αὐτὸ
741 3171 790 3234 τόν
812 3170 945 3254 οὐρανόν.
975 3168 1093 3237 ἔνδοθεν
1108 3173 1162 3258 γὰρ
1178 3173 1250 3238 εἶναι
1265 3174 1353 3238 τόπον
1369 3171 1497 3257 πύρινον.

178 3448 214 3487 ιον
588 3429 627 3492 31
664 3426 750 3510 Περὶ
773 3430 903 3514 χώρας.
941 3443 1022 3506 [Plut.
1035 3448 1049 3496 Ι
1062 3439 1129 3503 201]

319 3598 356 3664 Οἱ
386 3599 540 3662 Στωικοὶ
568 3600 617 3661 καὶ
645 3596 881 3685 Ἐπικούρειοι
910 3601 1086 3664 διαλλάττειν
1116 3603 1165 3665 τὸν
1195 3602 1284 3667 τόπον
1314 3608 1366 3687 τῆς
1395 3606 1498 3688 χώρας

233 3702 380 3784 ἐνόμισαν.
416 3704 465 3765 τὸν
489 3702 617 3785 μὲνγὰρ
639 3701 727 3766 τόπον
750 3703 807 3767 ὑπὸ
829 3706 965 3786 σώματος
989 3704 1063 3768 κατὰ
1086 3704 1138 3788 μίν
1161 3730 1186 3768 τι
1209 3705 1399 3790 κατέχεσθαι,
1422 3705 1497 3768 κατὰ

230 3804 263 3868 δέ
283 3829 309 3867 τι
333 3805 480 3886 οὐδαμῶς.
1516 3827 1540 3865 κ

180 4007 379 4014 .-———-——
887 4009 1089 4018 *as—-

181 4138 193 4190 l
213 4135 242 4188 τὸ
260 4136 317 4195 τοὺς
335 4136 425 4205 πόρους
442 4139 488 4204 τῆς
507 4132 589 4202 ὄψεως
608 4135 712 4186 ἀπατῶν
730 4138 765 4188 B:
785 4141 835 4193 τοῖς
891 4137 923 4191 13
942 4138 1065 4208 συγκρίνιι
1083 4141 1152 4191 Plnt
1174 4136 1186 4205 Ιί
1206 4139 1263 4208 τρία
1280 4141 1315 4191 B:
1335 4139 1394 4189 ποιὰ
1413 4142 1438 4189 A
1458 4135 1473 4204 Η
1493 4148 1550 4205 pout

177 4224 277 4293 τρόποις
301 4229 347 4293 τῆς
372 4223 455 4292 ὄψεως
472 4219 517 4274 ἀπ’
539 4220 624 4273 αὐτῶν
644 4225 683 4273 A:
708 4226 837 4276 intercidit
889 4223 950 4276 εἶναι
973 4227 1103 4276 intercidit
1121 4227 1214 4293 τριπτά
1235 4230 1247 4291 ΙΙ
1268 4225 1314 4295 τὴν
1331 4224 1358 4277 δὲ
1376 4225 1502 4294 τρίτηνΒ

179 4330 267 4364 versus
297 4331 363 4364 unns
391 4330 448 4364 cum
475 4313 593 4364 Platonis
621 4314 739 4362 lemmate
774 4309 788 4378 ΙΙ
820 4311 836 4363 2
925 4312 958 4366 16
984 4311 1007 4363 oi
1030 4311 1078 4363 άπὸ
1103 4308 1251 4382 Πυθαγόρου
1278 4317 1310 4365 ci.
1333 4316 1406 4366 Prol.
1430 4332 1455 4379 ρ.
1477 4311 1509 4365 13
1532 4310 1546 4379 ΙΙ

179 4397 272 4468 ἔχουσα
290 4403 328 4451 Ax
347 4398 445 4469 ἔχονΒ
466 4395 531 4467 11τά
558 4398 675 4467 τρήματα
693 4397 733 4450 ἐπὶ
756 4414 836 4468 χρωσι
1002 4434 1016 4466 τ

179 4492 221 4539 A:
246 4487 277 4539 τὰ
299 4487 426 4556 τρίμματα
448 4486 583 4556 ίπίχρωσιν
605 4489 627 4539 Β
652 4484 666 4553 ΙΙ
691 4485 835 4556 θὐπίλαβε
889 4487 922 4540 18
941 4487 1021 4555 ἀπτρά
1039 4485 1130 4556 πλήθει
1150 4491 1186 4538 A:
1207 4486 1296 4558 ἀπιιρα
1314 4495 1346 4559 τῇ
1365 4486 1450 4558 ὗληΒ
1471 4492 1548 4553 (recto

179 4577 215 4627 B:
234 4573 366 4643 ὑπολαβεῖν
384 4578 410 4625 A
431 4571 444 4643 ΙΙ
464 4574 480 4627 5
499 4574 570 4631 ποιάς
589 4576 676 4628 om.B
885 4576 920 4637 N)
941 4570 954 4642 ΙΙ
974 4573 1007 4625 21
1026 4571 1102 4626 αὑτὸν
1121 4580 1145 4626 A

214 4663 231 4716 8
248 4660 399 4731 παραγραφὴ
417 4665 442 4712 A
463 4660 477 4727 ΙΙ
496 4663 623 4729 σωμάτων
642 4665 667 4712 A
926 4661 960 4714 23
975 4659 1111 4730 ίπικοόρωι
1129 4672 1156 4713 ut
1173 4666 1240 4715 solet
1255 4666 1292 4715 A:
1311 4663 1474 4733 ίπίκουροιΒ
1489 4661 1504 4732 ΙΙ
1516 4664 1549 4717 24

217 4750 248 4801 10
265 4747 342 4817 μίξεις
370 4766 420 4800 om.
448 4751 512 4801 AB:
545 4751 624 4801 habet
650 4752 676 4802 N
704 4752 735 4801 ct
762 4752 833 4801 Proi.
890 4751 1017 4818 σωμάτων
1034 4753 1059 4801 A
1079 4746 1093 4817 ΙΙ
1114 4750 1148 4802 25
1166 4749 1283 4818 οὐδαμῶς
1306 4749 1353 4802 κίεν
1375 4749 1405 4801 τὸ
1425 4756 1475 4801 πᾶν
1499 4769 1549 4803 om.

178 4855 204 4903 p.
219 4834 270 4891 236
291 4835 305 4904 ΙΙ
325 4835 359 4888 12
378 4838 529 4906 μικροτάτου
547 4839 570 4889 Β
590 4833 602 4904 ΙΙ
624 4835 700 4888 υίεται
718 4854 750 4888 ex
763 4839 833 4889 Plut.
890 4855 911 4887 c.
926 4836 959 4889 32
983 4841 1057 4888 titulo
1079 4840 1118 4888 A:
1141 4836 1259 4906 οὐθαμῶς
1277 4837 1338 4889 εἶναι
1356 4841 1464 4905 (comp.)
1484 4837 1549 4890 ίνίι

179 4905 264 4991 ὅγ’·ἶων
288 4927 329 4975 ναί
354 4926 467 4977 Galenus
486 4926 528 4978 ναί
546 4927 666 4976 librarius
684 4928 800 4991 corrupit
818 4920 832 4992 ΙΙ
890 4922 918 4976 τὸ
930 4929 991 4976 πᾶνι
1009 4927 1071 4977 ficto
1084 4942 1153 4976 novo
1173 4924 1238 4976 tat
1256 4927 1330 4976 titulo
1350 4927 1406 4994 περὶ
1418 4924 1549 4992 αόεμουΒ
