3464 5586
275 345 337 408 176
658 351 709 399 xv
746 350 794 399 nn
815 348 1042 402 oouraunns
1060 350 1252 404 armusuu

311 617 430 683 Thales
639 618 845 704 Pherecydes
968 621 1185 704 Empedocles
1297 622 1391 686 Plato

309 719 552 786 Anaximander
639 721 844 806 Pythagoras
968 723 1151 788 Heraclitus
1295 721 1480 806 Aristippus

309 820 529 888 Anaximenes
639 824 862 909 Xenophanes
970 825 1127 891 Prodicus
1296 824 1487 890 Tbeodorus

309 922 523 1006 Anaxagoras
640 926 851 993 Parmenides
1296 926 1455 1008 Hegesias

310 1023 491 1092 Archelaus
638 1030 728 1096 Zeno
751 1030 883 1095 Eleates
1296 1028 1509 1095 Antisthenes

638 1133 788 1199 Melissus
1296 1131 1463 1215 Diogenes

639 1234 823 1318 Leucippus
1296 1232 1411 1300 Crates

638 1336 842 1403 Democritus

637 1439 842 1505 Metrodorus

638 1544 834 1625 Protagoras

637 1644 803 1728 Diogenes

636 1745 786 1831 Pyrrhon

396 1878 424 1943 V
723 1875 768 1939 VI
1050 1879 1111 1943 VH

309 1980 473 2045 Arcesilas
637 1978 829 2043 Aristoteles
965 1980 1053 2045 Zeno

311 2081 499 2150 Carneades
640 2077 886 2162 Theophrastus
967 2082 1142 2148 Cleanthes

441 2195 444 2203 ’
640 2182 749 2248 Strato
968 2186 1127 2250 Persaeus

641 2281 865 2366 Praxiphanes
968 2286 1170 2371 Chrysippus

640 2384 802 2450 Critolaus
967 2389 1133 2470 Diogenes

967 2490 1143 2556 Panaetius

968 2591 1161 2657 Posidonius

968 2691 1195 2758 Athenodorus

365 2807 627 2873 Consentaneum
644 2811 694 2872 est
712 2808 934 2887 excerptorem
956 2801 1045 2866 haud
1067 2822 1172 2887 pauca
1194 2802 1341 2869 omisisse
1362 2804 1451 2869 velut
1466 2803 1636 2870 Academi·

276 2929 386 2976 corum
414 2910 593 2993 pleniorem
620 2907 855 2975 successionem
884 2902 973 2989 (nam
996 2903 1168 2987 Epicurum
1190 2905 1276 2989 quod
1298 2906 1403 2971 solum
1425 2905 1586 2992 nominat,
1613 2927 1634 2974 e

276 3031 365 3077 more
395 3010 472 3097 est),
503 3018 612 3077 tamen
642 3008 814 3092 singularis
840 3006 1004 3090 quaedam
1035 3005 1204 3091 dispositio
1237 3015 1384 3092 apparet.
1427 3008 1529 3075 Ionici
1560 3030 1635 3076 cnm

277 3115 411 3181 Socrate
437 3115 570 3196 vulgato
598 3112 725 3195 ordine,
752 3111 828 3176 item
852 3106 956 3172 Italici
983 3110 1153 3191 usquead
1180 3111 1395 3197 Pyrrhonem,
1418 3113 1635 3197 Empedocles

276 3216 459 3282 Heraclitus
481 3216 637 3281 Prodicus
659 3215 685 3278 ol
709 3213 867 3298 σποράδην,
890 3216 957 3274 tum
978 3229 1057 3276 vcro
1079 3211 1122 3278 ab
1146 3213 1293 3281 omnibus
1320 3222 1499 3282 ceterorum
1524 3215 1637 3282 indici·

277 3318 337 3384 bus
364 3318 551 3403 discrepans
578 3317 749 3382 Platonem
775 3314 911 3396 scriptor
937 3310 1111 3379 Socraticis
1133 3315 1279 3400 praeficit
1304 3326 1402 3402 atque
1424 3317 1467 3383 ab
1489 3318 1635 3384 Arcesila

276 3421 404 3487 mediae
427 3418 613 3486 academiae
635 3422 771 3503 parente
798 3433 917 3481 novam
946 3413 1061 3479 seriem
1084 3416 1224 3484 incohat.
1269 3427 1336 3485 tum
1359 3428 1446 3487 reete
1470 3419 1635 3505 Peripate

277 3523 333 3589 tici
357 3529 390 3589 ct
412 3521 522 3605 Stoici,
545 3519 677 3585 ultimus
699 3524 731 3584 et
752 3519 840 3582 solus
862 3515 1030 3599 Epicurus.
1068 3517 1250 3586 Stoicorum
1273 3525 1455 3608 catalogus,
1477 3516 1540 3606 quo
1562 3542 1638 3589 nus·

278 3645 375 3709 quam
402 3624 471 3690 fere
498 3622 628 3688 uberior
654 3619 833 3703 iuvenitur,
867 3619 952 3683 ultra
981 3618 1189 3686 Posidonium
1220 3623 1397 3690 deducitur.
1442 3625 1501 3691 sed
1537 3624 1637 3690 etiam

278 3728 366 3812 apud
389 3725 555 3792 Laertium
576 3725 705 3788 illorum
727 3721 851 3806 διαδοχὴ
875 3719 1051 3786 Caesarum
1073 3728 1221 3807 tempora
1242 3725 1389 3808 ingressa
1411 3735 1469 3794 est

362 3827 482 3913 Optimi
506 3826 624 3893 deinde
646 3823 811 3908 scriptoris
833 3829 907 3888 sunt
929 3824 1084 3889 lemmata
1105 3832 1198 3908 patre
1221 3829 1391 3912 patriaque
1413 3837 1527 3896 notata
1549 3849 1636 3913 qnae

276 3938 385 3997 tamen
407 3929 450 3995 ab
465 3927 651 4012 Epiphanio
667 3926 754 3991 haud
769 3931 955 3991 constanter
975 3945 1131 4009 expressa
1152 3935 1185 3992 et
1207 3928 1379 3997 infeliciter
1401 3931 1537 3998 subinde
1559 3939 1636 3998 sunt

277 4039 436 4116 corrupta.
471 4030 706 4095 conclamatum
735 4033 785 4093 est
811 4027 970 4112 Σωκράτης
999 4031 1014 4092 ὁ
1042 4033 1094 4091 τοῦ
1117 4030 1292 4114 ἐλμοὶγλοο
1315 4034 1335 4118 ἢ
1358 4032 1564 4121 Σωφρονίσκου
1586 4034 1636 4098 καῖ

278 4134 459 4220 Φαιναρέτης
485 4137 539 4216 τῆς
566 4132 663 4215 μαίας.
707 4135 839 4214 stupent
867 4150 979 4196 omnes
1006 4130 1087 4195 illud
1121 4138 1299 4198 monstmm
1333 4135 1493 4220 ἐλμάγλου,
1526 4143 1637 4201 tamen

278 4234 461 4304 emendatio
485 4234 591 4300 estin
613 4232 759 4318 proclivi.
792 4238 828 4296 nt
850 4237 953 4297 mater
976 4237 1058 4316 μαῖα,
1080 4233 1128 4299 sic
1142 4241 1236 4319 pater
1250 4238 1430 4323 ἑρμογλύφος
1452 4236 1639 4302 nominatus

279 4339 354 4423 fuit,
376 4337 463 4422 quod
484 4336 660 4402 certissime
683 4334 759 4400 olim
781 4353 895 4400 recens
909 4353 930 4398 a
946 4334 1127 4421 Porphyrio
1150 4338 1238 4421 apud
1261 4338 1499 4405 Theodoretum
1517 4338 1526 4373 ⁸
1548 4336 1640 4404 resti-

355 4478 362 4509 ¹
382 4494 419 4542 gr.
439 4478 481 4527 aff.
500 4493 552 4527 cur.
566 4478 587 4527 1.
600 4474 633 4527 27
653 4476 742 4541 Cyrill.
760 4475 820 4524 adv.
839 4476 894 4525 Iul..
907 4476 945 4524 VI
961 4493 986 4541 p.
999 4472 1051 4527 208
1064 4477 1088 4525 A
1103 4477 1134 4526 fr.
1148 4478 1174 4526 X
1192 4477 1294 4527 Nauck.
1313 4474 1334 4526 el
1352 4473 1378 4526 tl
1391 4473 1421 4545 δὴ
1435 4472 1588 4546 ῖρμορλὺφας
1605 4473 1640 4544 ἠν

277 4564 382 4631 [pater]¹
406 4563 501 4614 ibidem
524 4559 585 4631 ὑπὲρ
610 4564 657 4631 τῆς
680 4559 774 4631 μητρὸς
802 4559 837 4618 ὡς
860 4559 942 4628 μαίας.
965 4563 1072 4613 Lucian.
1097 4579 1179 4614 somn.
1202 4563 1233 4615 18
1256 4559 1313 4613 ddi
1337 4557 1478 4632 Σωκράτης
1497 4562 1540 4615 καὶ
1564 4560 1639 4621 αὑτὸς

278 4650 325 4702 ὑπὸ
343 4657 375 4720 τῇ
394 4646 564 4719 ῖρμαγλνφικῇ
582 4646 660 4718 ταῖς-ρ
679 4646 787 4719 τραφείς.
807 4664 858 4698 vox
872 4645 1025 4718 ῖρμαρλίνφας
1043 4666 1096 4700 unc
1115 4653 1263 4701 testimonio
1282 4651 1390 4700 Luciani
1409 4667 1491 4702 somn.
1510 4668 1532 4701 c.
1545 4650 1561 4704 3
1575 4658 1640 4702 nota

276 4740 332 4788 luit.
359 4739 456 4788 ibidem
474 4737 582 4787 traditur
599 4738 680 4786 altaro
699 4739 757 4786 loco
775 4733 820 4797 §4
838 4729 916 4783 λίθων
936 4734 1041 4805 ἐργάτην
1060 4732 1153 4804 ἀγαθὸν
1166 4735 1226 4787 εἶναι
1244 4773 1251 4786 .
1271 4773 1278 4787 .
1298 4773 1304 4786 .
1323 4735 1366 4786 καὶ
1385 4734 1550 4806 ἑρμογλυφέα,
1568 4739 1639 4789 nude

278 4835 411 4890 utramque
434 4827 542 4875 formam
560 4827 695 4886 consignat
712 4824 804 4872 Thom.
825 4822 895 4881 Mag.
914 4840 938 4886 p.
952 4821 1011 4874 365.
1047 4826 1091 4875 sed
1116 4828 1253 4875 rectissime
1277 4826 1383 4875 alteram
1402 4826 1527 4887 analogia
1546 4839 1638 4874 caren-

278 4925 328 4963 tem
346 4917 456 4962 removit
474 4913 587 4961 Cobetus
608 4914 668 4961 Var.
688 4914 757 4960 Lect.
777 4927 801 4973 p.
815 4908 857 4959 81.
