3442 5588
682 357 957 410 rsonnsonnrrn
979 381 982 385 -
1433 359 1494 424 251

137 523 193 607 qui
203 522 341 589 alteram
353 531 478 609 partem
494 544 559 609 qua
573 524 751 592 christiana
765 524 913 592 doctrina
927 536 1143 612 exponeretur
1158 529 1359 597 intercidisse
1375 536 1496 596 temere

135 627 332 694 conicerent.
376 627 462 694 adde
483 627 589 713 ipsum
612 626 741 694 iocandi
762 647 865 711 genus
887 649 983 714 quarn
1005 652 1070 698 non
1093 632 1301 716 cultissimae,
1324 652 1420 716 quam
1441 631 1495 698 isti

135 729 260 814 volunt,
283 731 384 796 aetati
406 730 612 814 respondeat.
640 731 750 797 nescio
772 730 830 796 alii
852 731 929 816 quid
950 733 1103 799 sentiant:
1126 733 1204 798 mihi
1226 734 1354 817 quidem
1370 753 1495 800 summa

135 832 257 914 ingenii
279 832 422 917 artisque
444 832 555 916 inopia
576 831 610 896 in
633 851 698 914 qua
719 833 951 901 insulsissimus
973 834 1028 902 ille
1051 835 1130 901 baro
1153 844 1316 918 tamquam
1339 837 1495 919 gloriatur

134 934 277 1000 labentis
309 935 428 1001 aetatis
459 934 678 1002 testimonium
712 936 849 1003 videtur.
894 956 999 1020 neque
1033 938 1118 1003 enim
1151 940 1253 1004 altero
1288 941 1418 1005 saeculo
1452 961 1494 1008 ne

134 1037 347 1104 christianum
378 1037 508 1120 quidem
538 1035 701 1104 hominem
730 1046 797 1105 tam
829 1037 945 1124 frigide
977 1039 1118 1106 iocatum
1152 1040 1260 1107 oredo.
1308 1041 1494 1124 dogmatum

135 1140 221 1208 enim
244 1139 407 1206 enarratio
429 1145 496 1204 tarn
517 1138 631 1205 inscite
653 1159 725 1205 cum
752 1141 826 1225 ipsa
851 1141 1059 1209 cavillatione
1086 1144 1239 1227 copulata
1266 1150 1329 1229 est,
1357 1150 1392 1209 ut
1418 1144 1495 1212 hinc

135 1261 262 1326 quoque
284 1240 391 1307 discas
412 1261 479 1306 non
501 1260 541 1307 ex
564 1241 652 1308 ritae
674 1242 785 1308 vivida
800 1242 983 1327 cognitione
1005 1245 1064 1310 sed
1079 1265 1120 1310 ex
1135 1245 1298 1311 umbratili
1312 1247 1494 1314 eruditione

135 1343 402 1430 philosophorum
429 1343 516 1408 dicta
545 1344 578 1409 in
605 1344 779 1410 ludibrium
807 1365 879 1412 esse
905 1365 1011 1412 versa.
1054 1347 1113 1413 sed
1141 1348 1254 1431 loquor
1281 1347 1322 1414 de
1343 1348 1439 1415 rebus
1460 1349 1494 1415 in

134 1468 233 1515 sensu
260 1445 388 1531 positis,
418 1444 472 1528 qui
499 1444 583 1512 adeo
609 1446 802 1530 quibusdam
829 1447 980 1514 occalluit
1006 1455 1042 1514 ut
1064 1451 1231 1531 clepontcm
1253 1471 1292 1514 oc
1310 1462 1494 1532 peracutum

134 1548 302 1615 Hermiam
323 1547 561 1631 praedicarent.
604 1548 702 1632 igitur
724 1549 931 1633 quaerendae
953 1557 1029 1616 sunt
1051 1551 1204 1617 certiores
1230 1571 1349 1619 causae
1367 1573 1407 1620 ac
1428 1574 1491 1620 non

134 1651 326 1736 opinabiles.

219 1753 268 1819 Ac
289 1753 466 1819 Mancellus
493 1752 622 1834 quidem
646 1754 953 1820 Pseudo-Iustinum
975 1754 1161 1821 Nemesium
1185 1755 1424 1822 'lheodorstum
1447 1762 1494 1823 at-

133 1855 222 1939 tulit,
246 1875 381 1938 quorum
403 1853 515 1938 copias
542 1853 598 1920 ille
624 1855 855 1940 compilaverit.
900 1855 959 1921 sed
984 1856 1210 1938 gravissimam
1232 1877 1300 1923 rem
1322 1857 1378 1924 illc
1400 1857 1495 1924 levis-

134 1957 214 2023 sime
239 1957 401 2023 tractarit.
446 1944 522 2039 ergo
550 1962 587 2020 ut
613 1957 657 2022 ad
685 1957 853 2023 obrussam
884 1957 959 2023 illos
984 1957 1100 2024 iterum
1130 1979 1259 2044 vocem,
1296 1959 1493 2043 comparabo

132 2060 270 2144 primum
293 2058 591 2125 Pseudolustinum

361 2161 469 2228 Herm.
491 2161 554 2226 αἳ
813 2169 817 2239 t
897 2163 1152 2231 Pseudolustir.
1178 2163 1250 2229 coh.
1274 2164 1317 2228 ad
1340 2169 1428 2246 gent

1056 2266 1118 2330 al
1143 2286 1175 2349 p.
1191 2265 1269 2330 801>

131 2371 159 2433 oi
188 2369 241 2452 μὲν
267 2370 321 2452 γάρ
348 2389 435 2452 φασιν
465 2369 561 2431 αὐτῶν
589 2369 687 2453 ψυχὴν
715 2368 789 2432 εἶναι
840 2370 868 2430 οἱ
895 2369 947 2450 μὲν
975 2370 1030 2452 γὰρ
1056 2368 1152 2431 αὐτῶν
1175 2390 1246 2454 φασι
1267 2373 1324 2452 πῦρ
1346 2367 1419 2432 εἶναι
1441 2369 1493 2454 τὴν

174 2472 208 2534 τὸ
232 2474 288 2554 πῦρ
883 2473 981 2556 ψυχήν

131 2577 158 2638 οἱ
181 2576 214 2638 δὲ
235 2576 285 2638 τὸν
308 2574 392 2656 ἀέρα,
415 2574 442 2635 οἱ
464 2574 498 2636 δὲ
520 2575 569 2636 τὸν
591 2576 657 2635 νοῦν
839 2574 867 2636 οἱ
889 2573 922 2635 δὲ
942 2574 992 2636 τὸν
1015 2574 1098 2657 ἀέρα,
1120 2576 1148 2636 οἱ
1170 2575 1203 2637 δὲ
1225 2576 1274 2637 τὸν
1296 2578 1363 2637 νοῦν

132 2679 159 2740 οἱ
183 2677 216 2739 δὲ
237 2676 358 2759 κίνησιν,
382 2676 409 2736 οἱ
432 2676 464 2738 δὲ
486 2676 538 2758 τὴν
561 2675 755 2756 ἀναθυμίασιν
838 2676 866 2738 οἱ
881 2675 980 2758 δὲτὴν
995 2676 1116 2759 κίνησιν,
1136 2679 1163 2740 οἱ
1179 2677 1212 2739 δὲ
1227 2677 1278 2759 τὴν
1295 2675 1491 2756 ἀναθυμίασιν

132 2781 160 2843 οἱ
187 2779 220 2842 δὲ
245 2779 364 2860 δύναμιν
394 2778 452 2839 ἀπὸ
481 2779 539 2838 τῶν
567 2776 681 2860 ἄστρων
708 2778 786 2863 ρίου·
837 2777 919 2842 ἄλλοι
942 2778 975 2841 δέ
996 2800 1069 2848 τινες
1091 2778 1211 2860 δύναμιν
1231 2780 1290 2842 ἀπὸ
1305 2782 1365 2840 τῶν
1379 2777 1492 2861 ἄστρων

175 2901 227 2945 σαν
513 2868 533 2897 ⁴
882 2880 1003 2965 ῥέουσαν

132 2986 159 3048 ci
180 2984 209 3048 δ’
231 2983 357 3068 ἀριθμὸν
380 2982 524 3064 κινητικόν
839 2985 866 3047 οἱ
889 2984 922 3047 δὲ
943 2984 1068 3068 ἀριθμὸν
1091 2983 1234 3064 κινητικόν

132 3088 159 3150 οἱ
181 3087 214 3150 δὲ
237 3087 315 3170 ὕδωρ
337 3084 486 3168 renouauit
837 3086 929 3170 ἕτερον
951 3086 984 3149 δὲ
1007 3087 1085 3169 ὕδωρ
1106 3086 1265 3167 γονοποιόν.

132 3191 159 3254 οἱ
181 3190 214 3253 δὲ
236 3193 379 3273 στοιχεῖον
401 3188 459 3251 ἀπὸ
482 3186 635 3271 στοιχείων

132 3295 159 3356 οἱ
182 3293 215 3356 δὲ
237 3292 387 3376 ἁρμονίαν,
410 3292 437 3353 οἱ
459 3290 547 3353 δὲτὸ
569 3288 642 3371 αἷμα

132 3397 159 3458 οἱ
182 3396 268 3459 δὲτὸ
290 3399 414 3477 πνεῦμα,
437 3397 464 3457 οἱ
487 3393 593 3476 δὲτὴν
617 3392 738 3474 μονάδα.

218 3498 333 3564 Priora
356 3497 446 3582 apud
469 3502 640 3577 utrumque
662 3512 728 3558 non
750 3492 882 3578 similia,
905 3493 963 3560 sed
985 3494 1054 3560 fere
1076 3493 1202 3560 eadem.
1225 3495 1312 3561 unde
1334 3496 1493 3561 lustinum

131 3601 253 3685 optimo
275 3601 345 3665 iure
368 3599 578 3684 compilatum
602 3595 749 3662 credunt.
793 3595 852 3660 sed
875 3595 987 3662 ultima
1009 3597 1096 3663 unde
1118 3597 1276 3682 sumpsit?
1309 3599 1336 3662 οἱ
1362 3600 1395 3662 δὲ
1417 3621 1491 3663 στω·

131 3708 210 3789 χοῖον
239 3705 297 3768 ἀπὸ
326 3704 360 3785 [l.
389 3703 458 3786 πρὸ]
487 3701 641 3786 στοιχείων
664 3697 752 3782 qued
774 3701 958 3780 reciprocis
985 3703 1087 3764 instar
1112 3699 1291 3766 editoribus
1324 3698 1494 3766 videbatur

132 3806 386 3890 Empedocleum
409 3812 459 3871 est
482 3803 536 3886 [cf.
561 3804 649 3869 Plau.
665 3803 681 3867 1
698 3802 738 3867 13
761 3811 772 3862 1
799 3803 837 3866 ll
858 3803 888 3885 3]
910 3808 968 3867 aut
989 3802 1229 3869 Democriteum
1252 3800 1304 3888 [of.
1326 3801 1492 3869 lamblich.

133 3908 221 3992 apud
244 3908 334 3974 Stob.
359 3909 417 3974 ecl.
434 3909 504 3973 141
527 3917 543 3968 2
566 3927 598 3989 p.
614 3901 752 3990 68οΗ.],
776 3905 804 3967 οἱ
826 3906 859 3968 δὲ
885 3905 1024 3988 ἁρμονίαν
1046 3911 1172 3989 spectat
1193 3904 1237 3970 ad
1259 3902 1494 3970 Dicaearchum

134 4011 185 4094 [et.
209 4013 296 4077 Plac.
313 4012 393 4076 lvn
413 4012 442 4093 7]
471 4017 527 4075 aut
555 4008 782 4093 Pythagoreos
810 4004 863 4089 [cf.
887 4026 985 4090 supra
1012 4028 1043 4091 p.
1059 4008 1152 4091 213],
1182 4009 1208 4071 οἱ
1236 4009 1269 4071 δὲ
1295 4009 1328 4069 τὸ
1350 4007 1424 4088 οἶμα
1450 4007 1494 4074 ad

135 4113 267 4179 Critian
290 4113 343 4179 vel
365 4112 596 4196 Empedoclem
620 4109 672 4192 [ef.
696 4127 795 4192 supra
817 4130 848 4192 p.
865 4107 953 4196 213]‚
981 4112 1008 4172 οἱ
1036 4111 1069 4172 δὲ
1094 4111 1127 4173 τὸ
1155 4080 1279 4192 mettid
1297 4107 1341 4172 ad
1367 4108 1494 4176 Stoicos

135 4214 233 4302 [Plac.
256 4217 301 4281 IV
318 4217 337 4281 3
356 4213 395 4301 3].
440 4215 523 4280 haec
552 4232 618 4277 non
646 4232 687 4278 ex
713 4229 799 4276 vano
825 4211 957 4277 finxisse
981 4210 1145 4276 Hermiam
1173 4211 1206 4276 in
1233 4212 1406 4296 propatulo
1433 4218 1493 4278 est.

134 4338 240 4402 neque
262 4325 373 4385 tamen
395 4320 465 4384 sine
488 4334 597 4382 errore
619 4312 822 4380 transtulisse
844 4314 982 4399 videtur,
1006 4334 1077 4379 cum
1097 4319 1243 4381 extrema
1264 4317 1292 4379 ot
1314 4316 1420 4398 δὲτὴν
1444 4339 1493 4398 ρο-

134 4423 207 4484 scite
230 4442 301 4486 cum
324 4422 608 4506 Pythagoreorum
640 4416 681 4482 de
708 4415 911 4481 elementis
934 4416 1103 4482 doctrina¹
1131 4416 1266 4482 contusa
1288 4415 1361 4481 sint.
1406 4425 1494 4484 certe

134 4524 175 4591 de
207 4524 316 4590 anima
344 4523 424 4589 talia
454 4521 562 4588 doceri
592 4539 657 4585 non
686 4516 827 4583 memini.
870 4517 947 4584 hinc
982 4518 1078 4601 igitur
1114 4537 1257 4585 consona
1284 4538 1325 4584 ex
1352 4522 1494 4589 Pseudo-

132 4626 257 4692 Iustino
281 4625 454 4709 descripta,
477 4623 586 4691 aliena
610 4642 650 4688 ex
672 4639 733 4685 sua
757 4618 897 4686 lectione
911 4621 1001 4687 velut
1015 4620 1283 4705 philosophorum
1305 4622 1493 4710 enchiridio,

135 4749 197 4812 quo
220 4737 336 4813 postea
359 4748 436 4793 usus
463 4734 512 4794 est
534 4724 648 4791 addita
671 4741 745 4789 esse
770 4722 941 4789 contendo.
985 4742 1061 4788 nam
1083 4743 1155 4789 cum
1178 4722 1285 4791 fontes
1308 4744 1384 4790 suos
1405 4744 1494 4790 num·

205 4949 212 4980 ¹
231 4954 267 5001 sic
284 4953 350 5003 infra
368 4954 422 5017 ipse
442 4968 463 5002 c.
478 4950 509 5004 16
528 4954 560 5003 de
579 4953 730 5018 Pythagora
748 4949 814 5019 ἀρχὴ
832 4955 884 5002 τῶν
902 4951 1002 5002 πάντων
1020 4950 1036 5018 ἡ
1055 4953 1140 5018 μονάς.
