3442 5588
727 377 1003 428 Pnonnsousus
1481 381 1543 443 115

175 547 212 607 nt
230 543 286 607 vel
307 542 369 608 toti
391 541 541 607 versiculi
564 541 804 628 interciderent,
826 564 886 610 nec
908 545 1168 629 interpolationis
1190 546 1266 611 labe
1282 566 1405 613 carens.
1433 547 1543 613 hiatus

174 643 355 729 ampliores
380 651 494 711 extant
516 646 590 729 §21
621 647 730 727 μᾶλλον
757 646 791 709 ἂν
817 646 966 711 αἴσθοιντο
993 653 1051 711 τῶν
1074 650 1189 729 όσμῶν,
1218 669 1301 730 quae
1324 649 1358 714 in
1380 653 1405 715 Ρ
1428 659 1543 735 postea

175 746 292 813 addita
313 754 389 812 sunt
410 754 444 814 et
466 749 545 829 §80
565 746 642 812 ἔστιν
665 750 734 832 ὁρᾶν
757 750 804 827 δὲ,
830 750 1027 833 interpolata
1049 753 1273 830 sunt§701d
1296 755 1404 834 κάμνον
1426 761 1477 818 τοῦ
1500 760 1541 840 μὴ

175 852 338 933 κάμνοντος
352 870 412 934 pro
427 853 460 914 τὸ
477 852 601 933 ὑγιαῖνον
617 854 668 914 τοῦ
684 854 851 934 κάμνοντος,
867 856 887 933 ὅ
902 854 945 917 80
959 854 1076 935 ὁμοίους
1091 874 1149 936 pro
1172 855 1239 924 τοὺς
1261 855 1377 939 πόρους.
1408 863 1544 938 utroque

177 954 370 1020 mendorum
392 974 511 1037 genere
533 953 619 1019 idem
645 955 736 1019 locus
762 954 795 1019 in
823 955 979 1039 proximis
1006 955 1138 1021 vitiatus
1168 957 1265 1026 εὐόεῖς
1291 960 1451 1042 κεκτῆσθαι
1477 963 1543 1029 τοὺς

177 1058 298 1141 πόρους,
321 1078 379 1142 pro
401 1056 517 1140 quibus
540 1076 580 1122 ex
600 1056 792 1121 Prestituta
814 1065 889 1123 sunt
910 1059 1006 1128 εόόεῖς
1029 1058 1100 1122 εἶναι
1123 1065 1182 1122 τῶν
1204 1063 1316 1123 λευκῶν
1338 1062 1405 1131 τοὺς
1427 1063 1542 1147 πόρους.

176 1159 296 1242 ingens
323 1166 374 1226 est
400 1160 595 1225 minutorum
625 1159 775 1224 vitiorum
805 1180 922 1246 genus,
952 1160 1068 1245 quibus
1094 1161 1120 1224 F
1148 1163 1237 1228 velut
1267 1163 1425 1229 obductus
1452 1171 1512 1229 est.
1535 1165 1543 1195 ¹

179 1263 292 1329 omnia
314 1263 396 1329 haee
414 1261 562 1328 Parisino
585 1280 606 1326 a
629 1261 799 1327 Brandisio
823 1282 958 1328 excusso
981 1271 1038 1328 aut
1059 1273 1204 1329 correcta
1226 1273 1282 1330 aut
1304 1266 1348 1330 ad
1369 1266 1543 1348 genuinam

177 1362 321 1431 sormam
342 1365 477 1450 propius
499 1364 641 1430 adducta
662 1371 746 1431 sunt.
780 1364 1007 1449 supplementa
1029 1366 1168 1430 Parisini
1190 1369 1314 1434 maiora
1328 1369 1467 1451 margini
1489 1370 1544 1434 ad·

176 1468 303 1552 scripta
324 1474 357 1534 et
379 1467 573 1534 emendatae
595 1466 753 1532 lectiones
776 1467 859 1532 iuter
881 1469 1058 1534 versiculos
1080 1468 1213 1535 additae
1235 1491 1311 1535 num
1326 1471 1430 1554 prima
1446 1490 1543 1537 manu

177 1577 235 1634 aut
258 1571 358 1654 paulo
380 1576 496 1655 postea
518 1568 639 1653 scripta
661 1575 770 1635 essent
791 1590 856 1634 non
887 1570 1075 1637 diiudicarit
1096 1572 1296 1638 Brandisius.
1340 1573 1398 1639 sed
1421 1575 1543 1658 petitae

178 1680 255 1737 snut
276 1693 319 1738 ex
342 1673 464 1758 optimo
486 1672 569 1737 libro
592 1678 625 1737 et
646 1672 852 1756 incorruptae
873 1675 1057 1740 memoriae.
1092 1694 1169 1757 ergo
1192 1674 1267 1740 huic
1282 1675 1383 1740 codici
1400 1685 1542 1742 nostram

176 1775 354 1841 editionem
378 1776 425 1842 ita
450 1774 722 1860 superstruximus
743 1781 779 1840 ut
800 1776 862 1840 uisi
885 1778 988 1842 coacti
1010 1778 1053 1843 ab
1076 1777 1146 1843 eius
1167 1775 1231 1842 tide
1258 1798 1432 1861 numquam
1459 1802 1544 1847 reee-

177 1878 339 1945 daremus.

265 1980 433 2065 Quotquot
459 1988 590 2066 praeter
612 1982 671 2046 PF
700 1982 850 2066 exempla
875 1981 908 2046 in
935 1979 1083 2045 notitiam
1109 1989 1253 2046 nostram
1276 2001 1409 2066 venere,
1436 2003 1476 2049 ea
1503 2005 1543 2050 ex

179 2084 344 2152 deteriore
366 2085 462 2150 nnius
477 2085 503 2148 F
519 2085 675 2150 memoria
696 2085 828 2150 fluxisse
852 2084 1012 2150 videntur.
1045 2102 1120 2148 narn
1144 2105 1214 2149 cnm
1233 2084 1328 2149 huius
1347 2084 1421 2150 libri
1437 2087 1543 2152 scriba

179 2188 282 2253 tulta
314 2187 475 2253 omisisset
505 2187 689 2271 omissaque
716 2187 854 2270 margini
886 2187 957 2271 ipse
989 2185 1228 2270 adscripsisset,
1260 2207 1334 2250 mox
1368 2187 1543 2270 legentium

179 2289 331 2355 manibus
363 2310 441 2356 orae
468 2290 515 2356 ita
542 2290 681 2357 detritae
708 2296 797 2375 sunt,
825 2310 910 2355 nuno
937 2295 973 2354 ut
998 2308 1122 2353 summo
1152 2290 1316 2354 oculorum
1343 2288 1456 2356 labore
1478 2311 1543 2356 non

179 2393 269 2458 nulla
293 2392 352 2458 vix
373 2411 413 2458 ae
434 2413 477 2458 ne
498 2392 553 2458 vix
575 2392 705 2474 quidem
728 2392 791 2474 legi
813 2392 947 2476 possint.
986 2411 1092 2473 neque
1114 2391 1209 2474 plura
1231 2390 1382 2456 librarius
1404 2394 1544 2476 exempli

178 2494 265 2560 illins
292 2493 459 2579 perspexit
480 2493 566 2560 unde
589 2500 622 2559 et
651 2493 816 2559 Gamotii
843 2493 961 2559 codex
988 2500 1021 2559 et
1042 2492 1253 2557 Vossianus
1283 2512 1420 2576 grauem
1441 2493 1480 2571 Q.
1502 2498 1541 2561 51

178 2596 349 2664 derivandi
372 2603 457 2662 sunt
491 2596 544 2662 hio
566 2595 757 2662 chartaceus
779 2617 804 2661 s.
820 2596 897 2660 XVI
920 2595 1058 2680 scriptus
1073 2594 1217 2660 continet
1232 2595 1448 2680 Theophrasti
1470 2598 1543 2663 libr.

179 2700 219 2766 de
239 2719 354 2783 sensu,
376 2698 418 2765 de
434 2699 519 2783 igne,
541 2698 673 2765 Aristot.
689 2697 926 2783 physiognom,
949 2704 1016 2763 tum
1032 2697 1369 2781 epistolographorum
1384 2700 1543 2784 syllogen.

179 2803 353 2886 insignitus
383 2806 433 2867 est
464 2800 552 2866 intus
579 2801 760 2865 Alexander
791 2803 882 2865 Pauli
909 2803 992 2884 filios
1026 2803 1169 2864 Patauina
1201 2812 1327 2864 sanator
1357 2803 1547 2867 Parirtcuss'a

181 2925 263 2969 uano
287 2906 379 2970 1647.
423 2903 476 2969 hio
502 2904 604 2969 codex
632 2924 704 2968 eum
730 2902 924 2971 Oamotiana
954 2910 1106 2970 aoourate
1132 2902 1272 2969 concinit
1298 2902 1360 2968 nisi
1382 2905 1469 2988 qnod
1491 2907 1547 2970 irn-

182 3007 331 3074 nanihus
354 3006 546 3092 typothetae
568 3003 730 3072 erroribus
752 3013 851 3091 carot,
874 3006 927 3089 qni
947 3006 1083 3072 vitiatae
1097 3004 1254 3071 memoria
1268 3011 1303 3070 ut
1318 3008 1464 3073 cumulus
1478 3008 1546 3073 illic

176 3100 251 3176 ¹snut
273 3107 393 3176 additi.
436 3107 587 3175 Vossiani
610 3107 786 3193 praecipua
807 3107 1026 3193 discrepantia
1056 3108 1090 3173 in
1113 3106 1388 3174 Schneiderianao
1414 3109 1480 3175 vol.
1501 3111 1547 3176 iv

182 3235 209 3298 p.
221 3214 290 3279 515
301 3233 375 3295 sqq.
409 3217 543 3278 enomta
572 3216 638 3294 est,
669 3208 740 3296 ipse
765 3211 882 3277 librum
911 3209 1038 3295 inspexi
1066 3209 1287 3291 Hamhurgum
1317 3229 1338 3274 a
1366 3209 1548 3296 Leydonsis

182 3313 401 3381 bibliothecae
428 3313 593 3399 praefecto
621 3313 740 3380 eximia
762 3313 958 3380 liberalitate
980 3313 1214 3379 transmissum.
1260 3310 1335 3377 hine
1356 3311 1453 3394 igitur
1475 3335 1547 3380 eum

183 3416 349 3501 uniusque
371 3417 563 3483 nouaclum
585 3416 618 3481 in
640 3417 843 3499 gravioribus
869 3416 928 3483 sed
954 3415 1052 3482 eham
1081 3415 1114 3479 in
1137 3414 1280 3480 minutiis
1303 3416 1548 3482 consensionem

183 3518 391 3586 observarem
418 3520 508 3585 velut
537 3521 646 3584 ἐπιδιὸν
675 3521 695 3604 ς
718 3521 758 3585 13
787 3541 846 3604 pro
873 3518 998 3584 ἐπεισιόν
1022 3515 1080 3603 [sic
1102 3517 1161 3582 PF
1185 3516 1357 3600 exhibent,
1390 3516 1425 3582 in
1454 3519 1547 3583 Voss.

184 3628 294 3706 postea
310 3641 394 3688 corr.
410 3620 546 3709 ἐπειδιόν]
569 3628 602 3688 et
616 3622 777 3688 uocabula
797 3621 957 3704 utrimque
972 3620 1087 3686 eadem
1104 3639 1221 3685 manca
1242 3625 1278 3684 ut
1299 3621 1319 3698 ὅ
1335 3618 1355 3682 8
1378 3619 1425 3681 ἐπι
1453 3642 1548 3683 aaran

186 3723 214 3788 iu
239 3724 356 3808 Voss,
384 3725 431 3788 ἐπι
458 3747 563 3788 οιιτειν
590 3723 625 3789 iu
651 3722 776 3789 Gamot.
800 3722 872 3806 [PF
895 3724 1088 3804 ἐμπλάττειν]
1117 3728 1173 3787 aut
1200 3720 1320 3787 omissa
1347 3721 1437 3786 velut
1468 3723 1487 3804 ξ
1509 3722 1549 3786 19

187 3827 309 3906 ἐνόντος,
336 3826 424 3893 idem
446 3828 613 3912 exemplar
640 3832 810 3909 utrumqne
833 3825 952 3891 adiisse
976 3827 1064 3891 clare
1087 3825 1249 3909 perspexi.
1293 3843 1354 3890 nee
1384 3822 1550 3889 obscurior

188 3928 273 3996 huius
284 3928 418 3996 videtur
429 3929 531 4014 origo,
542 3949 614 3994 cum
622 3928 833 3995 Laurentiaui
844 3928 952 4010 imago
964 3927 998 3992 in
1011 3927 1103 4010 peius
1115 3933 1151 3992 ut
1164 3926 1199 3992 fit
1211 3945 1307 3992 versa
1319 3946 1550 4010 usquequaque

191 4032 411 4116 adgnascatur.
461 4031 686 4097 concordantis
712 4031 891 4115 scripturae
923 4029 1120 4112 farraginem
1149 4027 1314 4093 effundere
1344 4030 1437 4114 nolo,
1467 4050 1550 4113 quae

194 4134 309 4200 cfiamsi
332 4153 459 4200 summa
480 4133 533 4218 sit,
560 4153 579 4200 e
605 4134 744 4217 gemello
770 4115 860 4200 tonte
887 4151 1038 4197 manasse
1064 4131 1199 4196 dicatur.
1244 4130 1304 4195 sed
1330 4138 1442 4213 specta
1471 4131 1549 4197 mihi

198 4235 343 4303 evanidos
370 4256 452 4319 quos
479 4235 546 4302 dixi
575 4235 786 4302 Laurentiaui
813 4236 911 4302 locos.
957 4237 977 4314 ἓ
997 4235 1038 4298 66
1060 4234 1197 4317 praebet
1218 4233 1243 4297 P
1265 4235 1315 4296 τὸν
1339 4234 1372 4296 δὲ
1394 4236 1494 4319 πικρὸν
1517 4235 1550 4298 ἐκ

201 4343 295 4426 μικρῶν
317 4342 381 4403 κτλ.
414 4345 561 4405 notatum
582 4339 616 4403 in
632 4338 695 4403 Fa
716 4334 916 4402 Brundisio¹
936 4337 985 4400 τόν
1008 4337 1041 4398 δὲ
1063 4336 1133 4416 orM
1158 4335 1191 4399 ἐκ
1213 4339 1324 4419 μικρῶν
1359 4334 1551 4402 oblitteratis

204 4447 338 4523 quattuor
358 4440 485 4507 litteris.
519 4446 645 4506 tantum
667 4439 723 4506 ille
747 4438 848 4505 oculis
870 4437 1003 4506 intentis
1025 4437 1159 4519 legerat.
1194 4436 1272 4520 quid
1293 4435 1363 4501 illi?
1387 4435 1552 4503 Camotius

261 4701 378 4754 ¹mirum
400 4710 440 4752 est
463 4701 584 4764 aequales
606 4700 686 4750 libros
712 4714 745 4749 ex
768 4697 860 4748 eodem
884 4698 1025 4762 exemplari
1048 4705 1100 4746 tam
1125 4697 1226 4746 diverse
1249 4696 1418 4759 manscriptos
1437 4709 1507 4757 esse,
1525 4704 1554 4745 ut

214 4803 256 4837 uun
270 4789 366 4840 FexP
385 4789 454 4839 male
472 4788 613 4851 descriptus
631 4789 664 4836 sit
683 4787 752 4837 haud
770 4786 864 4836 trustra
881 4787 1008 4850 quispiam
1026 4792 1142 4847 quaerat.
1170 4783 1216 4832 sad
1234 4782 1267 4831 sd
1288 4782 1355 4830 hane
1374 4783 1553 4844 quaestionem

217 4875 338 4927 adtendam
356 4877 473 4926 neutrius
492 4874 664 4938 discrepantia
682 4875 743 4923 satis
762 4882 881 4922 accurata
901 4881 927 4921 at
944 4887 1001 4922 curn
1021 4872 1164 4936 pulvisculo
1183 4878 1211 4918 ut
1229 4870 1302 4919 aiunt
1319 4883 1430 4919 excussa
1448 4877 1494 4918 est.

266 4958 330 5027 ¹qui
348 4963 423 5015 addit
437 4955 492 5012 ‘dic
511 4959 613 5013 meets
631 4960 714 5013 durch
739 4957 911 5012 Varlocmhco
930 4957 977 5009 der
996 4955 1098 5021 Schelle
1117 4949 1351 5104 cantandam'g*
