3442 5588
749 304 1026 355 rnonusounrm
1500 306 1560 370 231

200 471 257 555 qui
269 471 400 557 citatur,
416 477 548 538 meteor.
564 472 612 537 16
627 472 773 537 sublecta
788 470 1024 553 adgnoscimus.
1048 471 1106 537 sed
1121 471 1288 555 proximus
1300 479 1350 538 est
1361 474 1564 561 Posidonius,

201 581 238 639 ut
260 573 413 640 cautione
436 573 477 640 sit
499 574 616 658 opus¹
651 573 764 638 eodem
788 571 883 638 modo
907 573 1105 638 Placitorum
1120 574 1204 640 1112
1226 585 1251 639 1.
1271 583 1288 636 1
1311 575 1517 660 Pythagorae
1533 585 1566 644 et

201 676 341 742 aliorum
368 675 536 759 opiniones
564 673 812 757 comprehendit
841 694 881 739 ex
909 675 1024 741 eodem
1051 675 1233 742 Aristotelis
1264 679 1335 744 loco
1358 685 1393 742 ut
1414 698 1454 744 ox
1477 679 1566 747 fonte

200 776 409 863 repetendas.
439 782 548 840 tamen
571 775 623 842 hic
645 777 826 843 certissime
849 776 1058 843 Posidonium
1080 798 1250 861 possumus
1272 787 1462 847 monstrare.
1490 802 1564 847 nam

201 881 234 947 in
248 878 343 947 Arati
357 876 480 944 scholio
503 897 533 960 p.
552 878 624 960 152,
640 877 872 962 6.(1ταοκράτης
887 881 903 942 ό
919 879 1178 963 Πυθαγορικός
1192 881 1385 947 nominatur.
1417 884 1503 964 quod
1525 905 1566 950 ex

202 983 379 1049 Aristotele
411 978 587 1045 scholiasta
616 985 728 1062 petere
755 1000 820 1046 non
843 980 955 1064 potuit.
993 982 1051 1047 sed
1075 982 1188 1047 eadem
1211 982 1337 1049 ratione
1358 984 1565 1069 Hippocratis

202 1084 312 1170 opinio
336 1083 456 1150 omisso
479 1082 611 1148 nomine
635 1083 677 1148 ab
701 1080 796 1148 Aetio
819 1083 1082 1167 Pythagoreis
1104 1084 1344 1150 adnumeratur.
1382 1086 1566 1155 Aristotelis

203 1184 402 1272 Pythagorei
428 1191 501 1249 sunt
526 1183 574 1248 illi
601 1186 674 1255 τινὲς
698 1186 773 1267 μέν,
795 1184 1010 1268 Hippocrates
1036 1185 1118 1249 ἄλλοι
1141 1187 1182 1249 δέ.
1210 1185 1243 1250 in
1265 1187 1388 1254 scholio
1418 1190 1565 1257 noviciae

202 1288 336 1372 originis
357 1287 452 1372 plura
476 1292 550 1350 sunt
571 1285 690 1351 indicia
716 1293 751 1350 ut
776 1287 929 1373 ξιφηφόμοι
952 1288 1069 1371 ἀστέρες
1093 1309 1124 1371 p.
1141 1290 1212 1373 151,
1236 1291 1293 1373 26,
1320 1291 1379 1356 sed
1406 1291 1503 1357 etiam
1531 1292 1564 1358 in

202 1390 336 1457 Placitis
358 1394 482 1473 aperta.
516 1386 723 1470 Hippocratis
751 1389 894 1472 opinioni
909 1390 952 1455 ad
968 1391 1122 1453 ἀνάκλασιν
1141 1390 1270 1455 additur
1285 1394 1488 1477 παραπλησίαν
1503 1400 1564 1465 ταῖς

201 1497 404 1578 κατοπτρικαῖς
426 1491 596 1574 ἐμφάσεσιν.
633 1488 746 1554 eodem
770 1492 919 1576 exemplo
942 1491 1040 1556 utitur
1055 1490 1249 1557 Posidonius
1264 1493 1352 1576 apud
1366 1494 1458 1559 Arati
1474 1496 1564 1561 scho-

199 1596 328 1662 hastam
354 1614 385 1678 p.
408 1593 484 1675 151,
507 1591 549 1656 28
575 1590 619 1655 ad
652 1590 830 1656 Democriti
860 1593 1013 1677 placitum
1043 1592 1311 1658 illustrandum'
1354 1594 1493 1678 denique
1522 1597 1564 1663 de

199 1696 294 1762 huius
320 1702 355 1762 ot
375 1695 592 1776 Anaxagorae
618 1691 752 1758 decreto
782 1695 870 1778 apud
891 1695 1097 1760 Aristotelem
1126 1694 1314 1779 simpliciter
1341 1698 1407 1767 τοὺς
1434 1701 1563 1783 κομήτας

198 1801 345 1884 σύμφασιν
369 1802 428 1861 τῶν
450 1798 606 1880 πλανήτων
624 1795 765 1878 ἀστέρων.
799 1797 833 1861 111
848 1796 981 1863 Placitis
1002 1797 1184 1862 accuratius
1206 1799 1325 1862 σύνοδον
1341 1799 1470 1883 ἀστέρων
1486 1803 1562 1864 δυεῖν

197 1902 290 1985 igaal
312 1900 469 1974 πλειόνων,
496 1895 707 1979 similiterque
730 1898 876 1964 scholion
903 1901 977 1964 κατὰ
1005 1901 1144 1984 σύλληψιν
1167 1897 1200 1985 [1.
1223 1898 1395 1987 σύλλαμψιν]
1419 1903 1471 1965 δύο
1493 1905 1563 1965 πλα-

196 2004 347 2087 νωμένων.
379 2001 481 2066 multo
504 1999 658 2065 maiorem
684 1999 717 2064 in
748 2000 923 2066 Posidonio
945 2001 1133 2085 opinionum
1154 2001 1254 2068 luisse
1277 2003 1404 2087 copiam
1426 2002 1562 2068 Achillis

196 2110 353 2189 excerpta
373 2104 501 2169 11000111.
528 2123 560 2186 p.
574 2101 661 2166 15811
683 2103 751 2173 τοὺς
774 2104 807 2166 δὲ
831 2107 964 2188 κομήτας
986 2105 1034 2167 καὶ
1057 2105 1124 2174 τοὺς
1146 2106 1293 2175 τοιούτους
1315 2107 1342 2168 ol
1363 2107 1415 2188 μὲν
1432 2106 1561 2188 λέγουσιν

197 2208 227 2278 ἐξ
253 2207 385 2292 ἀστέρων
412 2204 631 2291 συνερχομένων
657 2204 786 2286 γίνεσθαι
817 2207 866 2269 καὶ
888 2208 1151 2292 συμφωτιζομένων
1174 2207 1284 2289 [vulgo
1307 2208 1562 2291 ἐμφωτιζομένων,

196 2308 324 2376 conexi
355 2307 395 2374 ei.
424 2308 513 2373 Plau.
539 2307 623 2371 1111
645 2317 675 2390 6,
699 2307 916 2390 Democritus]
946 2311 973 2372 οἱ
1008 2310 1040 2372 δὲ
1074 2309 1107 2373 ἐκ
1139 2314 1234 2393 νεφῶν
1268 2310 1561 2394 περιπεφωτισμένων

198 2405 534 2496 [18110101Π24[,
563 2407 646 2472 ἄλλοι
677 2409 710 2471 δὲ
736 2410 771 2473 ἐκ
798 2410 998 2493 παρατρίψεως
1025 2412 1129 2481 αὐτοὺς
1157 2412 1335 2496 φωτίζεσθαι
1356 2412 1496 2495 λέγουσιν.
1527 2414 1561 2477 οὐ

198 2513 347 2598 φαίνονται
374 2512 407 2575 δὲ
433 2511 479 2574 ἀεὶ
506 2509 582 2573 ἀλλὰ
608 2509 731 2591 γίνονται
765 2513 842 2575 κατὰ
869 2513 1018 2596 περιόδους
1044 2515 1157 2599 χρόνων
1186 2510 1236 2599 [01.
1260 2511 1408 2599 11121[.
1432 2515 1563 2580 additur

200 2612 308 2696 inepte
335 2610 434 2696 capiti
463 2610 505 2677 de
532 2611 682 2696 cometis,
709 2633 793 2695 quae
816 2613 849 2678 in
873 2614 1064 2698 compendio
1088 2614 1335 2681 continuabatur
1356 2614 1399 2681 de
1420 2615 1560 2681 nubibus

199 2715 313 2782 ueteris
335 2713 483 2780 doctrina
506 2733 537 2796 p.
555 2714 657 2778 1591.

280 2815 455 2900 Egregium
477 2814 640 2899 specimen
665 2815 904 2883 Posidonianao
931 2818 1120 2884 eruditionis
1148 2817 1260 2883 ultimo
1282 2818 1353 2883 loco
1377 2838 1559 2902 proponam

197 2937 234 2984 ex
257 2918 392 2985 scholiis
413 2917 510 2983 Arati
532 2916 574 2982 ad
597 2938 628 2981 ν.
644 2918 708 2981 940
730 2939 762 3000 p.
780 2919 851 3003 136,
868 2920 1036 3001 {tu-137,
1054 2922 1093 2985 14
1114 2920 1221 2985 Bekk.

205 3107 208 3111 γ
231 3020 461 3104 Ἀναξιμένης
485 3020 518 3082 δὲ
540 3021 592 3104 τὴν
613 3019 669 3103 ἶρίν
690 3041 762 3105 φησι
784 3021 853 3102 ηίνε-
879 3030 882 3131 [
949 3022 1136 3086 Ρ100.1111”ι
1154 3031 1186 3084 10
1216 3021 1436 3106 Ἀναξιμένης
1450 3022 1505 3106 ἶριν
1520 3024 1559 3106 γί-

188 3125 264 3188 σύαι
292 3124 380 3207 ἡνίκα
408 3121 443 3185 ἂν
472 3121 692 3187 ἐπιπέσωσιν
726 3125 761 3186 αί
793 3127 853 3186 τοῦ
878 3146 881 3173 ¹
906 3124 1006 3186 νεσύσιι
1029 3123 1103 3187 κατ’
1135 3124 1318 3207 αὐγασμὸν
1346 3121 1447 3207 ἡλίου
1474 3127 1559 3209 πρὸς

187 3227 296 3310 ἡλίου
319 3225 422 3308 αὐγαὶ
444 3224 493 3294 εἰς
515 3225 630 3309 παχὺν
653 3225 710 3287 καὶ
726 3226 853 3289 πυκνὸν
905 3226 1005 3310 νέφει
1031 3233 1149 3311 πυκνῷ
1174 3226 1230 3289 καὶ
1257 3230 1368 3311 παχεῖ
1388 3225 1435 3287 καλ
1459 3226 1559 3307 μέλανι

182 3329 300 3413 ἀέρα·
325 3328 394 3392 ὅθεν
416 3328 449 3390 τὸ
473 3326 524 3409 μὲν
543 3325 682 3410 πρότερον
697 3327 787 3390 αὐτοῦ
802 3331 854 3390 τού
906 3328 984 3411 παρὰ
1011 3330 1044 3391 τό
1075 3330 1116 3412 μὴ
1143 3327 1283 3391 δύνασθαι
1309 3328 1359 3397 τὰς
1382 3328 1498 3396 ἀκτῖνας
1519 3329 1560 3398 εἰς

184 3431 280 3513 ἡλίου
311 3434 460 3515 φοινικοῦν
489 3430 621 3512 φαίνεται
653 3431 853 3512 διακαιόμενον
905 3431 937 3492 τὸ
977 3430 1065 3514 πέραν
1105 3430 1267 3494 διακόπτειν
1305 3429 1560 3511 ἐπισυνισταμένας

190 3533 252 3596 ὑπὸ
273 3536 334 3595 τῶν
357 3532 480 3596 ἀκτίνων
508 3532 542 3594 τὸ
565 3532 597 3594 δὲ
624 3532 713 3613 μέλαν
736 3533 853 3616 κρατσό-
904 3533 984 3616 αὐτῷ

196 3657 280 3717 μενον
309 3635 366 3698 oso
395 3639 448 3716 τῆς
479 3633 644 3716 ὑγρότητος.
677 3636 724 3698 κοιλ
754 3637 854 3704 νυκτὸς
947 3634 1149 3717 Hipponis
1181 3634 1235 3717 ἶριν
1258 3636 1291 3698 δὲ
1316 3634 1469 3717 γεννᾶσθαι
1492 3639 1559 3697 τῶν

197 3737 323 3822 ύέφησι
345 3736 475 3819 γίνεσθαι
504 3736 556 3818 τὴν
578 3735 633 3818 ίριν
655 3738 713 3799 ἀπὸ
736 3742 787 3820 τῆς
810 3759 853 3800 σε·
906 3741 1061 3822 ἡλιακῶν
1100 3738 1215 3819 αὐγῶν
1253 3738 1304 3805 εἰς
1344 3738 1428 3820 ἀέρα
1462 3758 1558 3801 συνε·

199 3840 283 3923 λὴνης
317 3838 384 3902 ἀλλ’
426 3839 460 3902 οὐ
493 3840 631 3907 πολλάκις
663 3840 711 3902 διὰ
744 3840 777 3901 τὸ
811 3842 851 3923 μὴ
906 3844 1020 3904 στῶτα
1043 3845 1258 3905 πιπτουσῶν.

202 3940 374 4023 πανσέληνον
397 3937 469 4003 εἶναι
499 3941 547 4003 διὰ
569 3942 674 4011 παντὸς
697 3942 744 4004 καὶ
768 3943 853 4006 ἀσθε-

202 4044 327 4128 νέστερον
349 4042 441 4126 αὐτὴν
465 4047 529 4126 φῶς
552 4041 632 4128 ἔχειν
653 4048 704 4106 τοῦ
728 4046 820 4127 ἡλίου.

233 4145 484 4230 Μητρόδωρος
514 4148 546 4210 δὲ
569 4147 621 4229 τὴν
650 4145 705 4231 ἶριν
733 4149 853 4212 αίτιυλο-
941 4145 1559 4231 Ρ100.Π1512Μητρόδωροςότσινδιά

191 4254 250 4328 γῶν
275 4269 375 4334 φησιν·
408 4250 476 4312 όταν
505 4248 534 4318 ἐξ
562 4249 690 4319 ἐναντίας
712 4256 754 4334 τῷ
777 4252 853 4335 ἡλίῳ
878 4258 881 4331 l
906 4252 1017 4333 νεφῶν
1040 4250 1139 4332 ἥλιος
1162 4250 1341 4335 διαλάμψη
1364 4251 1401 4312 τὸ
1424 4250 1486 4331 μὲν
1508 4248 1558 4312 νέ·

267 4439 274 4469 ¹
295 4443 353 4505 quis
379 4443 456 4491 inerit
480 4440 593 4505 Sporus,
613 4441 680 4490 unde
700 4443 877 4494 Posidoniaua
896 4444 1063 4491 innotuerunt
1081 4440 1233 4491 scholiastae
1253 4458 1277 4505 p.
1295 4436 1395 4502 15110
1415 4439 1458 4503 [cl.
1477 4457 1501 4505 p.
1516 4439 1558 4499 uu,

174 4520 227 4579 24
245 4544 325 4593 supra
344 4546 369 4593 p.
383 4528 416 4581 63
425 4524 456 4592 Ἶ,
476 4529 564 4578 doceri
584 4529 668 4578 selim.

266 4613 328 4666 'ct
347 4617 425 4666 Alex.
438 4618 465 4665 in
483 4617 616 4665 meteorol.
636 4617 722 4666 Aldin.
739 4612 806 4666 1527
826 4633 849 4680 p.
867 4614 933 4666 118·
952 4612 985 4665 52
1004 4613 1026 4663 ol
1045 4611 1071 4662 δὲ
1090 4611 1144 4679 περὶ
1163 4607 1182 4662 F
1188 4617 1292 4679 εμῖνσν
1311 4612 1354 4675 [cl.
1368 4630 1445 4678 supra
1457 4631 1481 4677 p·
1500 4611 1559 4675 19¹]

175 4703 240 4754 καὶ
258 4699 344 4754 lurco
363 4702 396 4759 τίς
418 4698 493 4760 δεῖξιν
510 4704 555 4752 τοῦ
573 4699 677 4769 έκφασιν
700 4700 747 4770 τὴν
767 4701 814 4770 ἶριν
837 4700 897 4753 εἶναι
915 4706 1088 4768 προσχρῶνται
1107 4697 1205 4766 καὶτῷ
1224 4698 1375 4766 προσιόντων
1393 4718 1420 4751 τι
1438 4697 1501 4767 αὕτη]
1520 4697 1559 4749 δο-

182 4795 250 4840 κεῖν
265 4791 309 4842 καὶ
327 4787 408 4856 curso
425 4789 550 4857 προσιέναι
568 4789 611 4839 καὶ
630 4787 831 4858 ἀποχωρούντων
854 4789 995 4856 ἀποχωρεῖν
1019 4785 1119 4855 ῶσπερ
1143 4785 1251 4854 ὁρᾶται
1274 4791 1425 4839 ποιοῦντα
1448 4788 1500 4838 καὶ
1523 4786 1558 4836 τὰ

189 4874 309 4935 ἐντοῖς
327 4876 516 4945 κατόπτροις
537 4875 758 4948 ἐμφαινόμενα.
