3464 5586
243 346 305 409 262
392 348 456 396 xlx
483 347 532 396 DE
552 346 720 396 aeumlao}
740 343 944 395 cummium
963 341 1273 393 PHILOSOPHORUM
1292 339 1475 391 IRRISIONE

243 534 339 597 quam
361 513 430 578 iere
445 512 487 576 ad
502 512 635 578 verbum
659 515 788 577 secutus
809 509 851 575 sit
865 508 1017 594 Iustinus,
1040 509 1226 576 vetustioris
1246 507 1319 573 libri
1342 505 1600 574 communionem

243 624 411 698 utramque
441 614 558 681 seriem
580 611 740 696 complexi
766 611 888 693 tingere
910 611 987 679 noli.
1032 621 1204 700 praeterea
1229 612 1334 696 ipsum
1355 609 1514 677 Iustinum
1536 627 1601 675 uuo

243 719 392 801 exemplo
419 716 609 782 arcessitum
637 713 783 781 ovinoam
809 714 918 780 Herm.
942 735 969 781 c.
986 718 1025 783 11
1053 717 1202 780 ἀλλὰκαὶ
1229 715 1323 799 τούτῳ
1352 716 1436 778 πολιν
1460 714 1476 775 ὁ
1500 733 1601 793 ριγα·

243 821 401 905 λόφωνος
428 819 572 883 Πλάτων
594 817 652 902 οὐχ
673 818 811 899 ὁμολογεῖ
831 816 923 898 λέγων
940 819 1034 903 ἀρχὰς
1056 818 1129 882 εἶναι
1151 819 1200 881 καλ
1223 818 1291 881 θεδν
1314 817 1362 879 καὶ
1385 817 1456 897 ύλην
1478 813 1527 879 καὶ
1548 837 1601 876 πα-

243 925 393 1007 ράδειγμα.
416 926 464 984 νῦν
481 920 533 1001 μὲν
548 918 597 982 καὶ
612 920 650 1002 δὴ
665 918 832 1001 πέπεισμαι.
859 923 922 989 πῶς
937 921 991 1005 γὰρ
1007 923 1041 985 οὐ
1058 922 1156 1003 μέλλω
1171 921 1312 985 πιστεύειν
1329 919 1482 1004 φιλοσύφιρ
1504 921 1547 1000 τῷ
1563 916 1601 979 τὸ

244 1026 325 1094 Διὸς
348 1026 440 1108 ἅρμα
463 1022 647 1104 πεποιηκότιγ
668 1019 750 1085 illud
773 1023 789 1083 ύ
812 1023 1017 1107 μεγαλόφωνος
1032 1024 1156 1088 Πλάτων
1170 1021 1294 1088 Iustino
1316 1019 1496 1086 subiectum
1517 1038 1545 1083 υ.
1560 1019 1604 1082 30

245 1148 275 1211 p.
292 1129 358 1192 300
374 1125 559 1207 ibidemque
573 1128 770 1188 memoratur
784 1121 872 1188 Iovis
887 1143 998 1190 currus
1018 1124 1170 1208 [Phaedr.
1186 1147 1217 1210 p.
1234 1125 1323 1191 alcu
1347 1122 1386 1188 ci.
1402 1121 1602 1203 Athenagor.

245 1229 350 1312 suppl.
373 1248 399 1292 c.
413 1227 479 1308 23].
509 1225 608 1291 etiam
629 1224 788 1310 principia
810 1232 885 1290 sunt
906 1227 1022 1293 eadem
1045 1248 1071 1294 c.
1089 1229 1109 1292 6
1131 1249 1162 1311 p.
1180 1230 1232 1293 ia.
1255 1227 1345 1310 atqui
1368 1224 1516 1290 Platonis
1535 1223 1603 1288 irri-

245 1330 368 1396 sionem
384 1329 454 1413 ipse
469 1328 595 1393 furatus
611 1333 661 1394 est
675 1327 817 1393 Iustinus
832 1348 873 1394 ex
888 1329 1062 1395 Plutarcho
1078 1332 1167 1396 Plao.
1182 1331 1198 1395 1
1215 1331 1232 1394 l
1253 1340 1269 1391 4
1292 1327 1344 1415 [cf.
1367 1346 1466 1410 supra
1487 1348 1519 1411 p.
1537 1327 1603 1409 1l],

245 1453 340 1515 quem
362 1453 434 1496 cum
456 1431 607 1497 Hermiae
629 1431 766 1513 ignoret,
789 1430 878 1512 origo
901 1437 1002 1514 patet.

330 1535 496 1600 Hactenus
511 1533 661 1599 Menzelii
684 1531 869 1616 opinionem
891 1534 1073 1600 accuratior
1095 1533 1276 1617 disquisitio
1299 1532 1509 1599 confirmavit
1538 1531 1602 1598 hle-

246 1636 380 1701 meeium
404 1643 512 1701 autem
535 1635 653 1700 iniuria
675 1633 836 1700 adscitum
857 1655 929 1702 osse
952 1635 1123 1702 contendo.
1160 1657 1235 1702 nam
1259 1656 1343 1719 quae
1365 1656 1438 1702 eam
1460 1633 1602 1719 speciem

245 1739 398 1804 effecerat
419 1738 572 1823 capitia2
594 1736 760 1804 nominum
776 1737 955 1820 consensio,
978 1757 1052 1804 eam
1066 1758 1108 1804 ox
1123 1738 1320 1805 scholiastae
1341 1735 1602 1821 interpolatione,

246 1840 300 1923 qui
322 1840 475 1905 Nemesin
499 1839 664 1925 utebatur,
693 1846 797 1906 ortam
827 1858 900 1905 esso
929 1838 994 1904 iam
1022 1839 1148 1923 pridem
1174 1841 1373 1906 intellectum
1401 1845 1459 1904 est
1504 1837 1603 1903 etiam

246 1943 350 2025 magis
378 1941 540 2008 claudicat
561 1942 759 2009 Theodoreti
785 1941 998 2026 comparatio,
1027 1941 1077 2006 cui
1107 1941 1188 2007 nihil
1213 1942 1276 2008 nisi
1302 1940 1416 2006 umbra
1441 1939 1603 2023 quaedam

247 2045 479 2109 sententiarum
502 2044 651 2128 componi
679 2050 788 2129 potest
807 2045 897 2112 velut
919 2044 1135 2126 Anaxagorae
1162 2050 1195 2110 et
1216 2043 1424 2129 Pythagorae
1445 2041 1605 2125 principia

246 2146 359 2211 stricta
374 2147 462 2230 apud
484 2147 569 2212 hunc
589 2147 695 2212 affert.
711 2167 778 2212 eur·
793 2148 825 2212 11
840 2148 882 2212 23
905 2145 1031 2211 doctius
1046 2153 1121 2211 sunt
1134 2146 1222 2231 apud
1237 2145 1401 2213 Hermiam
1416 2146 1603 2229 explanata.

246 2249 412 2331 aliquanto
444 2249 552 2332 aptius
578 2247 662 2313 alius
684 2254 813 2332 poterat
835 2250 924 2315 locus
946 2248 1095 2314 conferri.
1130 2254 1274 2314 extremo
1296 2247 1378 2312 libro
1394 2247 1604 2332 Pythagorae

247 2357 280 2415 et
301 2351 431 2434 Epicuri
461 2350 599 2415 mundos
626 2349 724 2435 ridet,
752 2370 833 2433 quos
855 2350 1056 2435 decempeda
1076 2350 1251 2417 instructus
1272 2349 1405 2415 infinitis
1428 2348 1489 2414 sihi
1512 2348 1605 2413 itine-

247 2450 334 2516 ribus
356 2452 579 2535 peragrandos
605 2450 705 2534 fingit.
738 2472 834 2536 quem
861 2453 966 2518 lusum
994 2453 1076 2518 satis
1103 2453 1257 2538 vapidum
1284 2451 1476 2536 propinasse
1501 2449 1605 2516 Theo-

247 2553 394 2618 doretum
416 2554 507 2619 dieas
521 2556 537 2619 I
552 2555 595 2620 98
616 2556 658 2624 τίς
680 2555 735 2639 γὰρ
758 2555 872 2620 ἅπασαν
896 2556 994 2640 μέτρῳ
1014 2555 1048 2619 ἂν
1071 2559 1219 2641 περιλάβω
1242 2557 1294 2639 τὴν
1317 2560 1380 2638 γῆν,
1403 2552 1465 2617 εἶτα
1486 2554 1606 2623 ἑπτάκις

247 2656 295 2719 καὶ
317 2657 463 2726 εἰκοσάκις
485 2659 721 2728 πολυτλασιοίσας
745 2659 779 2720 τδ
808 2658 910 2741 μέτρον
938 2661 1092 2741 συναγάγοι
1118 2664 1171 2742 τῆς
1198 2661 1297 2744 ψήφου
1323 2659 1372 2720 τὸν
1398 2657 1534 2740 λογισμὸν
1557 2656 1606 2718 καὶ

246 2763 346 2821 τοῦτον
369 2765 411 2844 τῷ
437 2760 535 2844 μέτρῳ
557 2764 608 2823 τού
625 2758 808 2843 ἀνθρωπείου
823 2760 970 2844 παραθείη
985 2761 1083 2830 πυδύς.
1119 2760 1177 2826 sed
1197 2761 1315 2825 similia
1334 2766 1402 2824 tum
1421 2757 1607 2823 christianis

247 2859 281 2923 in
304 2859 428 2925 deliciis
450 2861 550 2926 fuere.
586 2860 784 2927 Claudianus
806 2861 936 2945 quidem
951 2862 1126 2928 Mamertus
1149 2858 1299 2928 deitato
1321 2861 1450 2926 animae
1466 2860 1498 2924 11
1514 2861 1555 2926 12
1573 2867 1605 2920 13

246 2962 279 3026 in
308 2963 430 3029 eisdem
457 2962 518 3027 sibi
549 2964 658 3046 placet
687 2962 826 3030 facetiis:
857 2967 909 3029 eiu
937 2986 1018 3028 nunc
1045 2967 1137 3030 sodes
1164 2965 1309 3047 egredere
1337 2974 1366 3027 et
1393 2966 1608 3027 elementorum

246 3067 376 3129 molibus
391 3068 532 3129 excussis
548 3069 742 3148 lacrimaeque
759 3069 870 3132 iudicii
891 3087 1056 3149 corporum
1077 3069 1267 3150 ponderibus
1289 3069 1442 3148 impositis
1465 3067 1608 3145 appende

246 3170 409 3229 mundum:
444 3170 581 3249 quipiam
608 3169 743 3247 fortusse
772 3171 852 3233 oceli
880 3171 969 3235 nobis
996 3173 1160 3235 undeunde
1180 3172 1353 3254 prosilient.
1388 3177 1442 3233 uui
1470 3171 1501 3232 si
1526 3188 1608 3232 unus

246 3271 377 3332 mundus
398 3272 504 3350 plures
525 3290 621 3351 porro
644 3272 816 3334 nonhabet
839 3275 960 3350 coelos,
988 3276 1111 3356 aliquos
1140 3277 1197 3339 tihi
1226 3294 1294 3336 cum
1317 3274 1454 3354 Epicuro
1477 3272 1608 3335 mundos

247 3379 418 3433 atomorum
441 3375 559 3436 minuta
579 3375 767 3453 parturiant.
812 3374 871 3439 sed
898 3394 961 3458 quo
985 3377 1100 3443 melius
1121 3376 1294 3458 intellegas
1320 3373 1510 3442 arcessitum
1534 3392 1608 3440 esse

246 3476 348 3536 totum
372 3472 501 3538 iocandi
524 3492 627 3555 genus
643 3479 675 3539 ct
689 3472 799 3557 inopte
822 3466 1064 3563 exaggeratum,
1085 3477 1214 3546 Tatiani
1235 3476 1337 3544 verba
1357 3475 1423 3540 iam
1437 3494 1458 3540 a
1472 3475 1607 3541 Murano

246 3572 421 3640 observata
443 3580 588 3658 repetam
611 3594 637 3641 υ.
654 3576 696 3642 ab
723 3581 783 3646 τοῖς
809 3577 965 3650 Πλάτωνος
991 3580 1051 3664 ἕπῃ
1080 3581 1217 3664 δόγμασι·
1241 3579 1289 3645 καὶ
1313 3581 1328 3643 b
1351 3577 1413 3642 κατ’
1439 3577 1607 3663 Ἐπίκουρον

246 3679 425 3761 σοφιστεύων
449 3679 618 3761 διαπρύσιυς
646 3679 818 3743 άνδίσταταί
839 3701 896 3744 σοι.
939 3685 1025 3746 πάλιν
1052 3683 1178 3749 resisus
1201 3682 1296 3752 θέλεις
1318 3682 1393 3745 κατὰ
1415 3683 1463 3745 τδν
1483 3680 1608 3764 Ἀριστο-

244 3779 330 3862 τέλην
354 3782 405 3843 καί
427 3804 469 3849 τις
493 3782 568 3845 κατὰ
595 3782 645 3845 τδν
667 3781 847 3866 Δημόκριτον
869 3786 1043 3869 λοιδορεῖταύ
1063 3807 1120 3851 σοι.
1163 3785 1339 3868 Πυθαγόρας
1361 3782 1513 3871 Εὔφορβος
1531 3808 1607 3867 γεγε-

244 3882 353 3966 νῆσθαί
374 3904 461 3967 φησιν
483 3882 531 3945 καὶ
553 3887 605 3947 τού
628 3883 797 3967 Φερεκύδου
820 3887 963 3970 δόγματος
984 3890 1163 3973 κληρονόμος
1186 3888 1272 3952 ἐστίν.
1303 3890 1319 3952 ύ
1349 3889 1382 3951 δὲ
1403 3885 1608 3971 Ἀριστοτέλης

244 3989 296 4069 τῆς
319 3991 416 4070 ψυχῆς
438 3984 585 4070 διαβάλλει
613 3987 666 4069 τὴν
689 3987 859 4052 ἀθανασίαν.
896 3994 1066 4061 στασιώδεις
1092 3993 1125 4055 δὲ
1153 3989 1270 4076 ἔχοντες
1297 3994 1356 4051 τῶν
1382 3990 1534 4072 δογμάτων
1557 3991 1608 4060 τὰς

244 4089 384 4172 διαδοχάς
406 4074 576 4171 ἀσύμφωνοι
599 4090 670 4173 πρδς
691 4092 759 4160 τοὺς
781 4096 960 4177 συμφώνους
983 4096 1097 4164 ἑαυτοῖς
1119 4094 1312 4178 διαμάχεσθε.
1349 4111 1426 4157 eece
1447 4091 1610 4157 Irrisionis

244 4188 396 4255 medulla.
441 4207 518 4254 nam
545 4188 731 4258 nihilfecit
758 4191 846 4256 alind
878 4193 1021 4261 imitator
1055 4217 1151 4279 quam
1187 4201 1222 4260 ut
1255 4193 1396 4260 breviter
1429 4193 1609 4276 significata

243 4288 389 4373 putidius
411 4290 565 4358 dilataret
587 4293 685 4359 etad
705 4294 868 4361 mimicum
889 4316 992 4380 genus
1014 4296 1241 4364 ταμιεύονται.ι
1277 4315 1360 4379 quae
1380 4296 1515 4362 comita
1536 4296 1611 4380 sint,

317 4479 323 4511 ¹
343 4483 377 4532 ad
396 4482 448 4533 Η
466 4486 509 4533 νῦν
528 4483 573 4551 μὶν
592 4480 715 4541 ἀθάνατός
733 4482 783 4550 εἰμι
802 4481 858 4534 κτλ.
883 4487 954 4537 locus
972 4488 1235 4540 Pseudo-Clementis
1253 4488 1369 4550 Recogn.
1383 4485 1425 4536 13
1449 4492 1610 4549 comparatus

244 4576 294 4618 ectr
313 4568 523 4636 philosophorum
540 4571 745 4640 frequentabam
768 4570 885 4633 sciolas,
911 4571 956 4622 udi
979 4572 1050 4624 nihii
1071 4571 1148 4625 aliud
1172 4590 1252 4640 quens
1275 4571 1426 4639 depuratum
1447 4570 1610 4622 adsertiones

244 4664 268 4704 et
286 4654 499 4723 impnpnotioner
518 4657 639 4710 videbam
657 4657 703 4725 api
720 4657 779 4709 sine
790 4657 857 4726 fide,
876 4660 1024 4710 cer-lumina
1042 4670 1115 4712 artes
1139 4661 1352 4728 syllogismorum
1372 4657 1612 4723 conclusionumque

243 4742 373 4807 spirari
396 4745 562 4797 versutius
586 4753 614 4797 et
637 4746 666 4796 si
689 4745 818 4813 quando
842 4745 973 4812 quidem
992 4746 1162 4800 obtinebas
1184 4747 1237 4802 bic
1254 4763 1357 4798 sermo
1376 4744 1463 4813 quud
1480 4745 1607 4795 immor·

243 4827 327 4880 tulis
346 4839 429 4881 esset
448 4830 808 4900 unima,prutulcbor:
826 4833 1000 4898 siquando
1018 4850 1091 4886 uero
1110 4833 1314 4900 arpuebutur
1333 4832 1609 4898 qssosimortulr's,

244 4928 310 4967 cum
329 4917 475 4968 tristitia
494 4918 713 4974 discedebam.
745 4921 791 4972 ssd
809 4921 874 4973 haec
886 4922 992 4973 fortuita
1010 4932 1050 4974 est
1066 4925 1215 4977 similitudo.
1235 4925 1317 4975 maior
1335 4923 1450 4973 eiusdem
1470 4937 1502 4983 c,
1520 4922 1565 4971 ubi
1583 4936 1610 4970 se
