3442 5588
495 377 662 429 HERMIAE
681 376 785 427 IRRIS.
804 376 948 428 GENTIL.
969 375 1109 427 PHILOS.
1126 373 1227 427 15-17
1481 374 1544 437 655

230 550 287 611 τῶν
307 546 404 612 ἄλλων
427 548 557 631 δόγματα
580 550 821 625 καταπατοῦντες,
843 544 925 610 αὐτοὶ
949 547 981 610 δὲ
1003 545 1229 631 ἀποφαινόμενοι
1252 547 1409 630 διαρρήδην
1425 544 1493 606 άκα-

229 651 363 733 ταληπτα
384 649 456 713 εἶναι
478 651 514 714 τὰ
535 652 628 713 πάντα
650 649 698 713 καὶ
721 650 766 712 ἀεὶ
789 650 828 733 τῆ
850 648 977 733 ἀληθείη
999 647 1158 732 φαντασίαν
1191 648 1263 730 [ἀεὶ]
1296 646 1491 732 παρακεῖσθαι

229 753 332 836 ψευδῆ.
376 753 406 815 τί
430 753 524 815 τοίνυν
550 752 639 815 πάθω
666 751 796 837 τοσοότιρ
822 751 923 838 χρόνῳ
950 751 1191 834 ταλαιπωρῆσαςγ
1222 755 1285 820 πώς
1308 751 1340 814 δέ
1363 774 1418 834 μου
1440 753 1494 832 τῆς

231 856 349 938 γνώμης
370 854 469 939 ἐκχέω
491 853 527 917 τὰ
548 857 676 917 τοσαῦτα
698 853 843 937 δόγματα;
865 853 891 917 εἰ
908 853 963 937 γὰρ
978 853 1068 935 μηδὲν
1086 851 1133 936 εἴη
1149 853 1344 935 καταληπτόν,
1366 853 1493 937 ἀλήθεια

234 955 287 1038 μὲν
309 954 339 1025 ἐξ
362 956 527 1040 ἀνθρώπων
549 954 673 1042 σίχεται,
696 958 715 1040 ῆ
739 958 772 1020 δὲ
795 955 961 1040 ὑμνουμένη
983 955 1142 1040 φιλοσοφία
1164 959 1322 1040 σκιομαχεῖ
1342 958 1452 1036 μᾶλλον
1473 955 1523 1036 ῆι

233 1059 367 1142 τὴντῶν
391 1056 481 1122 όντων
503 1059 666 1143 ἐπιστήμην
689 1057 761 1143 ἔχει.

320 1164 361 1227 16
392 1157 490 1224 Ἄλλοι
512 1162 606 1225 τοίνυν
628 1162 686 1224 ἀπὸ
710 1166 763 1245 τῆς
785 1164 912 1230 παλαιάς
933 1162 1028 1244 φυλῆς
1051 1158 1261 1242 Πυθαγόρας
1283 1160 1331 1222 καί
1349 1162 1375 1223 οἱ
1390 1160 1493 1223 τοότου

230 1262 409 1348 συμφυλέται
440 1264 539 1344 σεμνοί
569 1263 617 1327 καί
648 1264 792 1346 σιωπηλοί
821 1262 1028 1347 παραδιδόασιν
1057 1262 1133 1325 ἄλλα
1163 1284 1212 1343 μοι
1240 1262 1370 1345 δόγματα
1393 1264 1492 1347 ὥσπερ

232 1368 385 1451 μυστήρια,
408 1367 455 1429 καὶ
472 1369 557 1429 τοῦτο
571 1366 609 1448 δὴ
625 1366 658 1428 τό
676 1366 750 1448 μέγα
765 1366 813 1429 καὶ
830 1365 993 1450 ἀπόρρητον
1010 1362 1069 1446 [τό]
1096 1363 1207 1433 αώτδς
1226 1361 1307 1448 ἔφα·
1330 1366 1410 1450 ἀρχὴ
1433 1370 1491 1428 τῶν

230 1472 347 1533 πάντων
377 1471 396 1552 ἡ
429 1470 529 1551 μονάς.
572 1467 606 1530 ἐκ
635 1468 669 1530 δὲ
698 1472 757 1531 τῶν
790 1467 951 1553 σχημάτων
980 1465 1072 1549 αὐτῆς
1093 1466 1141 1529 καὶ
1164 1466 1198 1529 ἐκ
1219 1471 1277 1529 τῶν
1300 1467 1435 1551 ἀριθμῶν
1457 1467 1493 1530 τὰ
1511 1487 1535 1524 10

232 1576 363 1657 στοιχεῖα
383 1570 500 1654 γίνεται.
543 1571 591 1633 καὶ
613 1569 724 1633 τοότων
748 1571 872 1634 ἑκάστου
894 1571 943 1634 τὸν
966 1569 1163 1654 άριθμδνκαὶ
1191 1569 1224 1630 τό
1252 1573 1356 1653 σχῆμα
1382 1570 1430 1633 καὶ
1459 1571 1492 1632 τὸ

230 1675 333 1758 μέτρον
356 1674 434 1739 οότω
455 1699 519 1744 πως
541 1673 746 1759 ἀποφαίνεται·
777 1675 812 1737 τδ
842 1674 894 1757 μὲν
920 1677 978 1758 πδρ
1005 1672 1063 1736 ὑπὸ
1085 1672 1232 1754 τεσσάρων
1254 1671 1302 1733 καὶ
1325 1668 1416 1734 εῖκοσι
1437 1693 1493 1755 τρι-

229 1779 330 1860 γώνων
374 1777 558 1861 ὀρθογωνίων
596 1779 814 1860 συμπληροδται
856 1777 1008 1861 τέσσαρσιν
1053 1773 1235 1858 ίσοπλεόροις
1276 1772 1493 1858 περιεχόμενον.

231 1880 353 1943 ἕκαστον
375 1877 434 1962 (δὲ)
457 1878 626 1964 ἰσόπλευρον
650 1881 794 1963 σύγκειται
810 1879 844 1943 ἐκ
860 1880 1007 1963 τριγώνων
1030 1875 1215 1961 ὀρθογωνίων
1238 1875 1278 1952 έί,
1301 1875 1370 1940 ὅθεν
1392 1877 1429 1959 δὴ
1445 1876 1493 1938 καί

231 1982 369 2066 πυραμίδι
391 1984 628 2066 προσεικάζουσιν
651 1980 734 2046 αδτό.
778 1984 794 2047 ό
816 1983 849 2046 δὲ
871 1983 929 2067 ἀὴρ
951 1981 1008 2044 όπδ
1024 1982 1238 2064 τεσσαράκοντα
1254 1980 1332 2042 ὀκτώ
1347 1981 1492 2061 τριγώνων
1512 1997 1534 2035 υ

231 2086 449 2167 συμπληροδται
479 2084 685 2170 περιεχόμενον
716 2084 896 2168 ἰσοπλεόροις
922 2084 1013 2147 δκτώ.
1055 2083 1198 2155 εἰκάζεται
1226 2083 1259 2145 δὲ
1282 2081 1446 2166 δκταέδριρ,
1476 2083 1492 2145 θ

230 2187 396 2273 περιέχεται
419 2186 476 2250 όπδ
499 2187 577 2250 δκτὼ
599 2189 745 2270 τριγώνων
770 2186 964 2271 ἰσοπλεύρων,
992 2187 1034 2249 ών
1061 2185 1182 2250 ἕκαστον
1209 2185 1251 2255 είς
1272 2183 1303 2254 ἓξ
1328 2185 1492 2268 δρθογώνια

231 2291 399 2374 διαιρεῖται,
429 2291 506 2353 ώστε
527 2289 657 2373 γίνεσθαι
679 2290 894 2373 τεσσαράκοντα
915 2290 994 2352 δκτώ
1016 2289 1052 2353 τὰ
1074 2290 1177 2352 πάντα.
1222 2289 1255 2351 τό
1277 2287 1310 2350 δὲ
1333 2288 1411 2371 όδωρ
1433 2289 1490 2351 ὑπὸ

228 2391 331 2455 ἑκατὸν
347 2390 438 2457 εἴκοσι
460 2391 618 2476 <τριγώνων
634 2394 864 2477 συμπληροόται,
886 2388 959 2461 ἴσοις
974 2392 1022 2454 καί
1039 2391 1219 2476 ίσοπλεόροις
1234 2388 1339 2473 εἴκοσι)
1360 2391 1492 2475 περιεχό·

227 2517 327 2576 μενον,
354 2493 498 2566 εἰκάζεται
520 2495 553 2557 δὲ
575 2494 768 2580 είκασαέδριρ,
796 2495 872 2580 ὃδὴ
895 2493 1067 2578 συνέστηκεν
1095 2493 1126 2563 ἐξ
1149 2492 1220 2558 ῖσων
1243 2495 1290 2557 καὶ
1315 2493 1492 2576 ἰσοπλεύρων
1509 2511 1534 2549 ιο

226 2599 373 2681 τριγώνων
395 2594 486 2661 εῖκοσι
509 2597 558 2661 καί
581 2597 696 2661 ἑκατόν.
733 2598 750 2661 δ
773 2598 806 2660 δὲ
827 2595 919 2681 αἰθὴρ
934 2599 1153 2681 συμπληροδται
1169 2598 1283 2660 δώδεκα
1299 2598 1491 2678 πενταγώνοις

226 2700 407 2784 ίσοπλεόροις
428 2701 477 2762 καί
500 2699 600 2781 όμοιός
622 2700 684 2764 ἐστι
707 2699 910 2784 δωδεκαέδριμ.
954 2699 1056 2782 ῆ<δδ>
1076 2705 1114 2785 γῆ
1138 2702 1356 2783 συμπληροδται
1379 2698 1412 2761 ἐκ
1434 2721 1491 2782 τρι-

178 2858 184 2869 .
225 2804 327 2886 γώνων
343 2803 395 2884 μὲν
412 2803 552 2866 ὀκτώκαὶ
569 2806 782 2887 τεσσαράκοντα
797 2800 962 2885 περιέχεται
979 2800 1012 2863 δὲ
1034 2803 1082 2863 καί
1104 2804 1292 2886 τετραγώνοις
1313 2800 1492 2883 ἰσοπλεόροις

227 2905 267 2974 ἕξ.
290 2903 351 2969 ἔστι
364 2905 397 2968 δὲ
408 2905 496 2987 ὁμοία
508 2905 599 2991 κόβιρ.
624 2909 640 2970 ό
651 2907 705 2990 γὰρ
718 2906 804 2993 κόβος
816 2904 873 2966 ὑπὸ
885 2901 915 2972 ἓξ
930 2905 1117 2986 τετραγώνων
1129 2904 1304 2990 περιέχεται,
1317 2905 1357 2966 ών
1370 2904 1491 2966 ἕκαστον

225 3006 266 3078 εἰς
282 3008 360 3072 ὀκτώ
375 3008 500 3091 τρίγωνα
515 3007 702 3094 (διαιρεῖται),
717 3008 795 3072 ώστε
805 3004 934 3090 γίνεσθαι
949 3004 985 3068 τὰ
1003 3006 1097 3069 πάντα
1112 3007 1191 3071 ὀκτώ
1206 3009 1254 3072 καὶ
1266 3008 1489 3091 τεσσαράκοντα
1508 3025 1532 3062 τι

322 3113 360 3177 17
397 3108 455 3174 Τὸν
479 3111 532 3194 μὲν
554 3113 591 3196 δὴ
615 3112 724 3196 κόσμον
740 3114 756 3175 ό
772 3107 986 3191 Πυθαγόρας
1009 3113 1117 3193 μετρεῖ.
1154 3110 1213 3194 ἐγὼ
1233 3111 1267 3175 δὲ
1281 3112 1366 3173 παλιν
1382 3106 1492 3178 ἔνθεως

230 3211 383 3296 γενόμενος
411 3217 464 3296 τῆς
494 3213 546 3296 μὶν
569 3214 663 3284 οἰκίας
684 3215 733 3278 καί
754 3214 891 3298 πατρίδος
919 3214 967 3277 καί
989 3217 1042 3297 τῆς
1063 3212 1196 3295 γυναικὸς
1218 3212 1346 3274 καὶτῶν
1369 3211 1491 3273 παιδίων

229 3318 403 3399 καταφρονῶ
431 3316 479 3378 καὶ
508 3315 619 3379 τοότων
647 3316 742 3381 οώκέτι
771 3339 820 3398 μοι
843 3314 933 3398 μέλει.
978 3314 1020 3385 είς
1041 3314 1075 3378 δὲ
1096 3315 1146 3377 τδν
1167 3313 1273 3397 αἰθέρα
1295 3313 1382 3376 αὐτὸν
1404 3312 1491 3382 αὐτὸς

230 3417 390 3502 ἀνέρχομαι
418 3420 466 3481 καί
495 3418 544 3481 τδν
573 3424 670 3505 πῆχυν
697 3418 776 3503 παρὰ
804 3417 1024 3502 Πυθαγόρου
1051 3418 1149 3502 λαβὼν
1173 3420 1284 3499 μετρεῖν
1307 3414 1436 3499 ἄρχομαι
1457 3415 1491 3477 τὸ

228 3524 296 3605 πδρ.
340 3520 452 3604 οὐγὰρ
475 3521 594 3607 ἀπόχρη
618 3526 730 3605 μετρῶν
753 3522 769 3585 ό
792 3518 876 3598 Ζεός,
899 3519 963 3584 ἀλλ’
991 3519 1044 3604 (εἰ)
1067 3520 1107 3603 μὴ
1130 3519 1178 3582 καὶ
1205 3518 1238 3581 τὸ
1261 3516 1335 3600 μέγα
1358 3521 1435 3603 ζῷον
1458 3519 1491 3580 τὸ
1511 3537 1534 3575 ω

229 3621 303 3706 μέγα
325 3627 413 3707 σῶμα
435 3625 454 3707 ῆ-
478 3625 588 3707 μεγαλη
612 3624 694 3709 ψυχὴ
717 3623 804 3693 αὐτὸς
820 3623 861 3694 εἰς
874 3624 924 3687 τόν
940 3622 1062 3707 οὐρανόν
1080 3619 1236 3702 ἀνέλθοιμι
1252 3618 1299 3682 καὶ
1316 3621 1491 3704 ρετρῆσαιμι

227 3724 277 3787 τδν
304 3725 426 3810 αἰθέρα,
455 3725 567 3811 οἴχεται
601 3728 621 3809 ῆ
648 3731 700 3790 τοῦ
722 3727 789 3796 Διὸς
817 3726 907 3811 άρχή.
951 3725 1069 3789 ἐπειδὰν
1091 3725 1126 3788 δὲ
1148 3723 1285 3807 μετρήσω
1307 3722 1356 3785 καί
1379 3723 1395 3785 ό
1417 3721 1491 3792 Ζεὺς

230 3825 298 3911 παρ’
326 3829 401 3910 ἐμοῦ
426 3829 521 3911 μάθη,
544 3827 636 3898 πόσας
657 3830 762 3911 γωνίας
784 3827 847 3914 ἔχει
869 3829 903 3893 τδ
926 3833 994 3913 πῦρ,
1017 3829 1104 3891 πάλιν
1126 3825 1156 3894 ἐξ
1178 3825 1302 3909 οὐρανοῦ
1325 3824 1492 3909 καταβαίνω

232 3930 281 3992 καὶ
312 3935 414 4015 φαγών
437 3931 536 4000 ἐλαίας
558 3932 606 3994 καὶ
630 3935 704 3994 σῦκα
732 3932 781 3995 καί
803 3933 918 4016 λάχανα
944 3932 996 4016 τὴν
1018 3931 1158 4015 ταχίστην
1181 3928 1228 3992 έπί
1256 3928 1289 3990 τό
1313 3926 1392 4010 όδωρ
1414 3926 1493 3990 στέλ·

227 4033 315 4115 λομαι
338 4035 387 4097 καί
411 4035 485 4098 κατὰ
499 4039 597 4119 πῆχυν
614 4034 661 4095 καὶ
677 4034 817 4097 δάκτυλον
833 4035 880 4097 καὶ
896 4035 1090 4118 ῆμιδάκτυλον
1106 4035 1203 4116 μετρῶ
1218 4031 1270 4112 τὴν
1286 4029 1374 4115 όγρδν
1390 4029 1489 4094 οὐσίαν
1509 4049 1533 4088 ιε

227 4135 277 4197 καὶ
300 4136 332 4198 τὸ
356 4137 448 4221 βάθος
470 4136 561 4221 αὐτῆς
584 4138 749 4220 άναμετριῖι,
774 4137 821 4199 ῖνα
837 4137 884 4200 καί
901 4137 950 4199 τδν
966 4135 1136 4200 Ποσειδῶνα
1151 4132 1268 4209 διδάξω,
1291 4132 1385 4215 πόσης
1406 4131 1491 4217 ἄρχει

178 4279 373 4287 ——.---

175 4356 193 4409 2
217 4360 324 4411 ῖοτιιιιωε
342 4362 375 4429 τῆ
394 4356 484 4427 ἀληθεῖ
500 4355 623 4426 φαντασίᾳ
643 4354 657 4425 Η
681 4361 831 4409 alterutrum
883 4361 994 4411 cundum
1007 4360 1154 4411 worthium
1171 4359 1233 4408 odo
1253 4352 1266 4421 ΙΙ
1286 4353 1317 4407 21
1339 4351 1449 4415 εἰκοσιξ
1470 4353 1496 4406 δὲ
1523 4347 1540 4409 i

175 4444 215 4498 dd
227 4448 358 4499 abundare
372 4449 437 4497 vidit
449 4447 531 4497 Seiler
550 4442 563 4514 ΙΙ
583 4444 599 4496 3
613 4448 730 4497 τοσοῦτον
743 4444 832 4515 χρόνον
883 4448 918 4516 ᾗ
937 4448 1028 4497 codd:
1047 4447 1158 4496 restituit
1175 4445 1268 4496 Worth
1287 4439 1302 4509 ΙΙ
1319 4440 1484 4510 πενταγώνοις
1503 4445 1540 4493 V:

176 4535 294 4586 Menzelz
307 4543 393 4586 tuetur
405 4537 534 4599 vulgatam
544 4535 606 4586 Otto
627 4531 640 4600 ΙΙ
657 4531 761 4602 4μηδίν
780 4532 831 4585 ἐστι
883 4530 1057 4599 πενταγωνίοις
1070 4535 1148 4596 vulgo
1169 4528 1183 4597 ΙΙ
1203 4528 1237 4581 22
1250 4529 1277 4582 δί
1296 4533 1395 4582 addidit
1407 4532 1510 4581 Menzel
1526 4526 1540 4596 ΙΙ

175 4623 251 4672 malit
273 4623 387 4683 Μειιτελ,
410 4623 455 4672 sed
481 4624 512 4671 cs.
536 4639 560 4670 v.
574 4619 608 4672 30
627 4617 641 4688 ΙΙ
662 4619 678 4673 5
696 4624 832 4689 σκιαμαχεῐ
883 4619 917 4673 25
936 4619 969 4678 εἰς
982 4615 1007 4671 δ’
1020 4618 1128 4688 τρίγωνα
1141 4615 1207 4668 ὥστε
1226 4620 1313 4670 codd:
1333 4636 1398 4670 corr.
1412 4620 1505 4671 Worth
1525 4614 1539 4684 ΙΙ

175 4709 281 4759 Μυουολ
883 4704 991 4775 γίνεσθαι
1022 4708 1107 4759 VOL:
1136 4708 1214 4770 vulgo
1241 4704 1331 4774 γίνεται
1361 4703 1373 4773 ΙΙ
1402 4706 1483 4757 πάντα
1507 4690 1541 4757 ᾖ

212 4794 282 4848 θτό·
296 4792 369 4852 αὐτὸς
388 4793 436 4864 ἔφη
449 4797 520 4845 libri:
540 4799 652 4846 correxit
664 4797 734 4848 Otto.
756 4794 832 4864 ἀπόρ-
884 4797 971 4845 codd:
991 4810 1057 4844 corr.
1078 4795 1168 4844 Worth

175 4898 252 4952 ρητον
264 4880 357 4940 αὐτὸς
375 4880 388 4933 ί
393 4901 432 4951 φα
444 4881 472 4933 τό
485 4884 588 4933 Μειιιε]
608 4879 622 4949 ΙΙ
644 4883 675 4934 14
688 4880 714 4933 δί
727 4886 834 4934 inseruit
920 4880 955 4935 26
974 4877 1042 4932 οὕτω
1054 4883 1139 4948 μετρεῖ
1149 4881 1232 4932 Seiler
1246 4877 1259 4948 ΙΙ
1275 4879 1310 4933 30
1323 4875 1386 4930 ἀλλὰ
1398 4879 1434 4949 μὴ
1448 4881 1539 4933 codd:

175 4971 260 5024 θαλίαι
285 4968 299 5039 ΙΙ
328 4972 359 5025 19
381 4968 640 5039 τριγώνων-εἰκοσι
664 4974 770 5023 inseruit
793 4987 833 5022 se·
888 4987 955 5022 corr.
974 4969 1058 5021 Seiler
1077 4965 1091 5035 ΙΙ
1112 4967 1145 5021 32
1164 4966 1190 5020 δὲ
1207 4967 1281 5020 πάλιν
1300 4988 1326 5036 μ.
1345 4970 1426 5019 dotet.
1446 4969 1522 5019 codd.
