3442 5588
732 276 1003 327 PROLEGOMENA

281 566 328 621 lx
363 566 413 620 uu
430 561 688 620 THEOPHRASTI
706 562 909 618 uululuutut
927 563 1025 620 APUD
1045 564 1248 620 CICERONEM
1267 564 1447 622 insulsus

261 721 357 810 Quod
369 721 410 787 de
423 720 606 785 Aristotelis
621 720 784 786 rhetorum
801 719 959 803 epitome¹
976 721 1096 785 iudicat
1106 721 1147 784 M.
1161 719 1285 784 Tullius
1299 721 1492 790 adulescens
1504 725 1544 791 de

176 826 303 892 iuvent.
321 826 388 891 112
408 835 424 886 6
450 821 502 886 ‘ac
517 834 633 886 veteres
649 825 770 904 quidem
784 825 954 903 scriptores
969 825 1046 886 ortis
1062 845 1158 905 usqne
1173 844 1193 885 a
1214 825 1356 906 principe
1376 828 1430 889 illo
1447 839 1544 909 'atque

177 933 340 993 inventore
364 929 448 990 Tisia
470 928 615 1007 repetitos
637 947 731 988 sensim
753 928 786 988 in
809 927 910 988 locum
932 927 1081 989 corrduait
1104 927 1284 990 Aristoteles
1309 939 1337 990 et
1364 931 1543 991 uouriuetim

178 1034 331 1113 caiusque
350 1040 520 1112 praecepta
543 1049 656 1109 mapna
679 1031 852 1109 corrquisita
868 1050 946 1092 cura
959 1032 1123 1110 perspicue
1145 1034 1329 1111 conscripsit
1351 1042 1443 1113 atque
1465 1024 1543 1095 eno-'

178 1136 259 1199 dato
281 1136 445 1216 diiigenter
460 1133 613 1213 esposuit.
637 1151 676 1193 uc
698 1141 815 1193 toruum
837 1133 1047 1195 inventoribus
1069 1134 1146 1212 ipsis
1168 1138 1322 1197 stracitate
1344 1147 1371 1197 et
1393 1136 1543 1198 breuitate

178 1238 306 1302 dicendi
331 1237 502 1318 praestitit,
533 1245 565 1296 ut
592 1253 679 1296 uento
703 1235 827 1296 illorum
847 1245 1018 1315 praecepta
1039 1257 1079 1297 ec
1101 1238 1239 1316 ipsorum
1266 1240 1354 1302 libris
1377 1253 1542 1318 copuoscat

176 1343 236 1405 scd
259 1361 363 1404 omnm
386 1341 439 1422 qui
463 1338 546 1420 quod
568 1338 615 1412 iiii
636 1340 833 1417 praecipiunt
855 1340 949 1400 uelint
971 1340 1143 1418 intelteyere
1166 1342 1209 1401 od
1231 1343 1310 1405 harre
1332 1347 1423 1425 qnasi
1445 1366 1541 1425 queme-

177 1447 252 1510 dam
279 1445 374 1506 meritc
402 1441 638 1505 commodiorem
666 1442 887 1521 explicatorum
913 1442 1131 1518 reuertuntur,‘
1166 1442 1249 1509 idem
1279 1445 1340 1511 dici
1369 1454 1474 1530 potest
1500 1448 1541 1513 de

176 1545 396 1633 Theophrasti
414 1542 615 1628 Opinionum
632 1544 768 1627 sylloge.
792 1548 890 1624 atque
906 1542 939 1606 in
955 1542 1025 1626 ipse
1039 1543 1195 1610 Cicerone
1211 1547 1374 1613 luculenta
1390 1551 1540 1634 exempla

177 1649 396 1718 inveniuntur.
420 1643 662 1729 limpidissimus
685 1645 756 1710 iens
779 1643 913 1709 scaturit
927 1645 961 1707 iu
976 1645 1178 1711 Academicis
1200 1668 1239 1713 eo
1255 1650 1326 1716 loco
1350 1651 1403 1716 ubi
1426 1660 1540 1719 contra

174 1751 331 1820 Antiochi
347 1750 481 1817 Susum
496 1745 507 1778 ¹
521 1745 787 1812 Academicorum
808 1746 1021 1830 patrocinium
1042 1747 1187 1815 sustinet.
1223 1773 1357 1835 querum
1380 1755 1537 1823 dubitatio

174 1864 211 1922 ut
232 1852 443 1936 defendatur,
472 1848 738 1934 philosophorum
761 1849 907 1932 inprimis
929 1849 963 1912 iu
986 1849 1152 1934 principiis
1173 1852 1331 1920 dissensio
1354 1859 1536 1924 effunditur.

259 1955 408 2023 Lucull.
429 1954 468 2018 37
488 1961 548 2015 ltu.

261 2061 410 2139 Princeps
434 2057 581 2132 Thales,
604 2075 684 2117 unsre
707 2075 723 2116 e
744 2065 859 2136 septem
882 2058 935 2117 cni
953 2077 1011 2119 see
1039 2059 1175 2141 reliquos
1208 2065 1398 2126 correessissc
1418 2065 1537 2144 primas

172 2168 289 2247 tarint,
313 2182 353 2226 cc
375 2179 460 2243 aquo
482 2160 561 2221 dicit
585 2169 728 2221 constare
749 2161 854 2221 omnia

259 2275 294 2330 ot
315 2267 374 2328 hcc
395 2262 683 2326 Arraciruandro
704 2264 854 2342 populari
876 2273 903 2324 et
924 2264 1029 2326 sodali
1047 2281 1105 2326 suo
1125 2287 1187 2327 non
1206 2273 1381 2347 persuasit:
1408 2273 1436 2332 is
1457 2273 1536 2333 euim

173 2371 356 2450 infinitatem
380 2375 513 2429 naturae
536 2364 616 2426 dicit
639 2385 743 2427 essee
766 2386 828 2446 qua
851 2369 955 2429 orricio
976 2368 1172 2446 yipnerentnr

256 2482 329 2555 post
362 2472 429 2532 eius
461 2466 589 2530 auditor
617 2467 866 2531 Anaeiruenes
893 2470 1044 2548 infinitum
1072 2479 1150 2531 aira
1178 2473 1234 2534 sed
1262 2493 1300 2535 eo
1326 2494 1406 2555 pirae
1432 2495 1471 2536 ea
1498 2496 1534 2537 eo

175 2585 336 2639 urerentur
359 2572 502 2652 definita:
522 2571 608 2650 pipui
631 2579 731 2632 antem
754 2578 868 2631 terram
890 2590 1004 2650 aqueum
1025 2574 1124 2651 ipnem
1147 2584 1208 2635 tum
1232 2596 1271 2636 ee
1291 2577 1339 2639 tris
1362 2580 1466 2641 omrria

258 2678 513 2756 Auoeaporas
543 2675 705 2735 neoterium
732 2675 884 2752 irrtiuitom
911 2675 968 2736 sed
995 2695 1034 2735 ea
1062 2695 1100 2736 ea
1120 2680 1296 2755 porticulus
1316 2682 1433 2744 similes
1455 2685 1534 2745 inter

173 2801 202 2845 sc
225 2783 380 2852 minutam
403 2797 457 2840 eos
476 2778 608 2857 primum
630 2777 778 2856 confusas
796 2786 907 2856 posteo
931 2779 963 2838 in
986 2779 1125 2840 ordinem
1141 2780 1294 2843 adductos
1310 2794 1407 2847 mente
1426 2787 1533 2849 diuina

256 2881 508 2961 Xenophanes
535 2881 632 2959 panto
664 2882 756 2942 etiam
785 2882 943 2961 antiquior
965 2899 1058 2940 urrrrm
1080 2900 1146 2943 esse
1167 2886 1272 2946 omnio
1292 2906 1388 2966 neque
1409 2889 1444 2950 id
1466 2909 1533 2951 csse

176 2985 317 3048 muchilc
339 2993 368 3046 et
390 2983 425 3044 id
447 3002 513 3045 esse
535 2982 624 3044 deum
648 3002 744 3063 neque
766 2991 872 3044 notum
893 3002 1037 3064 umquam
1063 2995 1091 3045 et
1111 2988 1324 3065 sempiternum
1348 2992 1532 3071 conplebata

176 3090 272 3170 muro

256 3189 498 3252 Parmenides
522 3191 622 3269 ipuem
645 3190 848 3269 quimorem,
872 3197 989 3251 terram
1012 3208 1092 3269 quae
1115 3189 1154 3250 ah
1177 3211 1212 3251 eo
1233 3192 1390 3271 formetur

255 3294 469 3373 Leucippus
490 3293 613 3373 plenum
636 3301 663 3353 et
685 3293 779 3352 inaure

255 3397 487 3459 Democritus
508 3389 579 3458 huic
600 3395 633 3456 iu
655 3395 712 3457 hoc
734 3395 856 3470 struitis,
879 3395 1005 3457 citerior
1026 3398 1059 3456 in
1082 3398 1191 3458 ceteris

255 3500 502 3579 Empedocles
523 3499 600 3561 hacc
620 3497 804 3578 percotpata
827 3507 854 3558 et
877 3507 952 3560 nota
974 3506 1120 3578 qrrottnor

256 3601 472 3664 Heraclitus
494 3603 592 3682 ipnem

255 3703 430 3766 llelissus
458 3705 516 3766 hoc
546 3703 628 3784 quod
656 3711 735 3765 esset
766 3703 918 3781 infinitum
951 3713 978 3764 et
1014 3704 1191 3766 inmutabile
1220 3714 1247 3765 et
1278 3705 1377 3784 fuisse
1411 3727 1531 3788 semper

184 3807 287 3887 utere

254 3910 365 3972 Plato
391 3929 431 3970 ca
453 3910 585 3971 materia
611 3910 699 3971 inse
722 3910 827 3972 omnio
848 3911 1014 3988 recipiente
1036 3910 1180 3971 mnndum
1201 3912 1320 3991 [actum
1342 3934 1408 3976 esse
1431 3926 1531 3976 censet

180 4014 275 4077 odeo
296 4013 515 4094 sempiternum

254 4116 480 4198 Pythoporei
512 4135 551 4176 ee
578 4116 713 4177 nuumris
741 4124 769 4176 et
798 4116 1080 4177 mathematicorum
1113 4116 1211 4179 initiis
1239 4120 1399 4200 proficisci
1426 4121 1531 4183 colunt

179 4222 282 4283 omnia

252 4319 303 4384 Ex
325 4339 444 4402 graeco
469 4319 550 4386 haee
571 4340 667 4386 versa
693 4340 765 4385 esse
788 4325 820 4384 et
842 4317 937 4383 solito
961 4317 1089 4400 quidem
1120 4320 1231 4385 elanus
1254 4321 1415 4387 neminem
1438 4323 1529 4405 sugit.

178 4421 289 4488 scilicet
311 4422 492 4498 Romanum
515 4442 579 4505 qua
598 4422 754 4505 gloriatur
778 4421 948 4486 verborum
984 4421 1185 4487 abundantia
1211 4423 1318 4487 deficit
1340 4423 1530 4508 impeditum

236 4610 244 4642 ¹
263 4608 462 4681 Ἀριστοτέλης.
477 4612 556 4665 ..διὰ
573 4616 619 4682 τῆς
638 4612 758 4679 ἐπιτομῆς
777 4616 829 4662 τῶν
849 4609 961 4679 ρητόρων
981 4614 1128 4663 Demetrius
1142 4614 1250 4674 Magnes
1269 4616 1337 4678 apud
1357 4617 1489 4665 Laertinm
1502 4618 1529 4667 ΙΙ

179 4698 227 4751 lot.
256 4702 287 4751 et.
307 4702 341 4750 V·
361 4703 431 4752 Rosa
451 4705 497 4753 Ar.
516 4705 559 4754 Pe.
579 4719 603 4766 p.
621 4700 668 4753 145
679 4717 717 4764 sq.

237 4783 297 4839 'ex
317 4804 370 4852 quo
391 4790 455 4840 libre
474 4791 521 4840 snb
542 4791 643 4840 Luculli
663 4805 772 4853 perenna
791 4788 937 4837 Antiochea
955 4788 1073 4838 doctriua
1092 4805 1113 4837 e.
1128 4786 1214 4839 5-18
1234 4791 1386 4853 explicatur.
1410 4792 1441 4839 ct.
1460 4788 1528 4852 §lu

181 4872 262 4927 tuis.
274 4877 319 4928 tu.
348 4879 381 4928 ei.
400 4879 509 4930 Krische
529 4877 590 4927 tiber
608 4876 722 4926 Ciceros
742 4875 898 4926 academica
917 4873 1014 4936 [Goett.
1033 4874 1106 4926 Stud.
1128 4874 1208 4939 1845]
1229 4894 1253 4942 p.
1271 4875 1320 4930 193
1331 4893 1369 4943 sq.
