3442 5588
168 308 230 371 554
436 308 633 360 HIPPOLYTI
652 306 1016 359 PHILOSOPHUMENON
1035 304 1257 357 PROOEMIUM

219 480 266 541 καὶ
301 478 477 563 παραλαβεῖν
511 478 547 540 τά
575 478 672 542 τέλεια
703 477 800 541 αὐτῶν
827 478 969 561 μυστήρια
1002 475 1108 543 ἱκανῶς
1136 473 1217 559 αύτῷ
1245 480 1287 560 τῷ
1314 473 1392 561 ἔργῳ
1416 473 1489 557 πρός

218 605 248 643 τε
275 584 327 665 τὴν
354 581 428 643 ἰδίαν
456 581 616 663 συνείδησιν
645 582 693 645 καὶ
723 581 795 664 πρδς
816 579 849 641 τδ
872 578 980 662 ἐτέροις
1002 577 1042 659 μὴ
1065 574 1186 644 ἐξειπεῖν
1213 575 1295 642 ἔσται
1322 577 1487 660 δεδεμένος.

219 683 244 745 εί
273 685 326 767 γάρ
354 682 459 753 ἐξείποι
487 683 541 745 τινί
568 683 732 768 ἀνθρώπων
758 682 792 744 τδ
817 683 946 744 τοιοῦτον
975 678 1129 760 ἀνόμημα,
1160 677 1228 743 οῦτε
1255 680 1285 744 ἐν
1318 682 1488 766 ἀνθρώποις

215 785 418 870 λογισθήσεται
433 784 500 850 ούτε
515 787 548 848 τδ
564 788 628 870 φῶς
640 787 710 870 δρᾶν
722 784 800 854 ἀξιος
811 783 1003 868 ήγηθήσεται,
1018 780 1044 844 εἰ
1056 782 1104 843 καλ
1116 780 1207 864 άλογα
1220 781 1288 846 ὄντα
1300 782 1344 867 (θ)
1354 785 1486 846 τοιοῦτον

218 888 356 970 ἀνόμημα
378 885 432 950 οῦκ
454 887 604 973 ἐπιχειρεῖ,
626 888 727 957 καθὼς
744 887 849 957 ἐντοῖς
870 886 968 954 τόποις
990 883 1138 967 γενόμενοι
1160 884 1290 968 ἐροῦμεν.
1336 883 1402 948 ἀλλ’
1422 883 1486 948 ἐπεὶ
1505 904 1518 941 ι

218 992 371 1072 ἀναγκάζει
401 992 480 1074 ἡμᾶς
508 993 523 1054 ό
554 990 638 1073 λόγος
664 991 705 1061 εἱς
738 990 827 1073 μέγαν
855 988 945 1074 βυθόν
968 988 1129 1070 διηγήσεως
1155 987 1294 1073 ἐμβῆναι,
1320 988 1377 1073 οὐχ
1401 987 1487 1071 ήγού-

218 1093 295 1174 μεθα
311 1096 402 1175 σιγᾶν,
425 1094 500 1156 ἀλλά
521 1093 557 1155 τά
572 1095 686 1157 πάντων
702 1094 831 1176 δόγματα
854 1091 928 1153 κατά
950 1090 1054 1152 λεπτδν
1076 1089 1255 1171 ἐκτιθέμενοι
1271 1090 1354 1154 οὐδὲν
1376 1091 1488 1172 σιωπή·

217 1216 314 1276 σομεν.
359 1197 441 1258 δοκεῖ
466 1195 515 1263 δέ.
545 1196 570 1257 εί
593 1197 641 1258 καὶ
670 1195 845 1280 μακρότερος
873 1191 953 1257 ἔσται
980 1192 1080 1275 λόγος,
1108 1193 1149 1275 μὴ
1179 1196 1291 1275 καμεῖν.
1336 1192 1406 1256 οὐδὲ
1430 1192 1487 1275 γὰρ

210 1300 313 1383 μικράν
350 1320 412 1361 τινα
454 1298 593 1383 βοήθειαν
625 1304 668 1383 τῷ
706 1302 766 1360 τῶν
801 1296 966 1381 ἀνθρώπων
1005 1294 1060 1379 βίιρ
1094 1294 1304 1379 καταλείψομεν
1341 1294 1414 1379 πρός
1450 1295 1485 1356 τδ

216 1398 318 1482 μηκέτι
341 1400 522 1477 πλανᾶσθαι,
544 1406 677 1486 φανερῶς
697 1402 813 1464 πάντων
836 1401 971 1483 δρώντων
994 1398 1030 1461 τά
1052 1397 1159 1482 κρύφια
1179 1397 1276 1462 αὐτῶν
1298 1399 1347 1462 καλ
1369 1395 1484 1480 ἄρρητα
1502 1415 1524 1454 ιι

217 1498 314 1584 ὄργια,
341 1501 585 1586 ἀταμιευόμενοι
608 1503 705 1585 μόνοις
726 1508 787 1572 τοῖς
810 1502 930 1583 μύσταις
953 1498 1168 1584 παραδιδόασιν.
1214 1504 1305 1564 ταῦτα
1326 1501 1360 1563 δέ
1386 1499 1485 1582 ἕτερος

219 1602 272 1666 ούκ
308 1603 414 1686 ἐλέγξει
449 1607 467 1690 ή
500 1608 534 1669 τδ
567 1606 597 1669 ἐν
631 1605 771 1689 ἐκκλησίᾳ
804 1603 970 1688 παραδοθὲν
1004 1602 1084 1684 ἀγιον
1117 1606 1246 1685 πνεῦμα,
1279 1602 1313 1667 ού
1346 1602 1486 1688 τυχόντες

218 1705 351 1789 πρότεροι
373 1709 401 1770 οἱ
424 1709 581 1773 ἀπόστολοι
604 1708 761 1790 μετέδοσαν
783 1712 843 1777 τοῖς
866 1705 965 1791 ὀρθῶς
987 1704 1218 1769 πεπιστευκόσιν·
1250 1705 1292 1769 ῶν
1318 1707 1404 1789 ἡμεῖς
1426 1704 1486 1768 διά-

216 1809 299 1892 δοχοι
325 1811 514 1895 τυγχάνοντες
543 1815 595 1894 τῆς
622 1834 655 1874 τε
681 1809 772 1895 αδτῖγς
799 1812 918 1896 χάριτος
948 1808 1117 1894 μετέχοντες
1147 1808 1347 1892 ἀρχιερατείας
1374 1830 1406 1871 τε
1436 1806 1485 1871 καὶ

218 1910 402 1979 διδασκαλίας
420 1913 467 1975 καὶ
486 1914 606 1997 φρουροὶ
620 1917 673 1996 τῆς
688 1912 843 1996 ἐκκλησίας
864 1910 1060 1993 λελογισμένοι
1072 1907 1125 1973 οῦκ
1141 1908 1288 1993 ὀφθαλμῷ
1304 1911 1481 1993 νυστάξομεν
1500 1928 1523 1967 1⁸

217 2011 285 2075 οὐδὲ
317 2012 403 2094 λόγον
437 2014 525 2097 δρθδν
559 2019 732 2097 σιωπῶμεν,
766 2011 830 2078 ἀλλ’
862 2013 931 2078 οῦδὲ
963 2013 1045 2094 πάση
1072 2016 1155 2097 ψυχῇ
1185 2012 1234 2074 καὶ
1262 2014 1376 2094 σώματι
1402 2012 1484 2097 ἐργα-

217 2115 332 2197 ζόμενοι
355 2117 500 2198 κοίμνομεν
529 2116 593 2186 ἀξια
622 2116 709 2187 ἀξίως
736 2117 800 2201 θεῷ
826 2118 869 2201 τηῖ
898 2115 1036 2200 εὐεργέτη
1064 2114 1284 2179 ἀνταποδιδόναι
1309 2118 1484 2199 πειρώμενοι

217 2217 265 2280 καὶ
299 2216 368 2280 οὐδὲ
400 2217 493 2288 ούτως
527 2218 591 2283 κατ’
629 2218 710 2288 ἀξίαν
742 2218 995 2304 ἀνταμειβόμενοι,
1028 2217 1103 2299 πλήν
1136 2215 1166 2278 ἐν
1195 2215 1238 2286 οἱς
1265 2217 1484 2301 πεπιστεύμεθα

216 2320 257 2401 μὴ
282 2320 459 2397 ἀτονοῦντες,
482 2322 557 2385 ἀλλὰ
576 2325 627 2384 τοῦ
648 2320 720 2383 ἰδίου
742 2325 843 2405 καιροῦ
865 2321 901 2383 τά
922 2319 1013 2403 μέτρα
1027 2319 1224 2389 ἐπιτελοῦντες
1238 2320 1287 2383 καὶ
1302 2321 1358 2385 ὅσα
1368 2320 1486 2406 παρέξει

222 2422 254 2485 τδ
289 2422 370 2505 ἅγιον
404 2427 517 2506 πνεῦμα
550 2427 637 2487 πᾶσιν
671 2422 810 2507 ἀφθόνως
840 2425 1056 2491 κοινωνοῦντες·
1090 2422 1124 2486 οὐ
1155 2421 1242 2504 μόνον
1272 2422 1411 2509 ἀλλότρια
1441 2422 1478 2488 δι’
1502 2444 1527 2483 ει

217 2523 339 2610 ἐλέγχου
373 2524 413 2596 είς
440 2526 564 2611 φανερὸν
592 2524 723 2607 ἀγοντες,
762 2523 838 2589 ἀλλά
873 2525 921 2587 καὶ
953 2524 1009 2587 ὅσα
1043 2526 1062 2607 ή
1096 2524 1222 2609 ἀλήθεια
1256 2525 1312 2589 ύπδ
1346 2531 1400 2611 τῆς
1433 2532 1487 2593 τοῦ

215 2629 322 2712 πατρός
351 2629 469 2713 χάριτος
496 2629 706 2714 παραλαβοῦσα
735 2628 900 2712 ἀνθρώποις
929 2626 1099 2710 διηκόνησε,
1129 2630 1220 2691 ταῦτα
1246 2627 1294 2690 καὶ
1322 2626 1370 2691 διά
1397 2629 1487 2712 λόγου

216 2730 419 2813 σημειούμενοι
451 2733 499 2795 καὶ
531 2731 578 2794 διὰ
609 2732 785 2816 γραμμάτων
816 2728 1082 2813 ἐμμαρτυρυύμενοι
1116 2729 1350 2814 ἀνεπαισχύντως
1379 2733 1485 2815 κηρύσ·

217 2852 315 2914 σομεν.
363 2835 410 2897 ἱνα
442 2831 509 2912 οῦν,
536 2834 639 2904 καθὼς
667 2834 832 2919 φθάσαντες
862 2829 997 2912 εἴπομεν,
1026 2831 1134 2901 ἀθέους
1160 2830 1266 2901 αύτούς
1298 2831 1486 2917 ἐπιδείξωμεν

216 2936 265 2998 καὶ
293 2936 368 2999 κατὰ
393 2940 511 3020 γνώμην
539 2936 587 3000 καλ
609 2935 684 3000 κατά
716 2936 822 3021 τρόπον
850 2934 898 2998 καὶ
922 2933 995 2997 κατὰ
1017 2931 1111 3017 ἔργον,
1135 2933 1203 2997 όθεν
1225 2958 1256 2997 τε
1279 2935 1315 2998 τὰ
1337 2935 1486 3022 ἐπιχειρή-
1503 2956 1526 2994 α

218 3062 295 3120 ματα
318 3039 416 3109 αὐτοῖς
439 3039 586 3122 γεγένηται
609 3039 657 3102 καὶ
680 3039 724 3103 ότι
747 3038 841 3122 μηθὲν
864 3035 894 3107 ἐξ
916 3035 1004 3119 ἁγίων
1025 3040 1145 3120 γραφῶν
1165 3037 1301 3121 λαβόντες
1315 3042 1407 3102 ταῦτα
1422 3039 1487 3103 ἐπε-

216 3142 358 3226 χείρησαν
386 3140 407 3225 ή
434 3165 509 3211 τινος
536 3142 618 3223 ἁγίου
650 3143 790 3228 διαδοχὴν
819 3138 994 3226 φυλάξαντες
1023 3138 1071 3202 ἐπὶ
1101 3142 1192 3202 ταῦτα
1224 3141 1381 3225 ὥρμησαν,
1415 3139 1480 3205 ἀλλ’

216 3240 293 3307 ἔστιν
326 3243 424 3313 αὐτοῖς
456 3243 492 3306 τὰ
524 3243 702 3325 δοξαζόμενα
732 3245 828 3330 ἀρχὴν
857 3243 909 3326 μέν
931 3242 965 3305 ἐκ
986 3246 1039 3325 τῆς
1055 3239 1201 3327 Ἑλλήνων
1224 3242 1327 3327 σοφίας
1348 3244 1487 3328 λαβόντα,

214 3344 248 3408 ἐκ
263 3347 415 3428 δογμάτων
431 3345 687 3431 φιλοσοφουμένων
703 3348 751 3411 καὶ
768 3345 932 3431 μυστηρίων
947 3344 1212 3429 ἐπικεχειρημένων
1228 3345 1269 3428 (θ)
1284 3347 1332 3409 καλ
1350 3346 1486 3430 ἀστρολύ·

217 3470 275 3530 γων
299 3449 498 3534 ρεμβομένων·
527 3451 609 3513 δοκεῖ
628 3448 679 3514 οὖν
704 3450 841 3535 πρότερον
869 3447 1044 3529 ἐκθεμένους
1066 3448 1102 3511 τὰ
1123 3448 1244 3518 δόξαντα
1265 3454 1325 3520 τοῖς
1346 3452 1406 3511 τῶν
1422 3446 1484 3514 Ἑλ·
1501 3470 1525 3507 τι

216 3552 312 3634 λήνων
346 3551 516 3636 φιλοσόφοις
553 3551 692 3622 ἐπιδεῖξαι
725 3557 785 3622 τοῖς
816 3550 1036 3636 ἐντυγχάνουσιν
1071 3548 1139 3614 ὄντα
1171 3551 1280 3615 τούτων
1310 3554 1487 3638 παλαιότερα

217 3654 265 3716 καὶ
289 3654 361 3737 πρὸς
383 3653 416 3716 τδ
440 3654 519 3717 θεῖον
535 3655 706 3740 σεμνότερα·
730 3653 831 3719 ἔπειτα
852 3653 1009 3738 συμβαλεῖν
1033 3653 1158 3737 ἑκάστην
1173 3656 1281 3738 αἱρεσιν
1296 3655 1423 3740 έκάστφ,
1445 3660 1486 3727 ῶς

216 3755 327 3825 τούτοις
360 3759 419 3826 τοῖς
457 3756 680 3842 ἐπιχειρήμασιν
716 3756 923 3843 ἐπιβαλόμενος
963 3756 980 3820 ό
1015 3757 1221 3841 πρωτοστάτης
1256 3762 1309 3841 τῖης
1344 3759 1484 3842 αἱρέσεως

217 3857 427 3942 ἐπλεονέκτησε
450 3858 635 3945 [λαβόμενος]
657 3861 708 3929 τὰς
731 3860 825 3945 ἀρχὰς
848 3859 897 3923 καὶ
918 3859 952 3922 ἐκ
974 3857 1084 3922 τούτων
1099 3858 1146 3922 ἐπὶ
1162 3860 1198 3923 τὰ
1212 3859 1331 3945 χείρονα
1346 3860 1486 3943 όρμηθεὶς

217 3959 277 4044 <τδ>
286 3961 380 4043 δόγμα
388 3963 591 4046 συνεστήσατο.
615 3959 676 4026 έστι
686 3962 737 4045 μέν
746 3960 796 4026 οῦν
803 3962 893 4027 πόνου
906 3962 1011 4043 μεστδν
1021 3962 1055 4025 τδ
1067 3961 1301 4047 ἐπιχειρούμενον
1313 3962 1361 4025 καὶ
1374 3965 1484 4047 πολλῆς
1501 3985 1525 4022 ιι

216 4064 353 4146 δεόμενον
380 4063 519 4147 ἱστορίας·
544 4065 619 4128 ἀλλὰ
644 4065 697 4128 οῦκ
720 4065 910 4149 ἐνδεήσομεν·
934 4065 1051 4150 ῦστερον
1066 4065 1121 4149 γὰρ
1142 4064 1280 4148 εὐφρανεῖ
1297 4067 1338 4134 ῶς
1353 4066 1485 4151 ἀθλητήν

220 4165 293 4250 μετὰ
315 4165 423 4230 πολλδν
444 4164 531 4229 πόνον
547 4169 689 4252 στεφάνου
704 4167 831 4252 τυχόντα
845 4168 866 4254 ἢ
882 4167 1009 4252 ἔμπορον
1030 4167 1103 4250 μετὰ
1125 4166 1214 4250 μέγαν
1230 4168 1382 4251 θαλάσσης
1397 4170 1484 4233 σολον

217 4271 393 4354 κερδάναντα
421 4268 442 4352 ἢ
471 4270 597 4353 γεωργὸν
632 4272 704 4354 μετὰ
738 4272 847 4355 ἱδρῶτα
879 4273 1036 4354 προσώπου
1070 4274 1189 4354 καρπῶν
1223 4270 1430 4335 ἀπολαύσαντα
1465 4273 1485 4356 ή

215 4373 366 4457 προφήτην
390 4372 464 4454 μετὰ
486 4372 666 4457 ὀνειδισμοὺς
688 4374 735 4437 καί
759 4373 853 4459 ύβριις
875 4374 989 4457 δρῶντα
1019 4373 1054 4436 τά
1087 4372 1253 4457 λαληθέντα
1280 4374 1483 4457 ἀποβαίνοντα.

216 4474 369 4560 ἀρξάμενοι
401 4473 494 4537 τοίνυν
527 4473 667 4560 ἐροῦμεν,
699 4478 772 4546 τίνες
799 4477 826 4539 οἱ
854 4471 922 4559 παρ’
944 4470 1064 4558 Ἕλλησι
1091 4479 1205 4560 πρῶτον
1232 4476 1405 4561 φιλοσοφίαν
1431 4501 1481 4562 φυ-
1500 4496 1523 4535 ιο

215 4579 299 4662 σικὴν
332 4576 529 4647 ἐπιδείξαντες.
581 4579 692 4642 τούτων
724 4580 778 4663 γάρ
812 4579 938 4660 μαλιστα
969 4576 1133 4662 γεγένηνται
1167 4579 1330 4662 κλεψίλογοι
1364 4580 1391 4642 οἱ
1425 4585 1485 4642 τῶν

213 4679 353 4764 αἱρέσεων
379 4681 687 4766 πρωτοστατήσαντες,
714 4685 755 4752 ῶς
781 4681 934 4764 μετέπειτα
961 4679 991 4743 ἐν
1019 4684 1057 4762 τῇ
1086 4681 1157 4764 πρὸς
1179 4680 1324 4763 ἀλλήλους
1346 4683 1483 4766 συμβολή

215 4781 401 4865 ἐπιδείξομεν.
445 4783 560 4868 ἱκάστιρ
587 4783 620 4847 δέ
644 4787 703 4848 τῶν
729 4783 954 4869 προαρξαμένων
981 4783 1017 4846 τὰ
1051 4781 1109 4845 ίδια
1143 4782 1327 4851 ἀποδιδόντες
1360 4784 1485 4867 γυμνοδς

214 4886 262 4948 καὶ
285 4885 457 4970 ἀσχήμονας
478 4885 545 4956 τοῦς
567 4886 755 4971 αἱρεσιάρχας
775 4887 1008 4971 παραστήσομεν.
