3442 5588
658 324 932 375 rnonnconnnm
1427 324 1469 388 59

109 514 207 560 manu
235 495 383 578 collegit,
414 494 596 577 religiosius
625 493 786 576 descripti.
833 492 961 557 omnino
989 492 1063 558 huic
1090 501 1124 558 ut
1145 515 1185 559 ex
1208 494 1297 561 fonto
1320 495 1469 579 propiore

109 597 272 662 haurienti
295 595 399 660 maior
423 595 573 661 habenda
595 595 683 661 fides.
718 595 801 660 Attii
826 595 911 660 enim
935 595 976 660 de
998 596 1060 661 deo
1076 597 1210 678 eclogae
1226 617 1265 662 ex
1281 596 1470 679 anthologia

108 700 185 781 αὐτῇ
217 698 293 769 λέξει
320 697 372 786 [cf.
401 699 489 783 φησίν
513 694 579 783 §iil
602 698 781 762 translatae
807 697 971 782 videntur,
1002 697 1089 763 unde
1115 698 1280 781 utriusque
1310 699 1470 782 opinionis

107 802 259 884 exempla
293 801 431 866 collecta
459 798 635 865 transferre
667 800 924 866 commodissime
956 799 1084 865 licebat.
1128 800 1296 883 authologi
1323 800 1408 866 enirn
1435 808 1471 865 ut

109 901 273 969 Stobaeus
295 909 555 985 argumentorum
579 901 783 985 oppositione
804 902 1014 969 delectantur.
1049 909 1146 985 atque
1169 903 1315 968 similiter
1336 907 1471 988 προνοίας

108 1012 141 1072 ct
158 1007 356 1090 &apompeius
371 1006 480 1089 capita
496 1004 652 1070 continuit
666 1004 745 1070 illud
760 1004 952 1087 florilegium
968 1005 1054 1086 quod
1067 1004 1234 1070 Commodi
1247 1012 1356 1072 aetate
1369 1006 1471 1073 'Pheo-

107 1107 229 1191 philus,
252 1115 368 1191 postea
383 1107 454 1190 ipse
469 1106 630 1172 Stobaeus
646 1106 727 1170 adiit
749 1105 800 1194 [cf.
815 1107 896 1171 Mus.
913 1107 1014 1171 Rhen.
1031 1108 1127 1172 XXX
1145 1105 1227 1193 rial.
1264 1108 1362 1190 quid?
1384 1109 1470 1191 quod

106 1208 193 1274 idem
208 1208 251 1274 de
266 1209 375 1293 impiis
389 1210 480 1275 locus
494 1208 583 1292 apud
606 1208 858 1291 Theophilum
880 1210 929 1272 Ill
947 1212 963 1273 l
989 1211 1132 1293 recurrit,
1155 1211 1208 1275 ubi
1225 1218 1333 1276 tauron
1351 1211 1471 1275 Critiae

106 1313 309 1394 Protagorae
325 1311 506 1377 Euhemero
530 1310 790 1376 Clitomachus
813 1309 1018 1395 Pythagoras
1035 1313 1128 1376 Plato
1144 1313 1307 1377 adduntur
1321 1335 1386 1378 non
1402 1314 1471 1380 sine

106 1413 266 1496 gravibus
288 1420 323 1479 ut
346 1413 429 1479 solet
452 1412 624 1478 erroribus.
642 1413 649 1444 ¹
682 1414 740 1478 sed
763 1418 798 1478 nt
820 1412 864 1477 ad
880 1413 1072 1496 Epicureum
1094 1414 1184 1479 illum
1206 1423 1360 1500 revertar,
1384 1416 1470 1481 haud

105 1535 160 1581 me
175 1516 325 1599 paenitet
341 1514 533 1582 observasse
549 1515 748 1582 consimilem
764 1534 949 1597 essequam
971 1535 1069 1597 supra
1092 1516 1158 1581 dini
1174 1526 1287 1583 contra
1301 1520 1469 1584 Platonem

105 1618 263 1684 mundum
275 1620 360 1684 male
372 1639 471 1682 unum
484 1637 557 1683 esse
569 1618 756 1700 opinantem
768 1617 1048 1701 disputationeml
1064 1620 1084 1681 5
1104 1626 1129 1683 3.
1152 1639 1260 1684 name
1275 1621 1469 1687 Placitorum

104 1729 195 1787 certe
206 1721 355 1786 instituto
366 1720 466 1785 distat
478 1719 581 1784 oratio
594 1727 626 1785 et
639 1720 809 1786 dialectica
821 1719 1010 1802 confutatio,
1029 1741 1113 1802 quoe
1124 1722 1274 1804 Epicurei
1286 1723 1470 1788 inimicitias

104 1823 210 1908 spirat
224 1823 417 1889 mundorum
432 1820 626 1887 infinitatem
644 1823 749 1888 tutati.
779 1843 839 1888 nec
855 1822 909 1905 qui
925 1842 1027 1905 genus
1043 1822 1212 1889 refellendi
1227 1845 1300 1888 cum
1316 1828 1331 1889 l
1347 1827 1364 1889 l
1386 1835 1470 1887 1-10

106 1926 161 2010 [ci.
177 1929 197 2008 ξ
213 1924 246 2012 8]
263 1924 445 2009 contulerit,
460 1942 620 1989 summam
634 1925 875 1991 similitudinem
892 1946 958 1990 non
973 1924 1133 1991 advertet.
1153 1926 1239 1991 adde
1253 1927 1471 1992 insolentioris

107 2028 270 2094 orationis
285 2028 446 2111 exempla,
461 2025 528 2091 illic
541 2028 574 2090 τὸ
586 2029 689 2090 δοκοῦν
703 2047 765 2110 quo
777 2027 1048 2112 Wyttenhachius
1062 2027 1221 2092 immerito
1238 2029 1471 2112 offomlehatur,

105 2129 160 2194 hic
173 2131 190 2194 1
210 2131 228 2194 l
251 2138 268 2190 4
288 2130 424 2201 ἀτενίζειν
437 2130 545 2214 ἑαυτῷ,
561 2128 647 2211 qnod
663 2148 814 2211 graecum
829 2149 894 2194 non
911 2136 969 2213 est,
985 2128 1044 2194 sed
1059 2129 1269 2195 barbarorum
1285 2132 1338 2214 qui
1354 2152 1470 2196 norum

104 2238 338 2298 testamentum
359 2231 565 2314 scripserunt.
591 2251 697 2313 neque
712 2230 778 2295 alia
791 2232 983 2297 auctoritate
996 2231 1180 2297 defenditur
1194 2235 1239 2298 ll
1256 2242 1288 2294 ιι)
1304 2233 1472 2319 μοιχαλίδος

105 2333 279 2421 (μοιχάδος)
293 2332 384 2399 vocis
404 2353 482 2398 usus
505 2352 569 2416 qua
591 2352 687 2398 nemo
709 2340 787 2398 ante
809 2334 882 2398 illos
904 2333 1023 2416 quippe
1047 2353 1131 2416 quae
1155 2336 1296 2400 obscena
1317 2341 1405 2401 esset
1427 2336 1471 2399 uti

105 2438 268 2503 voluerat.
301 2436 387 2519 quod
409 2442 544 2502 excusat
564 2435 666 2501 schol.
682 2435 725 2499 ad
741 2434 875 2518 Gregor.
895 2437 975 2500 Nar.
996 2437 1030 2501 in
1052 2437 1111 2500 Iul.
1135 2438 1207 2503 173
1230 2438 1281 2503 od.
1296 2438 1396 2502 Mont.
1411 2436 1472 2502 hoc

104 2538 250 2604 addens:
281 2541 301 2624 ἡ
325 2539 431 2624 μοιχός
453 2537 485 2623 (ἡ
511 2535 658 2623 perpulit)
681 2537 735 2602 οὐκ
756 2538 1029 2625 εἴρηται·χρῶνται
1059 2541 1091 2601 δὲ
1113 2541 1174 2602 ἀντὶ
1197 2545 1248 2603 τοῦ
1272 2541 1413 2621 ὀνόματος
1434 2545 1472 2621 τῇ

106 2647 223 2728 μετοχῇ
248 2643 276 2705 οἱ
298 2646 469 2726 συγγραφεῖς
492 2640 553 2703 οἷον
575 2643 595 2724 ἡ
613 2640 818 2725 μοιχευομένη.
852 2643 911 2707 sed
926 2641 1006 2706 talia
1021 2641 1082 2705 sibi
1097 2641 1300 2707 indulserunt
1314 2640 1472 2725 Epicurei.

107 2751 253 2812 ceterum
276 2742 413 2810 orationi
437 2742 517 2808 satis
540 2749 590 2808 est
611 2742 814 2827 lacertorum,
836 2746 972 2809 multum
995 2743 1093 2809 etiam
1112 2744 1350 2828 perspicuitatis
1365 2744 1473 2809 iudicii

107 2845 297 2913 momoriae.
342 2844 412 2929 quis
438 2843 535 2910 fuerit
562 2845 617 2911 ille
639 2845 818 2929 Epicureus
844 2867 910 2911 non
937 2865 1069 2928 sperare
1096 2846 1171 2912 licet
1199 2845 1395 2930 patefactum
1423 2845 1472 2911 iri.

107 2949 206 3016 credo
230 2955 341 3014 tamen
363 2967 436 3013 oum
458 2946 651 3012 Philodamo
673 2947 839 3029 aliquanto
862 2947 963 3013 fuisse
984 2947 1178 3014 inferiorem.

195 3049 328 3130 Quanto
349 3049 523 3133 intervallo
546 3049 607 3114 cl
631 3048 720 3133 prior
742 3069 819 3132 pars
848 3049 890 3114 ab
918 3051 1023 3115 altera
1049 3051 1146 3115 distet
1173 3051 1333 3118 neminem
1360 3052 1473 3134 fugere

106 3154 216 3221 debet
262 3154 340 3219 hinc
361 3151 497 3218 forsitan
519 3150 637 3233 aliquis
657 3150 753 3216 Aetio
775 3151 845 3237 illa,
868 3153 978 3236 priora
1000 3172 1021 3217 a
1043 3153 1217 3218 Plutarcho
1240 3152 1353 3218 addita
1375 3153 1473 3219 credi-

105 3256 202 3322 derit.
237 3256 288 3322 cui
304 3254 437 3321 Stobaei
458 3252 677 3318 testimonium
699 3254 828 3320 videtur
853 3254 1044 3338 gratificari,
1073 3256 1126 3339 qui
1150 3259 1168 3336 ξ
1186 3256 1320 3319 11-34
1343 3255 1473 3338 copiose

104 3358 271 3443 expressit
300 3358 335 3422 in
358 3353 470 3440 c.1(2)
493 3354 534 3419 do
558 3354 611 3420 dei
638 3357 798 3439 potentia,
830 3358 938 3441 priora
960 3359 1230 3442 §1-10plane
1257 3356 1371 3423 omisit.
1416 3357 1474 3423 sed

104 3460 244 3526 Stobaoi
266 3458 429 3526 silentium
449 3457 536 3522 illico
559 3457 708 3540 diluetur,
730 3458 783 3523 ubi
807 3459 877 3525 eius
899 3460 963 3525 οἳ
985 3462 1049 3544 περὶ
1066 3466 1124 3523 τῶν
1141 3461 1316 3542 νομιζόντων
1338 3462 1377 3544 μὴ
1401 3459 1472 3522 εἶναι

183 3691 191 3723 ¹
211 3707 273 3743 nam
296 3705 373 3754 quam
395 3690 438 3739 illc
461 3689 652 3753 Pythagoream
679 3692 795 3741 venditat
817 3696 978 3755 sententiam,
998 3696 1127 3759 Epicurea
1148 3701 1186 3741 cst
1204 3701 1230 3741 ct
1248 3709 1313 3755 qrrac
1333 3693 1364 3742 dc
1383 3693 1471 3742 Euho-

103 3795 179 3830 mero
204 3779 329 3830 ariolator
351 3773 432 3827 πολλὰ
454 3774 501 3843 γὰρ
530 3775 585 3843 περὶ
611 3772 678 3827 θεῶν
700 3775 827 3846 τολμήσας
850 3776 1004 3847 φθέγξασθαι
1024 3778 1129 3847 ἔσχατον
1147 3779 1190 3828 οιαὶ
1208 3776 1236 3828 τὸ
1256 3776 1341 3837 liddon
1360 3778 1394 3845 μὴ
1414 3777 1473 3828 εἶναι

103 3863 191 3927 θεοὺς,
209 3862 274 3917 ἀλλὰ
290 3864 322 3915 τὰ
340 3865 420 3915 πάντα
438 3860 617 3930 αὺτοματισμῷ
635 3861 779 3916 διοικεῖσθαι
798 3863 923 3933 βοόλεται,
947 3884 978 3918 ea
1001 3869 1119 3917 lemmate
1138 3877 1254 3916 correcto
1273 3869 1408 3916 referenda
1425 3883 1472 3930 po·

104 3957 158 4004 tiua
175 3952 212 4003 ad
229 3954 381 4016 Diagoram,
400 3953 432 4003 de
451 3967 503 4015 qno
522 3952 617 4004 Sextus
635 3952 653 4000 l.
675 3968 696 4002 c.
720 3947 840 4021 Διαγόρας
863 3952 889 4004 δὲ
908 3952 921 4004 ό
944 3949 1042 4022 Μήλιος
1060 3950 1281 4021 διθυραμβοποιός,
1301 3950 1336 4009 ὥς
1354 3966 1421 4020 paor,
1444 3951 1472 4002 τὸ

105 4029 211 4108 πρῶτον
228 4037 358 4107 γενόμενος
381 4036 416 4095 ὡς
439 4036 463 4089 εἶ
482 4054 518 4096 τις
537 4038 581 4088 καὶ
599 4036 673 4096 ἅὶᾶιος
692 4037 847 4107 δεισιδαίμων
866 4037 892 4098 ὃς
911 4058 937 4107 γε
956 4041 999 4091 καὶ
1017 4043 1063 4108 τῆς
1081 4038 1204 4105 ποιήσεως
1224 4038 1312 4089 ἑαυτοῦ
1332 4036 1473 4106 κατήρξατο

103 4126 150 4178 τὸν
166 4125 261 4195 τρόπον
278 4129 366 4176 τοῦτον
381 4121 464 4176 ‘arrd
482 4122 585 4192 δαίμονα
603 4125 646 4175 καὶ
664 4122 744 4194 rippa
762 4127 791 4190 [l.
810 4125 888 4197 τόχαν
906 4145 937 4180 ex
951 4131 1096 4180 Philodcm.
1110 4128 1134 4175 d.
1149 4130 1208 4190 pict.
1228 4124 1374 4191 p.81'iu.’Gl
1393 4126 1472 4175 πάντα

104 4210 235 4273 castrat,
254 4208 381 4280 ἀδικηθεὶς
399 4209 425 4262 δὲ
443 4209 491 4262 ὑπό
509 4229 573 4269 τινος
592 4211 785 4281 ἐπιορκήσαντος
803 4214 846 4265 καὶ
865 4213 941 4283 μηδὲν
960 4212 1032 4264 ἕνεκα
1050 4210 1139 4264 ταότου
1158 4208 1280 4269 παθόντος
1298 4210 1473 4280 μεθηρμόσατο

105 4302 142 4359 τίς
159 4298 189 4352 τό
207 4298 287 4367 λέγειν
305 4299 341 4368 μὴ
361 4297 422 4350 εἶναι
435 4295 500 4350 θεόν.
525 4310 581 4350 utcr
599 4311 650 4351 tam
669 4304 775 4366 turpiter
792 4304 870 4353 falsus
883 4306 916 4352 sit
928 4302 1123 4367 Theophilusne
1142 4316 1176 4350 an
1194 4302 1347 4363 florilegium
1366 4302 1472 4365 pcriude

104 4399 154 4441 eat.
190 4390 237 4439 sed
260 4404 314 4438 uno
337 4396 407 4438 certe
430 4390 488 4438 loco
512 4388 632 4453 florilegii
657 4390 731 4453 culpa
749 4392 885 4455 explorata
903 4398 949 4440 cst.
970 4391 1000 4438 cl.
1020 4388 1088 4438 hlus.
1107 4387 1155 4437 Rh.
1175 4390 1192 4436 1.
1215 4405 1235 4437 c.
1258 4388 1315 4440 178.
1335 4405 1414 4452 quare
1432 4391 1471 4439 irr-

105 4479 213 4541 telleges
236 4492 283 4525 cur
305 4492 339 4526 ex
364 4477 410 4525 tali
435 4478 594 4540 potissimum
617 4476 744 4538 florilegio
771 4478 901 4528 Plutarchi
927 4484 1049 4541 excerpta
1072 4477 1152 4539 petita
1174 4477 1284 4525 credam.
1320 4493 1378 4527 nam
1403 4479 1473 4541 qnod

107 4565 262 4615 Plutarchus
282 4563 322 4611 bis
342 4564 417 4616 chi
437 4571 462 4612 et
480 4562 519 4613 72
543 4563 639 4612 Critiae
664 4579 751 4613 vorsus
769 4566 889 4630 Euripidi
907 4566 1041 4628 adscripsit
1064 4565 1107 4625 qui
1131 4565 1157 4612 in
1176 4563 1257 4613 Sexto
1277 4567 1389 4628 genuino
1410 4567 1471 4615 lom·

105 4659 174 4700 mata
198 4650 310 4715 praediti
335 4659 408 4710 sunt,
432 4651 500 4700 unde
525 4651 625 4699 facilius
650 4666 726 4712 quam
750 4667 781 4701 ox
810 4654 944 4702 eiusmodo
968 4651 1087 4714 florilegii
1112 4667 1198 4700 errore
1226 4653 1348 4715 explicari
1372 4657 1472 4716 potest?

104 4746 205 4802 gratnm
227 4753 291 4787 vcro
316 4738 408 4787 iecisse
432 4737 493 4786 mihi
515 4737 607 4786 videor
630 4753 686 4786 cum
709 4740 766 4788 aliis
784 4747 838 4788 tum
856 4740 1050 4789 Wilamositzio
1074 4737 1204 4801 [Analect.
1224 4740 1341 4802 Euripid.
1361 4756 1385 4803 p.
1402 4739 1473 4801 leth,

105 4828 144 4876 cni
168 4834 196 4875 ut
217 4825 354 4890 Euripidis
378 4840 474 4875 nomen
497 4827 641 4874 eliminaret
663 4827 796 4875 molestior
817 4836 873 4876 erat
896 4839 984 4890 pugna
1006 4841 1059 4875 non
1085 4826 1167 4874 solum
1192 4841 1248 4874 cunr
1267 4826 1406 4876 Plutarcho
1426 4827 1470 4874 scd

105 4916 181 4964 ctiam
199 4916 220 4965 ai
239 4914 281 4964 dis
300 4914 387 4978 placat
406 4928 462 4962 cum
482 4912 574 4963 Galerii
593 4913 626 4962 H.
641 4913 683 4977 ph.
703 4929 723 4962 c.
737 4912 780 4964 35.
