3442 5588
673 306 948 357 rnoussousus
1446 305 1487 368 39

122 483 244 542 textum
271 478 394 562 recepit
416 474 601 542 Galeniana
628 472 674 537 sic
700 472 944 558 interpretatus:
979 496 1093 558 porro
1128 473 1310 540 tenebrae
1344 484 1487 559 cogunt

120 587 412 663 aggregentque
433 578 558 643 visum
581 582 862 660 proptereaque
885 576 1069 642 hebetant
1092 594 1210 640 ...ea
1232 585 1387 660 propter
1410 600 1486 644 non

119 698 277 745 cernere
299 701 369 746 nos
391 681 428 744 in
450 678 640 746 tenebris.
682 677 724 743 de
746 679 882 742 συνάπτει
905 685 937 744 et
959 679 1100 763 συγκρίνει
1122 676 1263 742 dubitari
1286 687 1403 764 potest,
1427 682 1485 747 sed

119 784 167 846 διὰ
189 788 273 846 τοῦτο
297 789 389 866 patet
411 801 599 865 expressum
625 799 705 845 esse.
752 787 786 844 ut
808 781 860 845 hic
883 781 963 845 citra
985 779 1212 846 necessitatem
1235 780 1344 846 aliena
1367 784 1484 849 emble-

119 890 208 948 mata
229 884 363 967 infersit,
385 884 432 948 ita
447 882 565 948 Galeni
588 881 781 947 auctoritate
800 880 834 946 in
849 881 1085 965 ineptissimum
1102 900 1243 946 errorem
1259 881 1407 947 inductus
1424 889 1482 948 est.

120 987 200 1051 V30
211 994 245 1047 30
267 1007 327 1070 pro
349 1006 427 1052 vero
447 983 667 1070 Ἐρασίστρατος
687 984 719 1048 in
731 984 883 1049 Vossiani
899 983 1046 1066 margine
1061 990 1198 1068 apparet
1214 983 1331 1049 Galeni
1348 984 1483 1050 ridicula

116 1088 212 1154 lectio
235 1088 320 1172 ἀέρος
349 1088 496 1172 Στράτων,
517 1087 604 1171 quod
624 1094 775 1152 accurate
796 1086 955 1170 expressit
979 1085 1098 1150 latinus
1119 1086 1290 1169 interpres.
1319 1086 1483 1233 laudabile

1357 1195 1389 1255 φι
1408 1195 1440 1241 ος

116 1266 236 1343 autem,
258 1258 344 1342 quod
367 1258 488 1322 V293
511 1257 677 1322 Plutarchi
700 1259 849 1322 lacunam
873 1256 919 1321 sic
942 1263 1104 1321 corrector
1122 1256 1266 1338 explevit
1289 1258 1426 1340 ἠρὸὂστυς
1450 1259 1482 1320 δέ

116 1385 187 1446 φησι
210 1365 272 1425 κτλ.
315 1360 515 1425 Herodotum
544 1380 714 1444 perperam
743 1358 878 1443 praebet
901 1359 1055 1440 Galenus,
1083 1358 1288 1422 emendatum
1329 1357 1481 1442 Ἡρόφιλος

115 1463 213 1529 uertit
227 1462 390 1528 Budaeus.
424 1482 529 1546 nsque
551 1463 656 1528 minus
679 1462 922 1528 emendationes
938 1459 1128 1526 correctoris
1142 1477 1223 1542 quas
1239 1480 1304 1523 non
1319 1480 1337 1525 e
1354 1460 1480 1525 Galeno

114 1566 174 1631 sed
196 1585 236 1631 er
259 1564 361 1649 ipsius
382 1564 514 1646 ingenio
538 1566 657 1649 petitas
674 1572 706 1630 et
728 1572 873 1647 tempore
896 1562 1019 1646 priores
1042 1560 1119 1644 dixi,
1143 1562 1175 1625 in
1203 1562 1352 1627 versione
1375 1581 1480 1647 paene

115 1688 228 1733 omnes
242 1666 455 1751 reperiuntur.
489 1667 536 1731 ita
555 1667 588 1732 in
608 1666 773 1751 prooemio
798 1665 1060 1730 incorrectum
1082 1662 1180 1727 habet
1202 1682 1314 1745 margo
1330 1666 1406 1748 περὶ
1421 1672 1479 1728 των

113 1773 366 1854 ἀποτελεσμάτων,
383 1769 534 1834 Budaeus
550 1768 597 1834 de
613 1769 785 1853 effectis,
800 1768 829 1832 V
846 1768 886 1831 18
904 1775 920 1826 2
936 1786 993 1848 pro
1009 1764 1126 1830 vitioso
1142 1764 1248 1848 ἔγνωτε
1262 1766 1349 1831 haud
1364 1767 1480 1833 inscite

115 1874 317 1958 periclitatus
332 1879 382 1938 est
398 1878 560 1937 corrector
574 1873 724 1956 ἠγνόηται,
740 1872 789 1936 cui
807 1871 909 1935 latina
924 1868 1133 1950 respondent:
1156 1868 1332 1949 ignorari
1349 1867 1377 1955 [l
1391 1869 1479 1951 igno-

112 1973 215 2062 ratur]
245 1976 345 2041 enim
375 1980 412 2039 et
440 1980 530 2056 post
558 1980 785 2057 conceptum
819 1968 1094 2056 purgationum
1124 1990 1312 2036 numerus.
1360 1973 1478 2037 V103

113 2076 302 2142 emendavit
330 2077 447 2162 δέχεται
480 2075 631 2141 Vossiani
658 2080 834 2156 corrector,
864 2072 940 2138 item
974 2071 1092 2136 latinus
1118 2073 1232 2156 capit.
1277 2074 1352 2140 hine
1381 2075 1478 2158 igitur

111 2178 255 2243 dubitari
278 2179 331 2243 vix
356 2185 464 2263 potest
485 2177 561 2261 quin
578 2177 730 2242 Budaeus
744 2176 814 2259 ipse
830 2175 1014 2259 priusquam
1034 2181 1176 2239 verteret
1193 2176 1358 2256 vulgatam
1379 2178 1477 2244 unde-

111 2300 240 2362 cunque
263 2282 460 2347 emacularet
476 2286 509 2345 et
525 2280 567 2344 ad
583 2279 773 2345 vertendum
789 2284 1009 2361 praepararet.
1044 2277 1159 2342 Geloni
1175 2276 1316 2343 editione
1332 2280 1477 2365 principe

109 2401 307 2465 quamquam
332 2382 559 2448 emendatione
580 2401 622 2447 ne
645 2380 696 2446 hic
712 2380 840 2464 quidem
863 2378 1018 2444 abstinuit
1040 2400 1117 2443 usus
1132 2378 1268 2444 videtur.
1303 2400 1366 2446 uno
1389 2392 1475 2451 certe

110 2485 185 2549 loeo
208 2484 240 2548 Π
256 2485 346 2549 2012
369 2504 409 2550 ex
435 2484 493 2548 illa
519 2483 609 2549 dedit
636 2483 669 2547 in
697 2482 841 2564 margine
864 2480 1012 2545 Vossiani
1036 2483 1094 2544 dub
1117 2485 1168 2543 rod
1191 2485 1374 2565 πυροειδοῦς,
1404 2507 1474 2551 cum

110 2639 209 2703 Laut.
229 2640 258 2703 Α
281 2606 381 2724 πυροεοι
403 2639 424 2703 i.
441 2659 468 2704 θ.
492 2641 629 2722 πυροειδῆ
661 2645 694 2702 et
714 2637 854 2702 Laur.B
881 2637 1028 2721 πυροειόές
1056 2636 1142 2719 quod
1171 2646 1220 2701 est
1246 2657 1357 2703 verum
1385 2660 1475 2723 prae·

108 2739 237 2805 herent.
270 2741 360 2823 atqui
383 2743 508 2807 Veneta
529 2740 645 2806 Galeni
669 2740 749 2804 1497
773 2738 900 2822 prodiit.
935 2759 1012 2820 ergo
1036 2759 1106 2804 cum
1129 2740 1210 2804 1502
1232 2740 1373 2805 versioni
1396 2762 1475 2808 suae

109 2842 280 2924 praetatus
303 2843 345 2907 sit
366 2843 517 2906 Budaeus
536 2845 542 2873 ¹
566 2843 652 2907 intra
680 2861 736 2905 cos
758 2859 861 2904 annos
887 2848 984 2906 notae
1006 2841 1157 2906 Vossiani
1183 2841 1367 2925 adscriptae
1390 2853 1473 2928 sunt,

110 2943 173 3008 nisi
195 2943 281 3010 torte
296 2947 440 3010 Venetae
463 2943 598 3010 similem
619 2943 761 3008 codicem
784 2960 881 3005 manu
905 2948 1062 3008 tractasse
1084 2942 1291 3025 interpretem
1314 2953 1474 3029 putamus.

110 3044 197 3126 quod
218 3045 288 3111 veri
312 3055 363 3111 cst
383 3045 549 3111 dissimile.

190 3147 352 3229 Vulgatae
363 3147 505 3213 familiae
518 3146 627 3230 libros,
642 3167 775 3230 quorum
789 3146 929 3228 aliquam
942 3145 1046 3212 babeo
1062 3148 1219 3229 notitiam,
1235 3147 1332 3212 etiam
1350 3148 1408 3212 hos
1419 3171 1473 3214 no-

109 3249 252 3314 minatos
268 3252 383 3316 saltem
398 3251 472 3315 volo
484 3248 772 3314 Ambrosianum
787 3248 865 3312 sss
882 3269 951 3330 sup.
965 3247 1065 3313 chart.
1088 3249 1279 3331 ‘Messapiae
1291 3249 1323 3313 in
1335 3250 1473 3334 Iapygia

108 3359 253 3434 emptum
263 3352 355 3417 1606'
373 3352 570 3417 Plaeitorum
583 3353 702 3415 11-15
715 3352 916 3433 complexum
930 3359 962 3415 et
974 3351 1226 3416 Laurentianum
1234 3352 1419 3416 LXXXVII
1434 3354 1471 3417 ll

107 3453 255 3534 quintum
269 3454 383 3519 librum
401 3455 630 3519 continente-m.
653 3452 797 3519 eiusdem
812 3451 885 3516 libri
900 3451 1114 3535 fragmentum
1130 3452 1260 3518 exhibet
1275 3453 1471 3519 Parisinus

107 3556 204 3636 2276,
217 3556 348 3620 mutilus
364 3563 414 3622 est
425 3555 588 3620 Parisin.
604 3557 688 3620 2372
700 3575 780 3637 quos
792 3556 967 3620 contulisse
982 3554 1097 3619 dicitur·
1110 3554 1240 3619 Contos.
1263 3577 1328 3638 non
1340 3555 1470 3622 dubium

105 3664 158 3721 est
178 3658 257 3739 quin
280 3657 336 3721 alii
360 3657 393 3721 in
416 3656 621 3722 bibliothecis
645 3658 767 3720 lateant
806 3655 943 3720 fructum
971 3657 1034 3721 illis
1055 3678 1121 3722 non
1143 3656 1297 3721 maiorem
1319 3657 1434 3724 daturi.

192 3760 306 3825 Liceat
333 3757 410 3822 mihi
440 3757 501 3824 boc
537 3761 624 3842 loco,
657 3758 807 3839 quoniam
838 3759 948 3823 varios
975 3757 1160 3823 Plutarchei
1187 3757 1287 3822 libelli
1315 3780 1409 3826 casus
1437 3770 1470 3828 et

104 3860 281 3925 memorias
302 3861 345 3925 ab
367 3860 446 3944 ipsis
468 3859 676 3925 incunabulis
693 3879 751 3941 per
766 3867 907 3925 actatum
930 3861 1137 3943 gentiumque
1160 3861 1274 3925 seriem
1297 3863 1340 3925 ad
1361 3882 1470 3929 recen·

103 3963 189 4027 tiora
212 3970 361 4047 tempora
384 3962 562 4046 decucurri,
586 3962 766 4028 stemmatis
781 3961 915 4027 artifieio
932 3963 1108 4044 longiorem
1132 3963 1380 4045 disputationem
1400 3965 1470 4031 bre·

103 4064 188 4129 riter
210 4064 486 4148 comprehendere
512 4071 609 4145 atque
634 4064 810 4129 illustrare.
850 4064 1020 4130 Philonem
1042 4065 1272 4147 interpolatum
1295 4065 1468 4150 Lampriae

102 4166 244 4232 indicem
274 4166 397 4232 scholia
426 4166 573 4231 Platonis
595 4168 745 4231 Tzetnam
775 4166 959 4232 Aristotelis
991 4166 1248 4250 erotoapocn‘ses
1273 4166 1468 4253 vilioresque

101 4267 236 4334 codices
260 4269 363 4354 omisi,
386 4276 534 4353 tempora
556 4267 609 4332 ubi
633 4267 732 4333 dubia
754 4275 828 4333 sunt
850 4268 971 4333 notari.

177 4466 184 4497 ¹
204 4468 288 4517 edidit
310 4468 409 4518 Budaei
433 4470 577 4517 versionem
596 4468 736 4517 Iacobus
760 4466 966 4531 stapulensis
986 4466 1039 4531 (qui
1062 4471 1085 4518 V
1108 4469 1123 4518 7
1147 4484 1261 4518 errorem
1284 4471 1417 4521 scribentis
1441 4476 1466 4523 in

101 4557 219 4620 margine
235 4555 400 4615 emendarit).
428 4556 579 4605 subnotatur
592 4555 639 4605 lbi:
659 4557 739 4604 finis
755 4554 924 4603 Plutarchi
944 4557 1097 4607 cheronci
1117 4558 1152 4606 dc
1172 4559 1301 4621 placitis
1320 4559 1465 4622 philoso-

102 4644 250 4707 phorum:
271 4642 460 4693 aGuilelmo
474 4643 582 4692 Budco
596 4644 691 4692 latini
711 4643 802 4690 lacti:
822 4649 851 4690 et
870 4645 1068 4693 Ascansiana
1085 4647 1295 4694 accuratione
1316 4646 1471 4709 impressi(

103 4730 156 4778 XV
183 4728 345 4778 Calendas
370 4731 492 4792 Aprilis
521 4731 663 4778 M.D.V.
705 4730 750 4779 sed
779 4731 901 4794 prologus
924 4733 1068 4794 interpretis
1092 4731 1124 4779 ad
1156 4732 1310 4781 Germanum
1339 4733 1465 4783 Generum

102 4816 271 4865 Beluaceusis
290 4817 413 4864 ecclcsiae
432 4816 557 4865 decanum
577 4834 628 4879 quo
648 4828 706 4880 post
718 4820 841 4867 Lassarin
861 4821 903 4880 qui
923 4827 1066 4868 recusasset
1083 4826 1162 4866 semet
1181 4819 1262 4881 ipsum
1282 4820 1463 4882 interpretandi

101 4917 195 4952 munus
214 4904 356 4967 suscepisse
377 4904 436 4952 dicit
455 4906 562 4967 scriptus
581 4914 619 4952 est
637 4905 744 4954 Parisiis
764 4906 878 4954 calendis
898 4906 1025 4956 Ianuariis
1046 4902 1121 4956 rso-2.
