3464 5586
252 303 313 364 315ss
739 305 839 353 Αυύιι
860 304 961 383 νεκύ.
974 304 1015 353 111
1034 301 1121 354 εΗ

373 368 1361 460 mm1=‹:niffiffi3**s“-⁴s'f‹ffiffic1„
1377 411 1386 458 1
1401 406 1434 459 υο
1450 418 1459 454 ι

918 561 933 613 2
992 545 1217 631 Ἀναξιμένης
1238 548 1330 611 ταύτά
1349 547 1444 630 τούτῳ
1458 567 1571 631 προστι-

955 651 1017 720 θεὶς
1038 652 1071 713 τό
1094 650 1140 713 ἐπὶ
1163 655 1215 733 τῆς
1238 650 1400 733 θαλάσσης,
1422 650 1485 733 ἥτις
1508 670 1570 734 σχι-

955 752 1062 836 ζομένη
1085 757 1147 822 ταῖς
1170 755 1282 821 κώπαις
1305 751 1502 837 παραστιλβει.

336 851 573 937 Μητρόδωρος
595 855 663 918 όταν
686 853 726 923 είς
748 853 833 938 νέφος
855 876 936 929 are-3
999 854 1234 939 Μητρόδωρος
1263 855 1330 917 όταν
1353 854 1394 923 είς
1416 854 1501 939 νέφος
1521 877 1569 915 πε·

292 956 382 1037 πηγός
399 956 454 1018 ὑπὸ
466 957 642 1040 πυκνότητος
653 957 769 1039 έμπέση
781 960 904 1038 πνεῦμα,
954 959 1045 1041 πηγός
1058 959 1114 1020 ὑπὸ
1125 957 1301 1039 πυκνότητος
1313 956 1428 1039 έμπέση
1444 961 1568 1038 πνεῦμα,
1594 977 1606 1013 ο

291 1057 330 1139 τῆ
353 1058 404 1137 μὲν
427 1058 547 1142 θραύσει
569 1060 618 1122 τόν
638 1059 744 1122 κτύπον
759 1061 904 1135 ἀποτελεῖ,
954 1066 991 1142 τῆ
1021 1061 1073 1143 μὲν
1096 1059 1267 1143 συνθραύσει
1289 1059 1338 1121 τὸν
1364 1059 1471 1122 κτύπον
1500 1060 1569 1123 ἀπο-

291 1164 328 1240 τῆ
356 1160 389 1222 δὲ
416 1163 513 1243 πληγῆ
536 1162 584 1225 καὶ
612 1166 653 1248 τῷ
682 1163 803 1248 σχισμῷ
829 1164 904 1225 διαυ-
953 1165 1040 1237 τελεῖ,
1061 1162 1100 1245 τῆ
1122 1163 1154 1224 δὲ
1176 1161 1276 1243 πληγῇ
1302 1163 1350 1225 καὶ
1378 1163 1422 1247 τῷ
1450 1168 1568 1247 σχισμῷ

268 1264 382 1344 ογάζει,
404 1269 441 1344 τῆ
464 1264 497 1326 δὲ
517 1261 630 1347 ὀξύτητι
645 1269 698 1348 τῆς
712 1268 805 1349 φορᾶς
819 1285 904 1348 προσ·
955 1265 1115 1347 διαυγάζει,
1146 1268 1184 1345 τῆ
1211 1261 1238 1325 δ’
1267 1261 1380 1346 ὀξύτητι
1402 1267 1454 1346 τῆς
1476 1268 1569 1348 φορᾶς

291 1366 436 1450 λαμβάνον
463 1367 515 1449 τῆν
538 1366 670 1429 ἀπὸτοῦ
693 1368 777 1449 ἡλίου
800 1367 904 1451 θερμό-
954 1367 1174 1452 προσλαμβάνον
1210 1366 1262 1448 τὴν
1300 1367 1358 1429 ἀπό
1395 1369 1446 1428 τοῦ
1483 1366 1568 1449 ῆλίου

291 1490 363 1549 τητα
389 1469 605 1552 κεραυνοβολεῖ,
631 1469 738 1532 τοῦδέ
764 1475 903 1554 κεραυνοῦ
955 1468 1122 1554 θερμότητα
1143 1469 1359 1552 κεραυνοβολεῖ,
1386 1472 1436 1530 τοῦ
1464 1470 1497 1531 δὲ
1524 1493 1568 1533 κε·
1582 1489 1606 1527 ιο

290 1570 341 1651 τῆν
379 1569 531 1634 ἀσθένειαν
570 1570 610 1642 είς
643 1576 796 1656 πρηστῆρα
829 1596 904 1657 περι·
957 1575 1061 1657 ραυνοῦ
1090 1571 1142 1655 τῆν
1170 1569 1323 1634 ἀσθένειαν
1346 1569 1386 1637 είς
1416 1576 1569 1656 πρηστῆρα

291 1670 410 1755 ίστησιν.
955 1674 1140 1758 περιίστησιν.
1434 1754 1436 1758 7

256 1792 279 1829 10
331 1771 561 1861 Ἀναξαγόρας
587 1777 938 1861 όταντδθερμὸνείςς
995 1775 1237 1858 Ἀναξαγόρας,
1271 1773 1339 1836 όταν
1372 1773 1430 1857 (τὸ)
1460 1775 1568 1860 θερμόν

290 1877 322 1938 τὸ
350 1879 462 1962 ψυχρόν
490 1878 605 1962 ἐμπέσῃ
636 1878 734 1964 (τοῦτο
762 1877 790 1942 δ’
826 1880 902 1944 ἐστὶν
953 1878 994 1948 είς
1016 1880 1049 1942 τό
1072 1878 1182 1963 ψυχρόν
1198 1874 1313 1957 ἐμπέση
1336 1873 1470 1959 (τούτοδ
1491 1878 1567 1941 ἐστὶν

288 1976 416 2062 αἰθέριον
440 1979 527 2065 μέρος
548 1981 589 2050 εἰς
610 1980 762 2065 ἀερῶδες),
783 1986 826 2066 τῳ
850 1982 902 2064 μὲν
953 1979 1082 2063 αἰθέριον
1106 1979 1192 2062 μέρος
1214 1977 1255 2046 εἰς
1277 1975 1427 2060 ἀερῶδες),
1449 1985 1492 2064 τῷ
1515 1982 1566 2063 μὲν
1582 2002 1604 2041 ιι

289 2079 377 2163 ψόφῳ
399 2081 451 2164 τὴν
473 2083 594 2167 βροντὴν
620 2085 769 2160 ἀποτελεῖ,
798 2084 842 2168 τιγῖ
870 2086 903 2148 δὲ
954 2081 1041 2167 ψόφῳ
1064 2081 1185 2168 βροντὴν
1208 2079 1352 2154 ἀποτελεῖ,
1374 2083 1417 2162 τῷ
1441 2081 1474 2143 δὲ
1489 2086 1567 2168 παρὰ

288 2181 367 2265 παρὰ
382 2183 435 2265 τῆν
452 2185 588 2266 μελανίαν
602 2191 654 2249 τοῦ
666 2187 814 2272 νεφώδους
825 2189 902 2270 χρῶ·
953 2184 1006 2266 τῆν
1035 2182 1170 2265 μελανίαν
1205 2184 1255 2243 τοῦ
1293 2180 1397 2264 νέφους
1432 2186 1566 2267 χρώματι

256 2300 279 2337 ιο
291 2306 359 2364 ματι
373 2285 426 2366 τῆν
441 2286 602 2370 ἀστραπήν,
623 2293 666 2372 τῷ
682 2288 715 2351 δὲ
730 2287 837 2373 πλήθει
852 2290 900 2352 καὶ
953 2286 1006 2369 τὴν
1029 2286 1190 2369 ἀστραπήν,
1211 2287 1253 2366 τῷ
1278 2282 1310 2344 δὲ
1332 2283 1440 2366 πλῆθει
1456 2288 1503 2348 καὶ
1520 2311 1567 2369 με·

290 2383 406 2467 μεγέθει
428 2392 480 2450 τοῦ
503 2389 600 2472 φωτός
622 2390 671 2452 τόν
687 2391 834 2475 κεραυνόν,
856 2397 899 2476 τῷ
951 2386 1031 2470 γέθει
1053 2392 1104 2450 τοῦ
1127 2386 1224 2471 φωτὸς
1242 2386 1291 2447 τὸν
1306 2386 1453 2467 κεραυνόν,
1475 2393 1518 2473 τῳ
1534 2391 1567 2452 δὲ

288 2486 321 2548 δὲ
335 2490 616 2576 πολυσωματωτέρῳ
632 2493 699 2576 πυρὶ
711 2493 759 2555 τὸν
771 2498 900 2578 τυφῶνα,
951 2486 1231 2572 πολυσωματωτέρῳ
1261 2487 1327 2571 πυρὶ
1357 2488 1406 2550 τὸν
1436 2496 1565 2575 τυφῶνα,
1578 2513 1602 2550 εο

287 2593 329 2673 τῷ
353 2589 385 2651 δὲ
407 2594 589 2676 νεφελομιγεῖ
608 2595 657 2656 τδν
680 2600 843 2680 πρηστῆρα.
951 2593 995 2677 τῳ
1017 2593 1051 2656 δέ
1072 2593 1254 2675 νεφελομιγεῖ
1273 2588 1322 2651 τδν
1344 2597 1507 2677 πρηστῆρα.

919 2707 935 2760 5
993 2693 1182 2779 Ἀρχέλαος
1216 2691 1305 2754 ταύτδ
1339 2691 1414 2775 λέγει
1451 2718 1567 2779 παρατι-

952 2797 1014 2866 θείς
1042 2798 1075 2858 τὸ
1102 2799 1160 2858 τῶν
1183 2793 1329 2878 διαπύρων
1351 2795 1442 2859 λίθων
1470 2799 1566 2861 καθιε-

952 2900 1046 2983 μένων
1069 2898 1110 2969 είς
1132 2899 1243 2982 ψυχρόν
1268 2897 1345 2980 ὕδωρ
1368 2898 1472 2968 πάθος.

919 3014 934 3064 6
995 3001 1198 3085 Ξενοφάνης
1245 2999 1393 3082 ἀστραπὰς
1436 3002 1565 3085 γίνεσθαι
1578 3022 1602 3061 νο

949 3102 1194 3188 λαμπρυνομένων
1216 3104 1274 3163 τῶν
1296 3107 1391 3187 νεφῶν
1416 3105 1491 3168 κατὰ
1513 3107 1564 3189 τῆν

949 3205 1069 3288 κίνησιν.

917 3317 932 3368 7
991 3303 1231 3390 Ἐμπεδοκλῆς
1251 3305 1398 3388 έμπτωσιν
1413 3311 1509 3392 φωτός
1525 3311 1565 3380 είς

948 3407 1034 3493 νέφος
1048 3407 1221 3493 ἐξείργοντος
1235 3411 1284 3472 τόν
1300 3410 1470 3474 ἀνθεστῶτα
1481 3414 1564 3498 ἀέρα,

948 3510 982 3574 ού
1004 3511 1057 3594 τὴν
1080 3511 1132 3592 μὲν
1159 3512 1255 3598 σβέσιν
1282 3513 1331 3575 καὶ
1357 3515 1409 3597 τῆν
1441 3517 1599 3600 θραῶσινω

949 3613 1055 3676 κτύπον
1078 3614 1304 3696 ἀπεργάζεσθαι,
1326 3617 1378 3699 τὴν
1401 3618 1433 3679 δὲ
1455 3619 1563 3702 λοίμφιν

949 3716 1109 3799 ἀστραπήν,
1132 3718 1268 3800 κεραυνόν
1284 3717 1316 3779 δὲ
1331 3718 1379 3780 τόν
1394 3723 1446 3802 τῆς
1462 3722 1563 3805 ἀστρα-

949 3822 1006 3902 πῆς
1026 3818 1118 3881 τόνον.

915 3944 931 3995 8
991 3920 1160 4003 Διογένης
1182 3919 1329 4004 ἔμπτωσιν
1352 3927 1440 4008 πυρὸς
1460 3928 1499 3997 εἰς
1522 3930 1563 3992 νέ-

948 4046 1001 4107 φος
1032 4025 1133 4108 ὑγρόν,
1167 4026 1287 4110 βροντὴν
1319 4027 1371 4107 μὲν
1399 4029 1440 4109 τῆ
1467 4033 1561 4116 σβέσει
1574 4054 1598 4090 aa

279 4289 289 4338 l
311 4287 344 4345 είς
363 4291 449 4340 οω.Β
475 4288 487 4357 Η
513 4289 528 4341 2
553 4291 581 4343 τό
605 4297 741 4362 πνεύμαΒ
764 4295 776 4364 β
803 4297 896 4365 ῦπρο-
987 4296 1097 4347 1ταύτα
1115 4300 1189 4347 τοῦτο
1208 4301 1246 4349 A:
1266 4316 1331 4351 corr.
1352 4304 1453 4353 Heeren

241 4374 367 4444 λαμβάνον
386 4378 407 4427 C
429 4373 442 4443 ΙΙ
465 4377 497 4429 14
516 4380 547 4429 de
565 4380 611 4443 §4
630 4384 660 4432 cf.
680 4385 751 4435 Prol.
771 4402 793 4449 p.
814 4383 861 4437 139
882 4384 894 4452 β
983 4382 1000 4434 ’ί
1019 4388 1111 4453 σεισμῷ
1131 4386 1169 4435 A:
1189 4402 1254 4435 corr.
1274 4389 1375 4438 Heeren

244 4462 272 4513 ll
297 4462 326 4513 τό
353 4473 412 4530 post
434 4463 468 4521 είς
491 4482 542 4517 om.
569 4468 589 4518 C
620 4465 633 4535 β
659 4470 692 4521 14
714 4469 896 4539 παρά-νεφόν-
987 4470 1019 4523 13
1037 4469 1066 4522 τό
1085 4473 1184 4523 addidit
1203 4475 1323 4524 Meineke

240 4546 297 4605 δους
326 4560 456 4614 tamquam
486 4569 518 4602 ex
549 4553 563 4616 §
588 4554 600 4605 l
630 4560 764 4620 repetitum
792 4561 897 4609 seclusit
984 4557 1018 4610 20
1036 4557 1100 4610 πολὺ
1118 4560 1297 4628 σωματωτέρω
1317 4564 1350 4612 C:
1370 4561 1581 4632 πολυσωμάτῳΙῑ

240 4637 310 4687 Beck
332 4636 344 4703 β
366 4635 481 4704 μελανίαν
500 4642 544 4690 τοῦ
562 4639 685 4708 χρώματα
703 4642 747 4706 [ex
761 4644 896 4713 χρώματος
983 4644 1017 4695 ’22
1036 4650 1110 4697 τοῦτο
1130 4649 1167 4696 A:
1187 4664 1251 4697 corr.
1272 4652 1372 4700 Heeren

240 4726 296 4775 ead.
315 4743 348 4776 m.
368 4725 445 4789 corn]
469 4730 513 4776 τοῦ
537 4726 624 4794 νέφους
648 4728 694 4797 τῆν
713 4729 840 4801 ἀστραπήν
859 4734 893 4783 B:
983 4731 1016 4783 31
1036 4731 1177 4801 έμπύριυσιν
1197 4738 1232 4784 A:
1253 4752 1318 4786 corr.
1339 4739 1434 4788 Cantor

239 4821 306 4862 τευιε
330 4811 399 4876 (A)C
427 4813 439 4877 β
471 4814 501 4866 18
524 4812 677 4882 νεφελομιγεῖ
693 4819 728 4868 Β;
752 4816 897 4885 νεφελοειδεῖ

240 4897 312 4949 GAC
332 4901 362 4949 cf.
382 4903 450 4951 Prol.
470 4918 493 4966 p.
506 4900 541 4954 35
