3464 5586
247 347 289 412 52
710 347 746 395 ιν
783 346 833 395 nn
854 347 955 396 annu
974 345 1141 397 ruscmrs

248 515 316 581 veri
333 513 560 580 similitudinis.
589 513 749 580 Reiskeus
765 513 791 578 si
807 513 969 578 minusad
985 532 1062 595 rem,
1085 512 1129 576 ad
1144 513 1268 579 litteras
1289 514 1396 598 aptius
1418 516 1605 589 ἀναπολυόσι,

247 618 305 684 sed
329 616 518 682 Platonicae
540 616 629 681 vocis
651 615 824 699 elegantia,
847 635 943 698 quam
967 613 1143 696 explicavit
1164 615 1434 700 wyttenbachius
1450 618 1498 682 ‘ad
1520 618 1604 683 Plut.

246 720 288 785 de
311 739 372 784 ser.
395 740 480 784 uum.
512 718 598 784 vind.
630 740 660 801 p.
677 720 729 802 60,
757 737 778 783 a
804 738 902 784 sensu
923 714 1084 781 abhorret.
1129 717 1343 801 Pythagoreis
1370 739 1498 802 quoquc
1525 719 1605 803 ipsis

246 822 424 904 ἀναπόλησις
453 820 513 885 fuit
543 820 720 885 cottidiana
749 819 836 885 vitae
858 827 953 884 actae
978 819 1214 883 commentatio.
1258 821 1317 885 sed
1338 839 1467 886 manum
1493 821 1535 887 de
1561 830 1608 886 ta-

245 922 330 987 bula.
376 922 456 987 nihil
480 923 566 989 enim
592 921 773 987 medicinae
801 920 948 1005 exputari
971 939 1067 1003 posse
1091 920 1232 1004 videtur,
1255 941 1319 1003 qua
1340 922 1456 990 litteris
1478 923 1605 989 traditis

247 1026 442 1091 consulatur.
478 1032 510 1091 et
532 1025 597 1090 alia
620 1023 697 1089 mihi
720 1024 827 1089 arrisit
849 1021 1032 1106 explicandi
1054 1021 1145 1087 ratio.
1181 1030 1291 1088 notum
1314 1031 1364 1089 est
1385 1025 1506 1091 ultimis
1527 1031 1604 1092 ante

247 1127 322 1193 Ohr.
346 1127 485 1193 sacculis
507 1126 654 1192 floruisse
669 1126 946 1211 Pythagoreorum
962 1122 1115 1188 librorum
1137 1124 1303 1210 fabricam,
1325 1127 1441 1209 quibus
1463 1147 1504 1193 ue
1527 1127 1603 1210 quid

244 1231 287 1296 ad
314 1228 515 1313 antiquitatis
543 1229 685 1312 speciem
713 1229 842 1294 deesset
872 1226 983 1292 dorica
1011 1226 1140 1308 loquela
1170 1226 1373 1295 induebatur.
1419 1227 1505 1312 quod
1528 1249 1605 1311 quo·

243 1332 331 1397 niam
357 1354 422 1397 nou
444 1331 514 1396 sine
536 1329 697 1395 erroribus
720 1336 752 1395 et
771 1329 939 1394 fraudibus
953 1327 1022 1392 fieri
1039 1328 1175 1413 solebat,
1198 1331 1344 1413 suspicor
1360 1331 1602 1416 Pythagoreum

244 1434 375 1499 linxisse
402 1433 608 1518 provulgari
636 1432 841 1504 ἀναποδίζουσι
863 1431 1049 1496 ἁναποόέοντι
1076 1430 1162 1513 quod
1188 1431 1301 1496 Attius
1327 1453 1459 1499 securus
1480 1432 1513 1496 in
1536 1433 1604 1497 vul·

244 1555 354 1618 garem
383 1555 564 1601 sermonem
592 1541 826 1617 transponeret.
850 1535 856 1567 ¹
900 1533 1049 1598 librarius
1075 1540 1183 1598 autem
1215 1534 1378 1600 Plutarchi
1401 1572 1443 1582 -
1466 1554 1541 1599 narn
1569 1535 1603 1599 in

244 1636 386 1703 Stobaeo
409 1637 471 1702 hcc
493 1639 585 1704 deest
600 1675 639 1684 -
656 1636 840 1720 prodigioso
864 1634 977 1718 opinor
999 1633 1098 1700 verbo
1121 1635 1302 1701 delectatus
1319 1643 1393 1720 post
1407 1643 1473 1702 tres
1487 1657 1601 1703 versus

243 1743 398 1804 ἀναποδῶν
415 1734 555 1804 absurde
568 1737 742 1803 inculcavit
752 1740 785 1800 τό
798 1739 830 1801 δὲ
842 1737 932 1801 οιίτιον
944 1737 975 1801 εἴ
986 1761 1027 1807 τις
1042 1739 1099 1800 dab
1115 1743 1167 1822 τῆς
1183 1742 1307 1821 μονάδος
1321 1744 1601 1816 ΑΝΑΠΟΔωΝ

243 1845 317 1906 κατὰ
332 1843 487 1926 πρόσθεσιν
509 1842 693 1925 τιίλείητοὺς
715 1840 858 1924 ἀριθμοὺς
882 1838 951 1924 ἄχρι
973 1845 1031 1901 τῶν
1053 1842 1199 1925 τεσσάρων
1223 1843 1373 1926 προελθὼν
1396 1845 1457 1904 κτλ.
1494 1841 1602 1907 sensui

242 1945 424 2011 satisfacit
451 1943 586 2008 Useneri
613 1944 781 2028 ἀναλαβών,
809 1941 867 2006 scd
898 1941 952 2006 uhi
984 1941 1067 2006 oculi
1094 1942 1248 2007 aliorsum
1271 1941 1461 2007 aberrarunt
1485 1942 1602 2008 erroris
1630 1967 1633 1973 ’

242 2047 377 2130 cogitari
399 2051 534 2130 possunt
555 2044 628 2110 viae
651 2046 783 2110 multae·
1542 2027 1549 2040 ’

327 2151 342 2214 Ι
368 2151 406 2214 12
426 2158 442 2209 5
466 2146 633 2232 Ἐπίκουρος
660 2148 692 2211 δὲ
719 2148 899 2231 ἀπεριληπτα
925 2147 996 2211 είνοιι
1024 2149 1064 2210 τὰ
1090 2151 1239 2230 σώματα
1265 2149 1323 2211 καὶ
1351 2149 1392 2211 τὰ
1418 2153 1538 2232 πρῶτοι
1561 2149 1602 2211 δὲ

242 2255 352 2319 ἁπλᾶ,
378 2253 414 2315 τὰ
446 2252 479 2313 δὲ
505 2249 534 2318 ἐξ
566 2251 683 2313 ἐκείνων
711 2251 888 2334 συγκρίματα
917 2252 1003 2335 βάρος
1026 2247 1114 2335 ἔχειν.
1160 2257 1366 2333 opponuntur
1387 2251 1548 2315 elementa
1570 2258 1604 2316 et

241 2376 346 2420 rerum
379 2352 600 2418 concretiones
627 2360 662 2418 ut
683 2354 699 2418 I
722 2354 762 2418 15
782 2363 806 2414 8.
851 2353 908 2416 sed
945 2372 1016 2416 cum
1050 2352 1219 2417 elementis
1254 2352 1445 2434 gravitatem
1480 2352 1601 2436 eximit,

243 2464 356 2540 peccat
380 2457 492 2520 Aenus
515 2462 628 2521 contra
642 2456 771 2539 Epicuri
795 2454 984 2521 doctrinam.
1010 2455 1105 2519 simul
1126 2456 1307 2539 ἀπεριληπτα
1329 2455 1373 2519 ad
1395 2458 1534 2540 σχήματα
1555 2475 1603 2520 re-

239 2559 375 2625 ferenda
397 2578 469 2624 esse
491 2558 587 2623 docet
602 2559 750 2625 Laertius
765 2560 796 2623 X
812 2560 863 2624 42.
896 2557 1022 2623 accedit
1044 2557 1154 2621 durior
1176 2557 1406 2622 vocabulorum
1429 2564 1599 2643 structura,

241 2670 275 2726 ut
302 2681 384 2726 sana
414 2660 514 2726 verba
540 2660 628 2724 nullo
658 2661 756 2725 modo
785 2682 857 2727 esse
879 2661 1014 2745 possint.
1049 2659 1184 2725 forsitan
1207 2660 1263 2725 alii
1286 2661 1398 2724 luxata
1419 2660 1601 2745 restituant,

242 2763 391 2847 equidem
418 2783 510 2848 spem
537 2761 673 2844 deposui
701 2762 892 2845 Attiumque
915 2761 1082 2846 Epicureis
1109 2762 1214 2827 minus
1240 2762 1396 2827 imbutum
1418 2760 1520 2828 verba
1540 2761 1602 2826 for-

242 2873 329 2933 tasse
353 2867 428 2932 olim
452 2871 603 2948 corrupta
626 2865 711 2930 male
732 2865 936 2930 coniunxisse
959 2865 1091 2930 credere
1114 2866 1236 2930 malo.²

324 2971 472 3035 112013
499 2966 697 3053 Ἐμπεδοκλῆς
724 2969 775 3032 δύο
800 2969 908 3053 ἡλίους.
945 2969 995 3030 τδν
1023 2970 1075 3050 μὲν
1101 2969 1265 3055 ἀρχέτυπον
1293 2974 1349 3053 πῦρ
1376 2969 1407 3031 ἐν
1433 2974 1476 3054 τῷ
1507 2968 1599 3053 ἑτέρῳ

239 3074 419 3157 ἡμισφαιρίῳ
442 3075 493 3134 τοῦ
516 3070 638 3152 κόσμου,
660 3072 890 3155 πεπληρωκὸς
913 3072 946 3132 τὸ
969 3072 1155 3155 ἡμισφαίριον
1175 3071 1322 3137 sitrecte
1337 3069 1439 3135 nostri
1461 3068 1598 3135 codices

159 3159 161 3163 ⁵
238 3176 295 3242 sed
320 3174 480 3241 Stobaeus
508 3172 588 3235 miro
616 3191 775 3236 consensu
803 3192 875 3236 curn
901 3171 1042 3237 Eusebio
1066 3174 1300 3259 πεπληρωκότα.
1345 3170 1431 3236 unde
1458 3171 1519 3236 erit
1544 3171 1599 3254 qui

238 3278 323 3343 Aetli
354 3276 520 3356 antiquum
551 3272 702 3338 mendum
729 3273 890 3339 odoretur.
936 3274 986 3339 cui
1019 3295 1079 3358 ego
1109 3275 1246 3341 libenter
1272 3273 1503 3357 adstipularer,
1536 3272 1598 3337 nisi

237 3387 303 3444 tam
325 3380 458 3460 vulgata
480 3381 566 3441 esset
591 3374 789 3459 syllabarum
816 3364 853 3447 σ’ς’
875 3384 907 3442 ct
934 3365 1008 3448 οτόξ
1024 3377 1057 3440 in
1083 3376 1175 3441 libris
1201 3376 1357 3443 confusio.
1390 3375 1515 3440 aceedit
1537 3375 1598 3440 hoc

237 3483 322 3563 loco,
346 3479 433 3562 quod
455 3478 625 3561 genetivus
647 3479 758 3560 κόσμου
783 3479 958 3560 praecedit.
1003 3500 1103 3561 quare
1126 3477 1296 3564 Byzantini
1319 3476 1452 3543 Eusebii
1474 3485 1507 3542 et
1528 3476 1600 3542 Sto·

237 3582 309 3648 basi
333 3581 454 3646 librarii
477 3581 509 3645 in
533 3582 628 3664 culpa
651 3599 723 3645 esse
746 3579 904 3645 videntur.
940 3581 1034 3645 Actio
1057 3588 1166 3646 autem
1187 3580 1249 3664 ipsi
1273 3580 1488 3664 tribuendum,
1511 3578 1597 3662 quod

236 3684 442 3768 Empedoclis
469 3685 510 3749 dc
538 3686 607 3748 sole
634 3681 814 3747 doctrinam
847 3690 971 3749 tantum
1004 3704 1068 3747 non
1096 3681 1231 3747 deliram
1258 3681 1435 3766 proposuit.
1480 3681 1598 3747 erroris

236 3808 366 3852 causam
389 3808 495 3868 neque
517 3806 648 3869 prorsus
671 3792 757 3850 recte
780 3787 946 3870 perspexit
968 3784 1160 3851 Karstenius
1183 3784 1275 3866 Emp.
1301 3805 1331 3867 p.
1348 3785 1469 3867 428sq.
1492 3804 1598 3867 neque

234 3890 337 3973 ipsius
359 3889 526 3954 doctrinae
542 3887 617 3970 quid
638 3887 786 3953 subesset
809 3890 887 3972 veri,
911 3889 1012 3972 probe
1035 3886 1210 3971 explicavit
1230 3886 1508 3971 Pythagorearum
1531 3887 1598 3970 opi·

235 3992 366 4056 niouum
391 3991 518 4056 oblitus.
553 4010 615 4071 quo
640 3991 742 4073 magis
768 3991 950 4056 mirandum
978 3997 1027 4056 est
1054 3989 1144 4052 illunr
1166 3988 1379 4053 coniectando
1402 3989 1598 4053 succurrisse

234 4097 292 4158 ἀπὸ
319 4099 508 4179 κυκλοτεροῦς
535 4098 594 4176 τῆς
622 4093 733 4177 αὐγῆς
759 4100 883 4159 mutato
911 4116 968 4178 pro
996 4099 1048 4177 τῆς
1070 4098 1138 4176 γῆς,
1165 4110 1249 4172 quae
1272 4092 1457 4158 coniectura
1484 4089 1597 4154 ultima

306 4331 312 4360 ¹
334 4340 435 4382 corrstat
453 4335 542 4384 eadem
562 4334 651 4383 fraude
664 4335 734 4384 Iadis
748 4338 889 4386 imitatores
907 4346 933 4386 ct
949 4345 1110 4401 corruptores
1124 4351 1179 4385 esse
1192 4342 1330 4396 grassatos.
1359 4335 1430 4384 velut
1445 4324 1596 4395 ‘scriptor

232 4436 348 4481 rerum,
376 4422 458 4483 inquit
475 4420 551 4484 ‚Stcin
569 4422 649 4483 prael.
669 4423 794 4474 Herodot.
818 4427 858 4475 οιΙ.
884 4429 943 4475 mai.
963 4442 987 4488 p.
1008 4437 1038 4483 u,
1063 4438 1153 4484 qurcm
1176 4422 1264 4471 ridet
1286 4424 1412 4470 Luciam.
1437 4420 1594 4482 quomodo

231 4507 344 4557 histor.
368 4524 487 4557 consor.
509 4505 547 4557 18.
578 4508 734 4560 llerodoti
754 4513 814 4561 illa
832 4509 864 4580 ἦν
885 4506 1032 4578 Κανδαύλης
1054 4507 1097 4559 τόν
1115 4508 1137 4559 el
1156 4503 1277 4576 Ἕλληνες
1301 4502 1427 4573 Μυρσίλον
1450 4501 1596 4572 ὀνομάζουσι

231 4595 333 4643 huncc
366 4597 395 4644 in
428 4594 547 4642 modum
581 4595 649 4644 dum
682 4599 833 4648 imitatur
862 4601 1016 4663 corrupit:
1049 4594 1080 4664 ην
1102 4593 1201 4664 Ὀσρόης
1223 4592 1265 4644 τδν
1295 4592 1318 4644 ολ
1340 4585 1459 4660 Ἕλληνες
1481 4587 1597 4662 Ὀξυρόην

230 4677 402 4747 ὀνυμέουσι.
421 4690 567 4745 corruptum
586 4698 641 4732 csse
660 4679 789 4748 όνυμέουσι
808 4700 840 4733 ex
860 4679 1017 4749 όνυμαίνουσι
1035 4680 1202 4750 [όνυμένυυσι]
1223 4684 1320 4732 mavult
1338 4684 1477 4733 Usenerus.

300 4765 349 4818 ’si
370 4771 447 4818 verba
468 4786 521 4820 uon
541 4771 573 4820 ad
594 4773 727 4820 veritatem
745 4772 790 4819 sed
809 4771 842 4819 ad
856 4771 947 4819 falsam
962 4772 1031 4819 horti
1045 4772 1075 4820 de
1089 4773 1182 4820 atomis
1201 4771 1349 4833 opinionem
1368 4773 1501 4820 restituere
1521 4773 1593 4831 velis,

228 4858 337 4905 tortasse
362 4858 423 4905 talia
445 4859 582 4920 placebunt
605 4854 760 4925 ἀπερίληπτα
784 4854 844 4907 elnon
867 4856 899 4907 τὰ
926 4856 1044 4925 σχήματα
1069 4857 1112 4906 καλ
1137 4856 1168 4906 τό
1193 4860 1280 4923 πρῶτα
1305 4854 1349 4920 μὲν
1372 4854 1455 4925 ἀβαρῆ
1475 4855 1531 4907 κτλ.
1560 4860 1592 4909 ct

229 4944 305 4991 Alex.
325 4944 358 4991 ad
377 4945 517 5009 metaphys.
538 4945 587 4996 14.
602 4943 700 4996 985bt
720 4963 744 5009 p.
759 4942 802 5007 27,
814 4955 839 4992 νο
857 4946 924 4995 Βοιι.
