3464 5586
267 329 329 393 178
533 330 598 379 xvi
634 328 683 378 DE
704 329 806 379 suun
824 328 1061 380 Pusciuouuu
1082 328 1354 381 couuoslslorsu

542 616 610 673 xul
645 615 694 672 ult
713 615 815 673 AE'l'H
832 615 1067 673 Pmclueuuu
1085 613 1351 673 sumsll'louu

353 826 447 906 Quod
469 845 569 910 supra
591 848 623 911 p.
640 826 681 890 74
692 845 760 908 sqq.
784 824 966 891 accuratius
992 824 1034 892 de
1060 825 1153 892 roris
1174 825 1304 892 Attiani
1332 824 1406 893 libri
1432 831 1550 892 natura
1576 845 1630 893 ex·

266 931 360 1017 posui
383 931 416 996 id
438 929 551 1015 paucis
573 949 660 994 nuno
682 928 790 1011 placet
812 935 970 1012 repetere.
1003 927 1105 1012 ipsius
1127 927 1293 1012 scriptoris
1314 934 1391 994 sunt
1413 928 1581 1014 prooemia
1595 935 1629 995 et

266 1035 293 1101 si
316 1053 401 1117 quae
419 1030 641 1117 praefiguntur
654 1028 859 1096 definitiones
881 1030 955 1113 [19.
973 1032 1022 1096 10.
1042 1034 1093 1097 11.
1110 1032 1159 1096 12.
1177 1033 1228 1097 14.
1247 1031 1311 1116 15],
1334 1037 1505 1117 praeterea
1520 1031 1628 1118 priora

267 1136 339 1202 libri
363 1134 457 1220 primi
480 1132 589 1217 capita
611 1133 685 1214 [11.
702 1133 736 1215 2]
759 1131 925 1217 scriptoris
948 1132 1120 1199 verborum
1142 1133 1344 1217 aliquantum
1370 1133 1546 1201 continent.
1578 1154 1629 1202 eo·

266 1240 315 1305 lor
337 1238 387 1304 his
408 1238 493 1302 inest
507 1235 626 1300 mixtus
648 1255 688 1301 ex
704 1233 922 1320 Peripatetico
944 1240 977 1300 et
992 1234 1102 1302 Stoica
1124 1235 1296 1322 disciplina
1316 1235 1337 1304 i.
1354 1257 1383 1304 1.
1405 1236 1627 1305 scholasticus.

266 1341 324 1408 sed
346 1341 428 1407 haec
448 1337 551 1423 ipsius
565 1336 651 1402 Astii
673 1338 733 1404 dos
755 1335 926 1404 mediocris
948 1343 981 1402 et
995 1355 1016 1402 s
1031 1338 1157 1422 reliqua
1179 1338 1367 1425 opinionum
1390 1340 1517 1426 sylloge
1531 1340 1628 1408 facile

265 1441 489 1511 discernenda.
533 1440 655 1525 duplex
676 1447 726 1505 est
748 1439 862 1506 herum
884 1446 916 1505 et
939 1439 1066 1524 species
1087 1445 1121 1506 et
1143 1439 1243 1525 origo.
1288 1442 1426 1509 alterum
1453 1462 1556 1526 genus
1578 1449 1628 1510 est

264 1545 409 1611 locorum
441 1563 481 1609 ex
509 1542 625 1608 Stoicis
654 1541 887 1627 Epicureisque
915 1540 1005 1607 libris
1035 1543 1079 1608 ad
1107 1542 1241 1609 verbum
1271 1551 1511 1630 excerptorum,
1541 1546 1628 1630 quod

266 1647 366 1715 variis
389 1653 499 1712 tamen
520 1643 633 1709 rivulis
655 1643 845 1710 accersitum
873 1644 1009 1712 videtur.
1053 1645 1143 1710 uelut
1164 1646 1219 1712 Ι6
1242 1654 1275 1713 11
1296 1649 1312 1712 Ι
1332 1647 1349 1712 l
1376 1656 1462 1710 1-10
1483 1646 1629 1714 1111111-

266 1752 361 1838 legio,
384 1750 433 1815 ΙΠ
448 1751 468 1814 5
486 1758 552 1810 1-9
568 1748 598 1813 6.
615 1746 657 1812 18
672 1767 713 1814 ex
729 1747 979 1832 meteorologioo
995 1747 1105 1814 libello
1121 1749 1272 1815 haustum
1287 1768 1360 1816 esse
1375 1749 1508 1817 oonieoi.
1535 1751 1627 1817 cuius

265 1855 394 1939 generis
416 1871 500 1936 quae
522 1855 609 1916 certo
632 1848 777 1932 dignosci
800 1856 937 1933 possunt
957 1857 1032 1916 sunt
1053 1849 1135 1916 hoec
1156 1850 1223 1916 14.
1245 1853 1275 1916 6.
1296 1852 1314 1916 ‘l
1340 1862 1425 1916 1-10
1446 1854 1532 1920 1115
1549 1865 1626 1920 1-9.

265 1960 295 2023 6.
313 1958 353 2023 18
375 1956 421 2022 IV
437 1958 486 2020 11.
511 1955 561 2019 12.
584 1953 635 2017 21.
674 1951 733 2018 sed
755 1951 887 2018 dubium
910 1957 960 2018 est
981 1971 1058 2017 num
1081 1951 1190 2018 omnia
1211 1953 1408 2020 secluserim.
1446 1974 1522 2022 nam
1545 1956 1629 2024 stoi-

266 2079 375 2126 corum
408 2057 486 2124 item
519 2053 699 2121 doctrinam
725 2053 912 2138 diligentius
938 2060 970 2120 et
997 2054 1140 2139 ipsomm
1170 2053 1280 2121 verbis
1312 2075 1499 2140 expressam
1534 2060 1627 2128 rides

265 2163 311 2229 IV
326 2165 369 2228 20
386 2170 413 2226 2.
450 2155 605 2241 singulari
628 2155 768 2240 quadam
791 2156 972 2223 eruditione
994 2156 1167 2240 splendent
1189 2156 1300 2242 capita
1320 2157 1362 2224 de
1374 2157 1452 2227 ‚feto
1474 2162 1556 2230 127.
1573 2164 1626 2249 28,

267 2264 440 2349 11121111
465 2263 495 2326 ἐν
518 2266 560 2345 τῷ
576 2259 648 2344 Περὶ
670 2258 796 2343 φύσεως,
818 2260 834 2323 Ι
852 2261 891 2324 27
912 2267 929 2321 5
952 2257 1123 2344 Χρύσιππος
1145 2260 1175 2322 ἐν
1197 2264 1240 2345 τῷ
1264 2261 1390 2347 δευτέρῳ
1410 2261 1482 2350 Περὶ
1504 2266 1628 2350 νιόορου,

265 2368 360 2453 ἐντῷ
385 2365 511 2450 δευτέρῳ
535 2362 605 2447 Περὶ
627 2363 714 2446 θριυν,
736 2362 766 2425 ἐν
788 2366 848 2431 τοῖς
870 2361 940 2447 Περὶ
962 2367 1015 2446 τῆς
1036 2362 1212 2447 εἱμαρμένης
1235 2361 1389 2450 citantur,
1417 2366 1504 2434 unde
1527 2367 1628 2434 stoici

266 2469 432 2536 cniusdam
454 2469 496 2534 de
518 2466 585 2531 fato
607 2464 752 2530 libellum
774 2464 808 2529 in
829 2464 984 2530 auxilium
1006 2469 1158 2530 vocatum
1180 2464 1331 2531 conicias.
1374 2467 1461 2550 quali
1483 2489 1561 2535 usus
1582 2470 1628 2537 vi·

264 2573 360 2638 detur
381 2569 603 2655 Diogenianus
624 2566 712 2651 apud
727 2565 902 2632 Eusebium
923 2566 1007 2632 ΧΙ8
1029 2563 1287 2650 [1111112111
1322 2567 1396 2634 hinc
1419 2576 1506 2638 uerte
1529 2570 1626 2640 facile

265 2674 463 2759 explicatur,
496 2671 582 2756 qnod
603 2669 619 2733 I
642 2669 717 2733 281
746 2667 909 2734 Heraclito
941 2687 981 2734 ea
1010 2666 1119 2752 opinio
1148 2667 1298 2735 tribuitur
1329 2691 1414 2754 quae
1445 2671 1627 2739 Stoicorum

264 2776 412 2843 fraudem
435 2781 549 2860 aperte
571 2790 670 2857 passa
691 2770 741 2835 sit.
758 2770 767 2801 ¹

350 2877 425 2943 Alia
450 2878 492 2943 de
519 2895 619 2942 cansa
647 2878 745 2957 caput
771 2871 813 2938 de
840 2870 1007 2957 principiis
1028 2872 1083 2938 13
1106 2871 1140 2937 in
1168 2873 1383 2959 suspicionem
1410 2875 1506 2945 eadit.
1549 2898 1628 2946 uam

265 3001 337 3047 cum
360 2980 423 3044 hoc
443 2977 570 3044 intersit
590 2975 675 3040 inter
688 2972 885 3058 biographos
907 2980 941 3040 11
955 2974 1185 3059 doxographos
1208 2984 1243 3042 ut
1257 2977 1306 3043 illi
1321 2976 1535 3046 successionis
1550 2999 1629 3064 qua·

265 3084 341 3148 dam
363 3088 480 3148 eatena
501 3077 691 3145 constrictos
713 3075 859 3158 singulos
879 3074 1093 3160 philosophos
1114 3095 1135 3142 a
1156 3096 1215 3142 sno
1239 3098 1397 3163 quemque
1417 3080 1565 3167 principe
1579 3102 1627 3150 re-

265 3190 393 3269 petant,
421 3183 454 3248 hi
477 3184 738 3266 argumentorum
761 3176 869 3261 potius
890 3177 1162 3245 necessitudinem
1185 3187 1347 3268 oportent,
1375 3181 1628 3269 biographomm

265 3285 505 3352 similitudinem
528 3302 626 3348 unum
647 3279 728 3344 illud
749 3277 946 3345 Plaoitorum
968 3289 1066 3364 caput
1093 3281 1246 3364 sequitur.
1291 3283 1338 3348 ita
1359 3285 1500 3365 §5145
1524 3285 1627 3352 Ionici

265 3394 482 3469 recensentur,
505 3404 640 3469 quorum
662 3400 780 3464 agmen
802 3381 963 3447 clauditur
985 3384 1004 3463 ξ
1021 3383 1039 3446 'l
1063 3382 1142 3447 οὔτοι
1157 3385 1210 3466 μὲν
1226 3382 1276 3448 οὖν
1292 3385 1395 3472 ἐφεξῆς
1411 3388 1551 3473 ἀλλήλους
1565 3392 1629 3459 ταῖς

265 3493 416 3576 διαδοχαῖς
438 3488 592 3572 γενόμενοι
606 3487 659 3570 τὴν
682 3482 809 3568 Ἰωνικὴν
836 3483 1012 3569 ἐκπληροῦσι
1039 3486 1222 3570 φιλοσοφίαν.
1266 3493 1334 3552 tum
1363 3488 1446 3555 alter
1473 3488 1551 3554 ordo
1580 3488 1630 3554 in·

264 3592 342 3677 cipit
362 3591 547 3657 Italicorum
569 3589 625 3669 §8
647 3590 732 3651 παλιν
754 3587 787 3650 δὲ
809 3587 868 3650 ἀπὸ
889 3585 980 3670 ἄλλης
1002 3589 1099 3673 ἀρχῆς
1121 3586 1297 3672 Πυθαγόρας
1318 3593 1398 3668 arb,
1426 3589 1504 3656 item
1526 3589 1583 3670 §9
1605 3591 1627 3675 ἡ

264 3697 297 3759 δὲ
318 3695 427 3759 τούτων
447 3695 555 3778 αἵρεσις
566 3691 689 3775 Ἰταλικὴ
704 3687 927 3774 προσηγορεύθη
949 3689 1052 3753 διὰτὸ
1076 3692 1124 3754 τδν
1147 3690 1321 3776 Πυθαγόραν
1344 3693 1374 3757 ἐν
1393 3691 1498 3776 Ἰταλίη
1520 3693 1627 3778 σχολά-

264 3818 323 3861 σαι.
350 3794 724 3880 111111111111διαδυχῶν
740 3790 972 3858 consuetudine
988 3789 1042 3874 [es.
1057 3812 1088 3874 p.
1104 3793 1178 3874 152]
1200 3792 1383 3860 Heraclitus
1398 3794 1628 3880 Hippasueque

263 3902 337 3979 §11
363 3896 579 3982 Pythagoreis
600 3895 700 3961 iuneti
722 3901 811 3977 sunt,
834 3913 915 3977 quos
932 3893 1068 3959 Eleatae
1090 3900 1123 3959 et
1146 3893 1342 3962 Democritei
1364 3915 1466 3979 usque
1487 3894 1530 3961 ad
1552 3894 1629 3980 upi-

263 4020 373 4066 eurum
396 3997 580 4084 philosophi
603 3997 777 4081 excipiunt.
810 4003 974 4081 postremo
996 3997 1067 4062 loco
1086 3995 1301 4081 Empedocles
1322 3998 1416 4065 Plato
1438 3996 1627 4064 Aristotelei

262 4103 350 4169 Zeno
377 4100 471 4167 acsi
504 4100 709 4167 Theodoreto
737 4098 818 4165 lidae
848 4097 1014 4180 Diogenes
1039 4098 1277 4185 Apolloniates,
1305 4100 1356 4166 cui
1385 4099 1563 4167 Diodorum
1586 4118 1629 4166 ex

263 4203 407 4269 Stobaeo
423 4201 585 4284 coniunxi,
607 4207 825 4268 recensentur.
859 4200 944 4265 Attii
968 4219 1079 4265 verum
1101 4199 1246 4266 ordinem
1262 4219 1304 4266 ex
1318 4202 1449 4268 testium
1464 4200 1628 4268 discordia

261 4326 327 4371 non
343 4325 471 4389 semper
486 4310 573 4371 certo
589 4304 706 4370 elicere
722 4302 822 4387 potui.
845 4300 949 4367 sedin
964 4300 1148 4369 universum
1161 4307 1272 4368 nostro
1285 4303 1332 4367 uti
1344 4324 1403 4387 pro
1416 4324 1495 4372 uero
1507 4302 1629 4389 licebit,

262 4408 414 4491 quoniam
436 4426 597 4490 congruus
619 4413 669 4473 est
686 4407 913 4491 plerorumque
927 4402 1179 4488 biographouum
1194 4405 1461 4472 successionibus.
1488 4405 1626 4472 similem

261 4516 349 4575 certe
372 4510 516 4577 ordinem
539 4509 684 4592 sequitur
707 4506 858 4574 Clemens
879 4505 1080 4571 inStrom.l
1102 4526 1132 4590 p.
1149 4507 1324 4592 essuos,
1347 4527 1441 4591 quem
1464 4506 1549 4574 infra
1572 4527 1626 4574 ex·

262 4657 663 4665 ——-..-0-—.--—.—-.-—.

333 4733 340 4763 ¹
356 4728 515 4801 Ἡράκλειτος
537 4731 621 4784 οὐσίαν
644 4728 792 4798 εἱμαρμένης
815 4725 906 4796 λόγον
929 4727 981 4780 τὸν
1000 4726 1047 4779 διὰ
1066 4729 1120 4794 ’τῆς
1138 4725 1245 4786 obodae
1262 4733 1316 4780 τοῦ
1335 4728 1448 4789 παντὸς
1466 4730 1626 4801 διήκοντα.

261 4817 323 4887 αὕτη
342 4816 369 4868 δέ
388 4817 439 4869 ἐστι
462 4818 491 4871 τὸ
510 4815 617 4889 αἰθέριον
636 4821 709 4885 σῶμα
733 4815 852 4884 σπέρμα
876 4819 921 4885 τῆς
945 4817 990 4866 τοῦ
1009 4812 1100 4871 παντὸς
1122 4814 1248 4881 γενέσεως.
1286 4817 1432 4868 Stoicorum
1456 4816 1626 4871 cornutorum

260 4909 360 4956 notavit
378 4907 487 4956 Krische
508 4908 612 4957 Forsoh.
632 4923 656 4969 p.
670 4903 729 4956 38¹2.
