3464 5586
190 306 252 370 170
560 308 626 358 xrv
662 307 712 358 nn
731 306 948 360 conuenere
967 306 1175 360 nusnnrnuo

188 477 221 540 δὲ
243 476 291 540 καί
313 477 448 560 ἀκίνητον
469 476 518 541 καλ
540 477 615 540 κατὰ
636 481 741 562 σχῆμα
759 497 841 561 σφαι-
935 475 1100 560 Theophr.
1120 475 1195 541 fad
1228 474 1482 562 Παρμενίδης.
1504 524 1512 541 .
1538 521 1546 538 .

189 581 296 664 ροειδές
318 581 458 666 ὑπάρχειν
480 579 659 661 έδογμάτιζε.
892 577 951 643 καί
971 579 1112 665 ἀλήθειαν
1128 579 1180 662 μέν
1194 577 1226 643 ἓν
1241 581 1275 644 τδ
1289 583 1347 644 πᾶν
1367 580 1417 644 καί
1430 579 1547 665 ἀγέννη

892 705 941 746 τον
963 682 1011 745 καί
1034 681 1214 767 σφαιροειδὲς
1236 683 1459 769 ὑπολαμβάνων.

224 785 308 861 ΔΧΙλί
323 785 399 850 199
431 786 480 848 τδν
503 785 555 866 μέν
577 784 628 849 οὑν
651 782 839 869 Μητρόδω-
933 783 1267 869 Theophr.fr.801tr.
1291 785 1340 849 καὶ
1356 783 1545 869 Μητρόδω-

188 913 244 973 ρον
266 886 448 972 Δημοκρίτου
470 885 581 972 ἔφασαν
597 887 762 970 ἀκηκοέναι.
791 889 839 973 ἀρ·
892 910 948 973 ρος
960 885 1060 957 ὑΧῖος
1072 887 1166 973 ἀρχὰς
1178 886 1318 972 σχεδόντι
1329 885 1477 958 τδςαότδς
1485 892 1545 957 τοῖς

187 993 244 1077 χὰς
261 992 294 1055 δὲ
316 991 526 1076 ἀποφήνασθαι
550 992 583 1054 τὸ
606 992 714 1075 πλῆρες
735 990 783 1054 καί
805 991 839 1053 τὸ
890 991 955 1076 περὶ
971 990 1150 1074 Δημόκριτον
1173 992 1251 1052 ποιεῖ
1271 990 1305 1052 rh
1324 992 1433 1075 πλήρος
1447 991 1496 1054 καὶ
1511 990 1545 1054 τδ

186 1095 278 1158 κενόν.
889 1095 971 1158 κενδν
993 1094 1045 1163 τὰς
1066 1095 1183 1177 πριὺτας
1204 1091 1297 1162 αἰτίας
1319 1091 1508 1175 ὑποθέμενος.

187 1194 284 1262 etiam
310 1194 366 1261 alii
388 1193 461 1260 aliis
483 1193 533 1260 usi
555 1201 631 1261 sunt
653 1193 837 1262 enchiridiis
864 1195 1038 1281 scriptores
1067 1192 1292 1279 ecelesiastici,
1318 1213 1453 1278 quorum
1484 1193 1546 1261 etsi

188 1297 276 1381 origo
300 1297 418 1364 crassis
440 1296 583 1363 tenebris
598 1297 759 1363 occultata
774 1304 824 1365 est
846 1296 921 1384 (nisi
936 1298 1022 1382 quod
1037 1294 1274 1381 Theophrastci
1295 1315 1362 1361 non
1376 1293 1457 1361 nihil
1473 1315 1547 1362 con·

186 1401 331 1485 spicuum
353 1401 424 1484 est),
446 1405 554 1466 tamen
576 1404 612 1464 ut
633 1399 855 1467 incredibilem
877 1400 992 1466 harum
1012 1398 1193 1465 litterarum
1208 1397 1389 1466 ubertatem
1407 1397 1544 1484 mireris,

186 1503 376 1570 brevissime
398 1503 460 1569 hoc
482 1502 553 1568 loco
575 1501 773 1568 mentionem
793 1500 902 1569 facere
923 1522 990 1568 non
1011 1500 1153 1567 alienum
1175 1506 1233 1566 est.

271 1627 310 1672 ac
333 1604 600 1671 Theodoretus
622 1603 751 1688 quidem
772 1603 873 1670 habet
894 1603 957 1670 hoc
979 1601 1188 1668 summarium
1210 1601 1324 1669 Graec.
1346 1605 1401 1670 aff.
1423 1624 1489 1670 cur.
1512 1604 1545 1670 11

185 1711 289 1774 9—11
314 1708 431 1792 Θαλῆς
453 1707 504 1790 μὲν
526 1707 581 1791 γὰρ
603 1709 662 1769 τῶν
684 1707 759 1771 ἑπτὰ
780 1707 965 1790 καλουμένων
989 1710 1088 1792 σοφῶν
1112 1707 1338 1792 όπρεσβότατος
1360 1708 1455 1794 ἀρχὴν
1475 1709 1545 1772 πάν-

185 1835 243 1875 των
267 1812 301 1875 τὸ
325 1812 404 1896 ὑδωρ
427 1809 568 1895 ὑπέλαβεν
585 1805 722 1894 Ὁμήρῳ
744 1831 777 1892 γε
799 1808 878 1893 οἶμαι
900 1809 1027 1895 εἰρηκότι
1049 1808 1204 1878 πιστεύσας

386 1910 520 1976 Ὠκεανόν
542 1934 573 1974 τε
595 1910 674 1975 δεὺν
695 1912 803 1994 γένεσιν
826 1912 874 1976 καὶ
898 1913 1009 1997 μητέρα
1031 1909 1132 1996 letto

270 2015 536 2097 Ἀναξίμανδρος
558 2013 591 2076 δὲ
613 2016 713 2077 τοῦτον
736 2012 936 2097 διαδεξάμενος
958 2014 1054 2100 ἀρχὴν
1076 2011 1134 2100 ἔφη
1155 2015 1189 2077 τδ
1211 2011 1329 2099 ἄπειρον
1353 2096 1358 2105 ¹

266 2117 491 2201 Ἀναξιμένης
520 2115 553 2179 δὲ
581 2118 597 2180 6
623 2114 726 2180 τοὺτου
753 2117 890 2203 διάδοχος
917 2116 966 2181 καὶ
994 2115 1158 2200 Διογένης
1185 2119 1201 2180 6
1227 2112 1469 2202 Ἀπολλωνιάτης
1494 2118 1544 2181 τδν

184 2223 256 2306 ἀέρα
278 2220 438 2306 ξυμφώνως
459 2220 554 2306 ἀρχήν
577 2221 846 2303 προσηγορευσάτην

263 2320 424 2394 Ἵππασος
446 2323 479 2386 δὲ
501 2325 517 2386 6
540 2320 754 2392 Μεταποντῖνος
775 2321 823 2385 καὶ
841 2320 1064 2407 Ἡράκλειτος
1087 2324 1103 2385 6
1122 2319 1253 2406 Ἐφέσιος
1274 2328 1317 2408 τῷ
1340 2323 1408 2407 πυρὶ
1425 2324 1479 2408 τὴν
1495 2324 1543 2408 ἀρ

184 2427 241 2511 χὴν
264 2430 322 2489 τῶν
344 2428 459 2490 πάντων
481 2424 674 2508 ἀπενειμάτην

271 2531 287 2593 ό
309 2530 342 2592 δὲ
364 2525 584 2614 Ἀκραγαντῖνος
606 2524 840 2611 Ἐμπεδοκλῆς
861 2528 898 2591 τὰ
920 2530 1050 2612 στοιχεῖα
1072 2524 1129 2612 ἔφη
1151 2527 1188 2589 τὰ
1209 2525 1331 2611 τέτταρα

269 2631 473 2717 Ξενοφάνης
495 2631 528 2694 δὲ
551 2633 567 2695 ό
589 2629 777 2715 Κολοφώνιος
799 2631 832 2693 τὸ
854 2633 911 2692 πᾶν
933 2628 1024 2693 ἀίδιον
1047 2628 1081 2692 ἐκ
1103 2630 1136 2692 δὲ
1157 2633 1210 2714 τῆς
1231 2634 1284 2714 γῆς
1304 2631 1341 2694 τὰ
1363 2631 1456 2695 πάντα

270 2733 317 2796 καὶ
341 2733 561 2818 Παρμενίδης
583 2734 616 2797 δὲ
638 2736 654 2797 6
676 2733 778 2797 τοὺτου
800 2733 913 2817 ἑταῖρος
932 2728 1099 2815 όἘλεάτης
1121 2731 1261 2800 ὡσαύτως
1282 2730 1364 2816 τόνδε
1385 2733 1434 2795 τδν
1456 2732 1541 2816 λόγον

184 2835 330 2919 ἐκράτυνε,
352 2837 455 2922 ψευδὲς
476 2836 509 2899 δὲ
531 2836 663 2922 ἀπέφηνε
684 2839 743 2899 τῶν
765 2834 932 2919 αἰσθήσεων
954 2836 987 2898 τδ
1010 2836 1153 2919 κριτήριον
1178 2835 1284 2919 ήκιστα
1306 2832 1397 2917 λέγων
1419 2835 1541 2920 ἐφικνεῖ-

183 2939 252 3003 σὺαι
274 2944 358 3003 τοῦτο
380 2944 433 3023 τῆς
454 2939 594 3023 ἀληθείας

269 3042 486 3125 Δημόκριτος
509 3042 541 3104 δὲ
563 3044 578 3105 6
601 3038 776 3126 Ἀβδηρίτης
797 3038 913 3125 άπειρον
936 3040 969 3103 τδ
991 3042 1048 3102 πᾶν
1070 3037 1169 3124 εἴρηκε
1189 3039 1238 3103 καὶ
1261 3036 1398 3123 ἀγένητον

267 3141 470 3226 Ἐπίκουρος
492 3143 525 3205 δὲ
547 3145 563 3206 6
587 3141 750 3212 Νεοκλέους
773 3145 788 3206 6
811 3139 970 3226 Ἀθηναῖος
992 3141 1025 3205 ἐκ
1039 3145 1097 3204 τῶν
1113 3143 1231 3226 ἀτόμων
1246 3141 1276 3211 ἐξ
1291 3142 1387 3227 ἀρχῆς
1401 3146 1540 3228 συστήναι

182 3247 214 3308 τὸ
238 3249 304 3322 πᾶν,
326 3243 398 3308 εἶναι
422 3244 517 3326 μέντοι
539 3243 666 3330 ἄναρχον
689 3245 736 3308 καὶ
759 3244 849 3309 ἀίδιον

268 3348 317 3409 καί
339 3345 580 3431 Μητρόδωρος
602 3348 635 3411 δὲ
658 3349 674 3412 6
691 3345 765 3417 Χῖος
787 3349 835 3411 καὶ
850 3347 952 3434 Ζήνων
969 3353 985 3414 6
1001 3346 1137 3432 Ἐλεάτης
1160 3349 1208 3412 καί
1230 3344 1398 3431 Διογένης
1416 3351 1433 3414 6
1448 3346 1541 3433 Σμυρ

181 3453 258 3519 ναῖος
281 3450 435 3535 διαφόρους
458 3451 551 3536 ἀρχὰς
574 3456 631 3514 τῶν
655 3451 731 3515 όλων
754 3450 904 3515 ὑπέθεντο.

266 3571 332 3616 non
353 3553 445 3617 nulla
467 3551 639 3619 videantur
653 3550 800 3618 Attianis
822 3559 961 3637 cognata
981 3553 1072 3619 velut
1093 3560 1224 3637 practer
1237 3551 1386 3635 vulgaria
1400 3551 1539 3637 Hippasi

184 3673 255 3717 oum
277 3653 442 3720 Heraclito
464 3655 742 3741 Xenophanisque
765 3656 896 3741 placite,
919 3674 1003 3738 quae
1026 3675 1066 3720 ex
1088 3656 1153 3721 alic
1175 3653 1371 3721 Theodoreti
1393 3654 1464 3720 loco
1488 3652 1540 3742 [ci.

182 3754 225 3819 ad
246 3755 318 3821 Aet.
341 3757 356 3821 I
380 3759 400 3822 5
420 3765 436 3819 5
459 3763 492 3823 et
512 3758 529 3822 I
551 3761 570 3825 3
596 3757 639 3846 ιν]
661 3758 820 3845 supplevi.
861 3758 919 3825 sed
941 3758 1144 3825 Parmenidis
1165 3761 1256 3825 locus
1278 3756 1332 3841 qui
1354 3755 1446 3822 initio
1469 3778 1542 3823 oon·

182 3857 293 3943 sentit,
321 3859 354 3924 in
380 3859 512 3944 reliquis
538 3862 571 3927 in
596 3863 695 3947 plane
722 3861 789 3926 alia
815 3860 954 3926 excurrit
981 3867 1079 3945 atque
1101 3860 1247 3928 Thaletis
1275 3859 1383 3944 opinio
1407 3859 1539 3925 Homeri

183 3960 286 4026 altero
308 3960 365 4026 illc
388 3983 483 4029 versu
507 3964 560 4047 [cs.
581 3983 679 4048 supra
694 3986 726 4049 p.
739 3965 794 4046 95]
816 3962 1031 4048 confirmatur,
1053 3969 1088 4028 ut
1109 3962 1291 4030 Aristotelis
1316 3961 1542 4046 metaphysica

181 4063 223 4145 [A
239 4066 258 4128 3
274 4086 305 4149 p.
317 4065 399 4129 983b
413 4066 549 4150 20sqq.]
567 4066 574 4098 ¹
598 4065 708 4132 neseio
732 4087 794 4149 quo
816 4066 1037 4133 intercedente
1060 4083 1215 4150 expressa
1231 4085 1304 4132 csse
1318 4071 1441 4150 pateat.
1464 4084 1541 4130 nam

181 4166 224 4230 ibi
240 4167 403 4234 Homerici
418 4167 505 4234 illius
520 4188 633 4234 versus
648 4168 804 4233 memoria
823 4174 856 4234 ct
870 4167 1089 4234 Anaximenes
1110 4189 1182 4233 cum
1197 4169 1354 4252 Diogene,
1377 4167 1543 4251 Hippasus

181 4288 252 4333 cum
272 4269 436 4335 Heraclito
459 4270 618 4336 coniuncti
643 4269 858 4335 inveniuntur.
893 4268 1098 4353 Empedoclis
1120 4291 1247 4355 quoque
1270 4271 1416 4337 similiter
1432 4269 1541 4353 opinio

179 4370 345 4454 stringitur
366 4392 397 4455 p.
413 4373 494 4438 984·
509 4373 540 4437 8.
573 4379 682 4438 cetera
704 4373 745 4439 de
767 4370 1010 4438 Anaximandro
1032 4372 1238 4457 Xenophane
1260 4372 1454 4438 Parmenide
1478 4373 1542 4439 De

179 4472 312 4538 mocrito
339 4473 479 4559 Epicuro
505 4473 690 4540 Metrodoro
714 4473 794 4539 Chio
817 4476 948 4541 Zenone
976 4475 1091 4542 Eleate
1118 4476 1265 4559 Diogene
1292 4474 1475 4562 Smymacc
1497 4474 1541 4542 ab

178 4572 353 4642 Aristotele
380 4576 556 4644 abhorrent
589 4585 622 4641 et
649 4575 801 4642 videntur
834 4597 875 4643 ex
907 4576 983 4643 exili
1017 4578 1158 4660 quodam
1188 4577 1426 4644 successionum
1455 4598 1541 4645 com·

180 4676 299 4759 pendio
322 4677 440 4745 hausta
462 4678 627 4764 ipsiusque
649 4678 702 4745 vel
724 4678 872 4745 doctrina
894 4681 946 4747 vel
969 4679 1162 4748 ariolatione
1184 4682 1315 4768 expleta
1337 4700 1420 4747 esse.
1457 4677 1541 4747 utei

250 4903 256 4933 ¹
277 4905 391 4959 indidem
410 4907 495 4959 hausit
512 4905 660 4959 Chalcidiue
678 4910 706 4959 in
724 4909 792 4959 Tim.
811 4925 835 4973 ρ.
849 4905 901 4960 378
919 4909 1016 4962 hiesus.
