<?xml version="1.0" encoding="UTF-8"?>
<!DOCTYPE html PUBLIC "-//W3C//DTD XHTML 1.0 Transitional//EN"
    "http://www.w3.org/TR/xhtml1/DTD/xhtml1-transitional.dtd">
<html xmlns="http://www.w3.org/1999/xhtml" xml:lang="en" lang="en">
 <head>
  <title>
</title>
<meta http-equiv="Content-Type" content="text/html;charset=utf-8" />
  <meta name='ocr-system' content='tesseract 3.04.00' />
  <meta name='ocr-capabilities' content='ocr_page ocr_carea ocr_par ocr_line ocrx_word'/>
</head>
<body>
  <div class='ocr_page' id='page_1' title='image "./doxographigraec00dielgoog/doxographigraec00dielgoog_0542.png"; bbox 0 0 3442 5588; ppageno 0'>
   <div class='ocr_carea' id='block_1_1' title="bbox 519 299 1530 364">
    <p class='ocr_par' dir='ltr' id='par_1_1' title="bbox 519 299 1530 364">
     <span class='ocr_line' id='line_1_1' title="bbox 519 299 1530 364; baseline 0.003 -10"><span class='ocrx_word' id='word_1_1' title='bbox 519 302 774 355; x_wconf 73' lang='lat' dir='ltr'><strong>FRAGMENTUM</strong></span> <span class='ocrx_word' id='word_1_2' title='bbox 795 304 844 354; x_wconf 73' lang='lat' dir='ltr'><strong>Did</strong></span> <span class='ocrx_word' id='word_1_3' title='bbox 864 300 1185 364; x_wconf 69' lang='lat' dir='ltr'>SENS13U8544-50</span> <span class='ocrx_word' id='word_1_4' title='bbox 1467 299 1530 364; x_wconf 83' lang='lat'><strong>513</strong></span> 
     </span>
    </p>
   </div>
   <div class='ocr_carea' id='block_1_2' title="bbox 181 468 1536 3439">
    <p class='ocr_par' dir='ltr' id='par_1_2' title="bbox 190 468 1532 1376">
     <span class='ocr_line' id='line_1_2' title="bbox 219 468 1532 559; baseline -0.003 -22"><span class='ocrx_word' id='word_1_5' title='bbox 219 477 383 559; x_wconf 81' lang='grc' dir='ltr'><strong>φρονοῦσιν.</strong></span> <span class='ocrx_word' id='word_1_6' title='bbox 535 468 642 556; x_wconf 83' lang='grc' dir='ltr'><strong>εὔηθες</strong></span> <span class='ocrx_word' id='word_1_7' title='bbox 673 471 776 535; x_wconf 83' lang='grc' dir='ltr'><strong>δὲκαὶ</strong></span> <span class='ocrx_word' id='word_1_8' title='bbox 805 471 839 533; x_wconf 90' lang='grc' dir='ltr'><strong>τδ</strong></span> <span class='ocrx_word' id='word_1_9' title='bbox 868 470 935 539; x_wconf 85' lang='grc' dir='ltr'><strong>τούς</strong></span> <span class='ocrx_word' id='word_1_10' title='bbox 961 470 1134 556; x_wconf 79' lang='grc' dir='ltr'><strong>ἀνθρώπους</strong></span> <span class='ocrx_word' id='word_1_11' title='bbox 1156 471 1300 557; x_wconf 79' lang='grc' dir='ltr'><strong>διαφέρειν</strong></span> <span class='ocrx_word' id='word_1_12' title='bbox 1322 471 1367 558; x_wconf 75' lang='grc' dir='ltr'><strong>τῷ</strong></span> <span class='ocrx_word' id='word_1_13' title='bbox 1388 469 1478 534; x_wconf 88' lang='grc' dir='ltr'><strong>καθα·</strong></span> <span class='ocrx_word' id='word_1_14' title='bbox 1496 478 1532 532; x_wconf 83' lang='grc'><strong>48</strong></span> 
     </span>
     <span class='ocr_line' id='line_1_3' title="bbox 218 571 1479 660; baseline -0.005 -21"><span class='ocrx_word' id='word_1_15' title='bbox 218 577 343 660; x_wconf 83' lang='grc' dir='ltr'><strong>ριὺτερον</strong></span> <span class='ocrx_word' id='word_1_16' title='bbox 366 575 511 651; x_wconf 81' lang='grc' dir='ltr'><strong>ἀναπνεῖν,</strong></span> <span class='ocrx_word' id='word_1_17' title='bbox 533 573 598 637; x_wconf 89' lang='grc' dir='ltr'><strong>ἀλλ’</strong></span> <span class='ocrx_word' id='word_1_18' title='bbox 626 574 661 637; x_wconf 88' lang='grc' dir='ltr'><strong>οὑ</strong></span> <span class='ocrx_word' id='word_1_19' title='bbox 683 574 735 657; x_wconf 77' lang='grc' dir='ltr'><strong>τὴν</strong></span> <span class='ocrx_word' id='word_1_20' title='bbox 750 572 846 658; x_wconf 90' lang='grc' dir='ltr'><strong>φύσιν,</strong></span> <span class='ocrx_word' id='word_1_21' title='bbox 868 571 1001 658; x_wconf 89' lang='grc' dir='ltr'><strong>καθάπερ</strong></span> <span class='ocrx_word' id='word_1_22' title='bbox 1016 574 1116 638; x_wconf 81' lang='grc' dir='ltr'><strong>καὶτὰ</strong></span> <span class='ocrx_word' id='word_1_23' title='bbox 1131 571 1253 659; x_wconf 80' lang='grc' dir='ltr'><strong>ἔμψυχα</strong></span> <span class='ocrx_word' id='word_1_24' title='bbox 1270 578 1329 637; x_wconf 82' lang='grc' dir='ltr'><strong>τῶν</strong></span> <span class='ocrx_word' id='word_1_25' title='bbox 1345 573 1479 658; x_wconf 81' lang='grc' dir='ltr'><strong>ἀψύχων.</strong></span> 
     </span>
     <span class='ocr_line' id='line_1_4' title="bbox 220 673 1479 762; baseline -0.001 -21"><span class='ocrx_word' id='word_1_26' title='bbox 220 678 312 762; x_wconf 79' lang='grc' dir='ltr'><strong>ἐχρῆν</strong></span> <span class='ocrx_word' id='word_1_27' title='bbox 339 678 393 762; x_wconf 84' lang='grc' dir='ltr'><strong>γὰρ</strong></span> <span class='ocrx_word' id='word_1_28' title='bbox 422 676 511 746; x_wconf 79' lang='grc' dir='ltr'><strong>εὐθὺς</strong></span> <span class='ocrx_word' id='word_1_29' title='bbox 539 675 754 758; x_wconf 75' lang='grc' dir='ltr'><strong>μεταλλάξαντα</strong></span> <span class='ocrx_word' id='word_1_30' title='bbox 778 673 867 737; x_wconf 92' lang='grc' dir='ltr'><strong>τόπον</strong></span> <span class='ocrx_word' id='word_1_31' title='bbox 895 675 1038 760; x_wconf 81' lang='grc' dir='ltr'><strong>διαφέρειν</strong></span> <span class='ocrx_word' id='word_1_32' title='bbox 1060 681 1103 762; x_wconf 79' lang='grc' dir='ltr'><strong>τῷ</strong></span> <span class='ocrx_word' id='word_1_33' title='bbox 1130 681 1244 762; x_wconf 79' lang='grc' dir='ltr'><strong>φρονεῖν</strong></span> <span class='ocrx_word' id='word_1_34' title='bbox 1273 677 1321 740; x_wconf 84' lang='grc' dir='ltr'><strong>καλ</strong></span> <span class='ocrx_word' id='word_1_35' title='bbox 1348 681 1406 740; x_wconf 85' lang='grc' dir='ltr'><strong>τῶν</strong></span> <span class='ocrx_word' id='word_1_36' title='bbox 1433 677 1479 740; x_wconf 89' lang='grc' dir='ltr'><strong>ἀν-</strong></span> 
     </span>
     <span class='ocr_line' id='line_1_5' title="bbox 220 776 1480 864; baseline -0.002 -21"><span class='ocrx_word' id='word_1_37' title='bbox 220 780 348 864; x_wconf 82' lang='grc' dir='ltr'><strong>θρώπων</strong></span> <span class='ocrx_word' id='word_1_38' title='bbox 376 780 409 842; x_wconf 87' lang='grc' dir='ltr'><strong>δὲ</strong></span> <span class='ocrx_word' id='word_1_39' title='bbox 435 779 503 848; x_wconf 86' lang='grc' dir='ltr'><strong>τυὺς</strong></span> <span class='ocrx_word' id='word_1_40' title='bbox 529 777 559 841; x_wconf 83' lang='grc' dir='ltr'><strong>ἐν</strong></span> <span class='ocrx_word' id='word_1_41' title='bbox 584 782 645 847; x_wconf 82' lang='grc' dir='ltr'><strong>τοῖς</strong></span> <span class='ocrx_word' id='word_1_42' title='bbox 672 778 793 863; x_wconf 79' lang='grc' dir='ltr'><strong>ὑψηλοῖς</strong></span> <span class='ocrx_word' id='word_1_43' title='bbox 823 776 1067 864; x_wconf 79' lang='grc' dir='ltr'><strong>ἐμφρονεστέρους</strong></span> <span class='ocrx_word' id='word_1_44' title='bbox 1095 777 1185 858; x_wconf 82' lang='grc' dir='ltr'><strong>εῖναι,</strong></span> <span class='ocrx_word' id='word_1_45' title='bbox 1217 784 1276 842; x_wconf 85' lang='grc' dir='ltr'><strong>τῶν</strong></span> <span class='ocrx_word' id='word_1_46' title='bbox 1305 780 1419 842; x_wconf 91' lang='grc' dir='ltr'><strong>πάντων</strong></span> <span class='ocrx_word' id='word_1_47' title='bbox 1448 779 1480 842; x_wconf 87' lang='grc' dir='ltr'><strong>δὲ</strong></span> 
     </span>
     <span class='ocr_line' id='line_1_6' title="bbox 190 880 1481 967; baseline -0.002 -19"><span class='ocrx_word' id='word_1_48' title='bbox 190 884 346 965; x_wconf 81' lang='grc' dir='ltr'><strong>ομαλιστα</strong></span> <span class='ocrx_word' id='word_1_49' title='bbox 366 882 433 952; x_wconf 88' lang='grc' dir='ltr'><strong>τοὺς</strong></span> <span class='ocrx_word' id='word_1_50' title='bbox 456 880 585 967; x_wconf 84' lang='grc' dir='ltr'><strong>ὄρνιθας·</strong></span> <span class='ocrx_word' id='word_1_51' title='bbox 609 880 643 943; x_wconf 85' lang='grc' dir='ltr'><strong>ού</strong></span> <span class='ocrx_word' id='word_1_52' title='bbox 665 880 719 964; x_wconf 81' lang='grc' dir='ltr'><strong>γὰρ</strong></span> <span class='ocrx_word' id='word_1_53' title='bbox 740 883 877 944; x_wconf 90' lang='grc' dir='ltr'><strong>τοσοῦτον</strong></span> <span class='ocrx_word' id='word_1_54' title='bbox 900 881 919 963; x_wconf 78' lang='grc' dir='ltr'>ἡ</span> <span class='ocrx_word' id='word_1_55' title='bbox 942 882 1122 965; x_wconf 67' lang='grc' dir='ltr'><strong>τῆσσαρκὸς</strong></span> <span class='ocrx_word' id='word_1_56' title='bbox 1145 882 1274 967; x_wconf 81' lang='grc' dir='ltr'><strong>διαφέρει</strong></span> <span class='ocrx_word' id='word_1_57' title='bbox 1295 881 1392 967; x_wconf 90' lang='grc' dir='ltr'><strong>φύσις,</strong></span> <span class='ocrx_word' id='word_1_58' title='bbox 1414 881 1481 946; x_wconf 81' lang='grc' dir='ltr'><strong>ὅσον</strong></span> 
     </span>
     <span class='ocr_line' id='line_1_7' title="bbox 220 980 1480 1070; baseline -0.002 -22"><span class='ocrx_word' id='word_1_59' title='bbox 220 987 241 1070; x_wconf 76' lang='grc' dir='ltr'>ἡ</span> <span class='ocrx_word' id='word_1_60' title='bbox 268 990 321 1049; x_wconf 88' lang='grc' dir='ltr'><strong>τοῦ</strong></span> <span class='ocrx_word' id='word_1_61' title='bbox 348 984 433 1069; x_wconf 86' lang='grc' dir='ltr'><strong>ἀέρος</strong></span> <span class='ocrx_word' id='word_1_62' title='bbox 462 981 650 1067; x_wconf 90' lang='grc' dir='ltr'><strong>καθαριότης.</strong></span> <span class='ocrx_word' id='word_1_63' title='bbox 693 980 736 1045; x_wconf 83' lang='grc' dir='ltr'><strong>ἔτι</strong></span> <span class='ocrx_word' id='word_1_64' title='bbox 764 984 797 1046; x_wconf 84' lang='grc' dir='ltr'><strong>δὲ</strong></span> <span class='ocrx_word' id='word_1_65' title='bbox 823 983 860 1047; x_wconf 81' lang='grc' dir='ltr'><strong>τὰ</strong></span> <span class='ocrx_word' id='word_1_66' title='bbox 886 983 962 1067; x_wconf 82' lang='grc' dir='ltr'><strong>φυτὰ</strong></span> <span class='ocrx_word' id='word_1_67' title='bbox 990 983 1031 1066; x_wconf 81' lang='grc' dir='ltr'><strong>μὴ</strong></span> <span class='ocrx_word' id='word_1_68' title='bbox 1059 988 1173 1069; x_wconf 76' lang='grc' dir='ltr'><strong>φρονεῖν</strong></span> <span class='ocrx_word' id='word_1_69' title='bbox 1203 984 1309 1049; x_wconf 82' lang='grc' dir='ltr'><strong>διὰτὸ</strong></span> <span class='ocrx_word' id='word_1_70' title='bbox 1336 984 1378 1067; x_wconf 82' lang='grc' dir='ltr'><strong>μὴ</strong></span> <span class='ocrx_word' id='word_1_71' title='bbox 1400 982 1480 1068; x_wconf 83' lang='grc' dir='ltr'><strong>ἔχειν</strong></span> 
     </span>
     <span class='ocr_line' id='line_1_8' title="bbox 223 1083 1481 1172; baseline -0.003 -19"><span class='ocrx_word' id='word_1_72' title='bbox 223 1088 317 1153; x_wconf 88' lang='grc' dir='ltr'><strong>κενόν.</strong></span> <span class='ocrx_word' id='word_1_73' title='bbox 339 1087 383 1157; x_wconf 84' lang='grc' dir='ltr'><strong>οἷς</strong></span> <span class='ocrx_word' id='word_1_74' title='bbox 405 1084 431 1149; x_wconf 89' lang='grc' dir='ltr'><strong>δ’</strong></span> <span class='ocrx_word' id='word_1_75' title='bbox 458 1085 625 1170; x_wconf 79' lang='grc' dir='ltr'><strong>ἐνυπάρχει,</strong></span> <span class='ocrx_word' id='word_1_76' title='bbox 647 1089 739 1151; x_wconf 89' lang='grc' dir='ltr'><strong>ταῦτα</strong></span> <span class='ocrx_word' id='word_1_77' title='bbox 753 1086 847 1150; x_wconf 86' lang='grc' dir='ltr'><strong>πάντα</strong></span> <span class='ocrx_word' id='word_1_78' title='bbox 861 1089 986 1171; x_wconf 76' lang='grc' dir='ltr'><strong>φρονεῖν.</strong></span> <span class='ocrx_word' id='word_1_79' title='bbox 1029 1085 1196 1170; x_wconf 75' lang='grc' dir='ltr'><strong>Διογένης</strong></span> <span class='ocrx_word' id='word_1_80' title='bbox 1219 1087 1271 1168; x_wconf 83' lang='grc' dir='ltr'><strong>μὲν</strong></span> <span class='ocrx_word' id='word_1_81' title='bbox 1293 1083 1359 1165; x_wconf 88' lang='grc' dir='ltr'><strong>οῦν,</strong></span> <span class='ocrx_word' id='word_1_82' title='bbox 1383 1087 1481 1172; x_wconf 81' lang='grc' dir='ltr'><strong>ὥσπερ</strong></span> 
     </span>
     <span class='ocr_line' id='line_1_9' title="bbox 222 1187 1484 1275; baseline -0.001 -22"><span class='ocrx_word' id='word_1_83' title='bbox 222 1191 352 1274; x_wconf 80' lang='grc' dir='ltr'><strong>εἴπομεν,</strong></span> <span class='ocrx_word' id='word_1_84' title='bbox 374 1190 489 1252; x_wconf 82' lang='grc' dir='ltr'><strong>ἅπαντα</strong></span> <span class='ocrx_word' id='word_1_85' title='bbox 510 1189 750 1273; x_wconf 78' lang='grc' dir='ltr'><strong>προθυμούμενος</strong></span> <span class='ocrx_word' id='word_1_86' title='bbox 771 1189 886 1273; x_wconf 88' lang='grc' dir='ltr'><strong>ἀνάγειν</strong></span> <span class='ocrx_word' id='word_1_87' title='bbox 912 1187 953 1257; x_wconf 79' lang='grc' dir='ltr'><strong>εἰς</strong></span> <span class='ocrx_word' id='word_1_88' title='bbox 980 1187 1033 1271; x_wconf 81' lang='grc' dir='ltr'><strong>τὴν</strong></span> <span class='ocrx_word' id='word_1_89' title='bbox 1060 1189 1156 1273; x_wconf 81' lang='grc' dir='ltr'><strong>ἀρχὴν</strong></span> <span class='ocrx_word' id='word_1_90' title='bbox 1182 1187 1277 1253; x_wconf 76' lang='grc' dir='ltr'><strong>πολλὰ</strong></span> <span class='ocrx_word' id='word_1_91' title='bbox 1298 1190 1484 1275; x_wconf 77' lang='grc' dir='ltr'><strong>διαμαρτάνει</strong></span> 
     </span>
     <span class='ocr_line' id='line_1_10' title="bbox 220 1291 440 1376; baseline -0.018 -20"><span class='ocrx_word' id='word_1_92' title='bbox 220 1298 278 1357; x_wconf 81' lang='grc' dir='ltr'><strong>τῶν</strong></span> <span class='ocrx_word' id='word_1_93' title='bbox 301 1291 440 1376; x_wconf 81' lang='grc' dir='ltr'><strong>εὐλόγων.</strong></span> 
     </span>
    </p>

    <p class='ocr_par' dir='ltr' id='par_1_3' title="bbox 184 1392 1533 1890">
     <span class='ocr_line' id='line_1_11' title="bbox 184 1392 1533 1480; baseline -0.003 -22"><span class='ocrx_word' id='word_1_94' title='bbox 184 1423 209 1462; x_wconf 86' lang='grc' dir='ltr'><strong>ιο</strong></span> <span class='ocrx_word' id='word_1_95' title='bbox 323 1394 539 1478; x_wconf 87' lang='grc' dir='ltr'><strong>Δημόκριτος</strong></span> <span class='ocrx_word' id='word_1_96' title='bbox 562 1392 595 1456; x_wconf 82' lang='grc' dir='ltr'><strong>δὲ</strong></span> <span class='ocrx_word' id='word_1_97' title='bbox 616 1393 682 1477; x_wconf 78' lang='grc' dir='ltr'><strong>περὶ</strong></span> <span class='ocrx_word' id='word_1_98' title='bbox 699 1394 750 1476; x_wconf 81' lang='grc' dir='ltr'><strong>μὲν</strong></span> <span class='ocrx_word' id='word_1_99' title='bbox 765 1393 934 1480; x_wconf 79' lang='grc' dir='ltr'><strong>αἰσθήσεως</strong></span> <span class='ocrx_word' id='word_1_100' title='bbox 948 1393 983 1458; x_wconf 85' lang='grc' dir='ltr'><strong>ού</strong></span> <span class='ocrx_word' id='word_1_101' title='bbox 999 1392 1127 1479; x_wconf 76' lang='grc' dir='ltr'><strong>διορίζει,</strong></span> <span class='ocrx_word' id='word_1_102' title='bbox 1148 1393 1257 1480; x_wconf 86' lang='grc' dir='ltr'><strong>πότερα</strong></span> <span class='ocrx_word' id='word_1_103' title='bbox 1270 1397 1330 1465; x_wconf 92' lang='grc' dir='ltr'><strong>τοῖς</strong></span> <span class='ocrx_word' id='word_1_104' title='bbox 1345 1392 1481 1463; x_wconf 79' lang='grc' dir='ltr'><strong>ἐναντίοις</strong></span> <span class='ocrx_word' id='word_1_105' title='bbox 1498 1401 1533 1454; x_wconf 84' lang='grc'><strong>49</strong></span> 
     </span>
     <span class='ocr_line' id='line_1_12' title="bbox 223 1494 1483 1583; baseline -0.002 -23"><span class='ocrx_word' id='word_1_106' title='bbox 223 1499 325 1583; x_wconf 85' lang='grc' dir='ltr'><strong>ἢτοῖς</strong></span> <span class='ocrx_word' id='word_1_107' title='bbox 349 1496 458 1579; x_wconf 84' lang='grc' dir='ltr'><strong>ὑμοῖοις</strong></span> <span class='ocrx_word' id='word_1_108' title='bbox 480 1495 566 1560; x_wconf 82' lang='grc' dir='ltr'><strong>ἐστίν.</strong></span> <span class='ocrx_word' id='word_1_109' title='bbox 610 1494 636 1559; x_wconf 80' lang='grc' dir='ltr'><strong>εἰ</strong></span> <span class='ocrx_word' id='word_1_110' title='bbox 659 1496 711 1578; x_wconf 84' lang='grc' dir='ltr'><strong>μὲν</strong></span> <span class='ocrx_word' id='word_1_111' title='bbox 733 1497 787 1581; x_wconf 81' lang='grc' dir='ltr'><strong>γὰρ</strong></span> <span class='ocrx_word' id='word_1_112' title='bbox 813 1495 884 1583; x_wconf 82' lang='grc' dir='ltr'><strong>&lt;τῷ&gt;</strong></span> <span class='ocrx_word' id='word_1_113' title='bbox 910 1496 1100 1561; x_wconf 79' lang='grc' dir='ltr'><strong>ἀλλοιοῦσθαι</strong></span> <span class='ocrx_word' id='word_1_114' title='bbox 1126 1500 1204 1560; x_wconf 89' lang='grc' dir='ltr'><strong>ποιεῖ</strong></span> <span class='ocrx_word' id='word_1_115' title='bbox 1224 1497 1257 1559; x_wconf 87' lang='grc' dir='ltr'><strong>τδ</strong></span> <span class='ocrx_word' id='word_1_116' title='bbox 1280 1496 1483 1575; x_wconf 79' lang='grc' dir='ltr'><strong>αἰσθάνεσθαι,</strong></span> 
     </span>
     <span class='ocr_line' id='line_1_13' title="bbox 221 1598 1480 1684; baseline -0.002 -20"><span class='ocrx_word' id='word_1_117' title='bbox 221 1600 328 1671; x_wconf 69' lang='grc' dir='ltr'><strong>δόξειεν</strong></span> <span class='ocrx_word' id='word_1_118' title='bbox 350 1599 385 1664; x_wconf 86' lang='grc' dir='ltr'><strong>ἀν</strong></span> <span class='ocrx_word' id='word_1_119' title='bbox 407 1603 467 1669; x_wconf 88' lang='grc' dir='ltr'><strong>τοῖς</strong></span> <span class='ocrx_word' id='word_1_120' title='bbox 494 1599 655 1684; x_wconf 87' lang='grc' dir='ltr'><strong>διαφόροις·</strong></span> <span class='ocrx_word' id='word_1_121' title='bbox 686 1598 720 1662; x_wconf 86' lang='grc' dir='ltr'><strong>ού</strong></span> <span class='ocrx_word' id='word_1_122' title='bbox 747 1600 801 1684; x_wconf 81' lang='grc' dir='ltr'><strong>γὰρ</strong></span> <span class='ocrx_word' id='word_1_123' title='bbox 828 1601 994 1664; x_wconf 91' lang='grc' dir='ltr'><strong>ἀλλοιοῦται</strong></span> <span class='ocrx_word' id='word_1_124' title='bbox 1019 1599 1053 1661; x_wconf 88' lang='grc' dir='ltr'><strong>τδ</strong></span> <span class='ocrx_word' id='word_1_125' title='bbox 1077 1599 1176 1682; x_wconf 89' lang='grc' dir='ltr'><strong>όμοιον</strong></span> <span class='ocrx_word' id='word_1_126' title='bbox 1204 1600 1260 1664; x_wconf 83' lang='grc' dir='ltr'><strong>ὑπὸ</strong></span> <span class='ocrx_word' id='word_1_127' title='bbox 1286 1603 1338 1663; x_wconf 92' lang='grc' dir='ltr'><strong>τοῦ</strong></span> <span class='ocrx_word' id='word_1_128' title='bbox 1365 1599 1480 1683; x_wconf 82' lang='grc' dir='ltr'><strong>ὑμοῖου·</strong></span> 
     </span>
     <span class='ocr_line' id='line_1_14' title="bbox 222 1699 1481 1787; baseline -0.002 -21"><span class='ocrx_word' id='word_1_129' title='bbox 222 1705 308 1767; x_wconf 79' lang='grc' dir='ltr'><strong>πολιν</strong></span> <span class='ocrx_word' id='word_1_130' title='bbox 336 1701 362 1767; x_wconf 83' lang='grc' dir='ltr'><strong>δ’</strong></span> <span class='ocrx_word' id='word_1_131' title='bbox 390 1700 442 1786; x_wconf 76' lang='grc' dir='ltr'><strong>(εἰ)</strong></span> <span class='ocrx_word' id='word_1_132' title='bbox 467 1701 501 1764; x_wconf 87' lang='grc' dir='ltr'><strong>τδ</strong></span> <span class='ocrx_word' id='word_1_133' title='bbox 529 1701 580 1784; x_wconf 81' lang='grc' dir='ltr'><strong>μὲν</strong></span> <span class='ocrx_word' id='word_1_134' title='bbox 609 1700 802 1765; x_wconf 78' lang='grc' dir='ltr'><strong>αἰσθάνεσθαι</strong></span> <span class='ocrx_word' id='word_1_135' title='bbox 827 1703 875 1765; x_wconf 82' lang='grc' dir='ltr'><strong>καῖ</strong></span> <span class='ocrx_word' id='word_1_136' title='bbox 904 1703 1006 1772; x_wconf 88' lang='grc' dir='ltr'><strong>άπλῶς</strong></span> <span class='ocrx_word' id='word_1_137' title='bbox 1033 1701 1223 1767; x_wconf 77' lang='grc' dir='ltr'><strong>ἀλλοιοῦσθαι</strong></span> <span class='ocrx_word' id='word_1_138' title='bbox 1251 1699 1321 1787; x_wconf 79' lang='grc' dir='ltr'><strong>(τῷ)</strong></span> <span class='ocrx_word' id='word_1_139' title='bbox 1347 1702 1481 1786; x_wconf 83' lang='grc' dir='ltr'><strong>πάσχειν,</strong></span> 
     </span>
     <span class='ocr_line' id='line_1_15' title="bbox 212 1801 1485 1890; baseline -0.004 -20"><span class='ocrx_word' id='word_1_140' title='bbox 212 1806 361 1887; x_wconf 56' lang='grc' dir='ltr'><strong>,ἀδύνατον</strong></span> <span class='ocrx_word' id='word_1_141' title='bbox 383 1805 426 1883; x_wconf 86' lang='grc' dir='ltr'><strong>δέ,</strong></span> <span class='ocrx_word' id='word_1_142' title='bbox 448 1803 536 1890; x_wconf 86' lang='grc' dir='ltr'><strong>φησί,</strong></span> <span class='ocrx_word' id='word_1_143' title='bbox 563 1803 600 1867; x_wconf 82' lang='grc' dir='ltr'><strong>τὰ</strong></span> <span class='ocrx_word' id='word_1_144' title='bbox 623 1803 664 1888; x_wconf 80' lang='grc' dir='ltr'><strong>μὴ</strong></span> <span class='ocrx_word' id='word_1_145' title='bbox 687 1803 779 1869; x_wconf 82' lang='grc' dir='ltr'><strong>ταῦτὰ</strong></span> <span class='ocrx_word' id='word_1_146' title='bbox 800 1806 938 1890; x_wconf 86' lang='grc' dir='ltr'><strong>πάσχειν,</strong></span> <span class='ocrx_word' id='word_1_147' title='bbox 961 1805 1037 1869; x_wconf 82' lang='grc' dir='ltr'><strong>ἀλλὰ</strong></span> <span class='ocrx_word' id='word_1_148' title='bbox 1058 1802 1111 1868; x_wconf 87' lang='grc' dir='ltr'><strong>κάν</strong></span> <span class='ocrx_word' id='word_1_149' title='bbox 1134 1803 1219 1890; x_wconf 76' lang='grc' dir='ltr'><strong>ἔτερα</strong></span> <span class='ocrx_word' id='word_1_150' title='bbox 1241 1801 1311 1868; x_wconf 91' lang='grc' dir='ltr'><strong>όντα</strong></span> <span class='ocrx_word' id='word_1_151' title='bbox 1331 1807 1404 1886; x_wconf 80' lang='grc' dir='ltr'><strong>ποιῇ</strong></span> <span class='ocrx_word' id='word_1_152' title='bbox 1427 1801 1485 1887; x_wconf 86' lang='grc' dir='ltr'><strong>οὑχ</strong></span> 
     </span>
    </p>

    <p class='ocr_par' dir='ltr' id='par_1_4' title="bbox 181 1903 1535 2403">
     <span class='ocr_line' id='line_1_16' title="bbox 181 1903 1485 1994; baseline -0.003 -22"><span class='ocrx_word' id='word_1_153' title='bbox 181 1937 206 1976; x_wconf 79' lang='grc' dir='ltr'><strong>ιο</strong></span> <span class='ocrx_word' id='word_1_154' title='bbox 222 1908 272 1994; x_wconf 85' lang='grc'><strong>&lt;’&gt;</strong></span> <span class='ocrx_word' id='word_1_155' title='bbox 295 1909 380 1994; x_wconf 78' lang='grc' dir='ltr'><strong>ἔτερα</strong></span> <span class='ocrx_word' id='word_1_156' title='bbox 401 1904 465 1971; x_wconf 81' lang='grc' dir='ltr'><strong>ἀλλ’</strong></span> <span class='ocrx_word' id='word_1_157' title='bbox 493 1904 642 1990; x_wconf 77' lang='grc' dir='ltr'><strong>ᾖταὺτόν</strong></span> <span class='ocrx_word' id='word_1_158' title='bbox 664 1930 690 1969; x_wconf 93' lang='grc' dir='ltr'><strong>τι</strong></span> <span class='ocrx_word' id='word_1_159' title='bbox 713 1907 853 1992; x_wconf 88' lang='grc' dir='ltr'><strong>ὑπάρχει,</strong></span> <span class='ocrx_word' id='word_1_160' title='bbox 883 1912 943 1976; x_wconf 87' lang='grc' dir='ltr'><strong>τοῖς</strong></span> <span class='ocrx_word' id='word_1_161' title='bbox 966 1907 1087 1988; x_wconf 88' lang='grc' dir='ltr'><strong>ὑμοίοις.</strong></span> <span class='ocrx_word' id='word_1_162' title='bbox 1131 1907 1175 1970; x_wconf 89' lang='grc' dir='ltr'><strong>διδ</strong></span> <span class='ocrx_word' id='word_1_163' title='bbox 1201 1906 1266 1991; x_wconf 87' lang='grc' dir='ltr'><strong>περὶ</strong></span> <span class='ocrx_word' id='word_1_164' title='bbox 1295 1905 1348 1989; x_wconf 78' lang='grc' dir='ltr'><strong>μὲν</strong></span> <span class='ocrx_word' id='word_1_165' title='bbox 1375 1903 1485 1968; x_wconf 90' lang='grc' dir='ltr'><strong>τούτων</strong></span> 
     </span>
     <span class='ocr_line' id='line_1_17' title="bbox 221 2006 1485 2096; baseline -0.004 -20"><span class='ocrx_word' id='word_1_166' title='bbox 221 2010 395 2096; x_wconf 84' lang='grc' dir='ltr'><strong>ἀμφοτέρως</strong></span> <span class='ocrx_word' id='word_1_167' title='bbox 417 2007 494 2074; x_wconf 87' lang='grc' dir='ltr'><strong>ἔστιν</strong></span> <span class='ocrx_word' id='word_1_168' title='bbox 517 2009 682 2093; x_wconf 89' lang='grc' dir='ltr'><strong>ὑπολαβεῖν.</strong></span> <span class='ocrx_word' id='word_1_169' title='bbox 720 2010 784 2093; x_wconf 80' lang='grc' dir='ltr'><strong>περὶ</strong></span> <span class='ocrx_word' id='word_1_170' title='bbox 807 2011 931 2093; x_wconf 84' lang='grc' dir='ltr'><strong>ἑκάστης</strong></span> <span class='ocrx_word' id='word_1_171' title='bbox 953 2006 980 2073; x_wconf 85' lang='grc' dir='ltr'><strong>δ’</strong></span> <span class='ocrx_word' id='word_1_172' title='bbox 1008 2007 1067 2093; x_wconf 82' lang='grc' dir='ltr'><strong>ἤδη</strong></span> <span class='ocrx_word' id='word_1_173' title='bbox 1088 2008 1186 2073; x_wconf 85' lang='grc' dir='ltr'><strong>αὑτῶν</strong></span> <span class='ocrx_word' id='word_1_174' title='bbox 1209 2008 1239 2072; x_wconf 83' lang='grc' dir='ltr'><strong>ἐν</strong></span> <span class='ocrx_word' id='word_1_175' title='bbox 1255 2007 1337 2094; x_wconf 78' lang='grc' dir='ltr'><strong>μέρει</strong></span> <span class='ocrx_word' id='word_1_176' title='bbox 1351 2011 1485 2093; x_wconf 82' lang='grc' dir='ltr'><strong>πειρᾶται</strong></span> 
     </span>
     <span class='ocr_line' id='line_1_18' title="bbox 221 2109 1535 2198; baseline -0.005 -20"><span class='ocrx_word' id='word_1_177' title='bbox 221 2114 323 2197; x_wconf 87' lang='grc' dir='ltr'><strong>λέγειν.</strong></span> <span class='ocrx_word' id='word_1_178' title='bbox 477 2114 546 2197; x_wconf 85' lang='grc' dir='ltr'><strong>ὁρᾶν</strong></span> <span class='ocrx_word' id='word_1_179' title='bbox 569 2111 622 2195; x_wconf 77' lang='grc' dir='ltr'><strong>μὲν</strong></span> <span class='ocrx_word' id='word_1_180' title='bbox 644 2109 695 2175; x_wconf 87' lang='grc' dir='ltr'><strong>οὑν</strong></span> <span class='ocrx_word' id='word_1_181' title='bbox 718 2117 796 2176; x_wconf 89' lang='grc' dir='ltr'><strong>ποιεῖ</strong></span> <span class='ocrx_word' id='word_1_182' title='bbox 815 2118 853 2196; x_wconf 77' lang='grc' dir='ltr'><strong>τῇ</strong></span> <span class='ocrx_word' id='word_1_183' title='bbox 876 2112 1015 2198; x_wconf 84' lang='grc' dir='ltr'><strong>ἑμφάσει·</strong></span> <span class='ocrx_word' id='word_1_184' title='bbox 1037 2112 1144 2198; x_wconf 89' lang='grc' dir='ltr'><strong>ταύτην</strong></span> <span class='ocrx_word' id='word_1_185' title='bbox 1167 2113 1200 2177; x_wconf 81' lang='grc' dir='ltr'><strong>δὲ</strong></span> <span class='ocrx_word' id='word_1_186' title='bbox 1222 2112 1301 2182; x_wconf 78' lang='grc' dir='ltr'><strong>ἰδίως</strong></span> <span class='ocrx_word' id='word_1_187' title='bbox 1316 2109 1406 2195; x_wconf 88' lang='grc' dir='ltr'><strong>λέγει·</strong></span> <span class='ocrx_word' id='word_1_188' title='bbox 1430 2111 1482 2194; x_wconf 83' lang='grc' dir='ltr'><strong>τὴν</strong></span> <span class='ocrx_word' id='word_1_189' title='bbox 1500 2119 1535 2175; x_wconf 77' lang='lat' dir='ltr'><strong>to</strong></span> 
     </span>
     <span class='ocr_line' id='line_1_19' title="bbox 223 2213 1481 2302; baseline -0.002 -21"><span class='ocrx_word' id='word_1_190' title='bbox 223 2218 277 2302; x_wconf 77' lang='grc' dir='ltr'><strong>γὰρ</strong></span> <span class='ocrx_word' id='word_1_191' title='bbox 299 2214 425 2302; x_wconf 84' lang='grc' dir='ltr'><strong>ἔμφασιν</strong></span> <span class='ocrx_word' id='word_1_192' title='bbox 447 2213 501 2278; x_wconf 84' lang='grc' dir='ltr'><strong>οὑκ</strong></span> <span class='ocrx_word' id='word_1_193' title='bbox 523 2213 612 2284; x_wconf 80' lang='grc' dir='ltr'><strong>εὐθὺς</strong></span> <span class='ocrx_word' id='word_1_194' title='bbox 633 2215 664 2278; x_wconf 80' lang='grc' dir='ltr'><strong>ἐν</strong></span> <span class='ocrx_word' id='word_1_195' title='bbox 685 2220 723 2297; x_wconf 79' lang='grc' dir='ltr'><strong>τῇ</strong></span> <span class='ocrx_word' id='word_1_196' title='bbox 748 2214 823 2300; x_wconf 84' lang='grc' dir='ltr'><strong>κόρη</strong></span> <span class='ocrx_word' id='word_1_197' title='bbox 845 2216 990 2299; x_wconf 83' lang='grc' dir='ltr'><strong>γίνεσθαι,</strong></span> <span class='ocrx_word' id='word_1_198' title='bbox 1018 2215 1094 2279; x_wconf 85' lang='grc' dir='ltr'><strong>ἀλλά</strong></span> <span class='ocrx_word' id='word_1_199' title='bbox 1121 2216 1168 2280; x_wconf 86' lang='grc' dir='ltr'><strong>τὸν</strong></span> <span class='ocrx_word' id='word_1_200' title='bbox 1196 2214 1269 2300; x_wconf 87' lang='grc' dir='ltr'><strong>ἀέρα</strong></span> <span class='ocrx_word' id='word_1_201' title='bbox 1295 2214 1345 2276; x_wconf 83' lang='grc' dir='ltr'><strong>τὸν</strong></span> <span class='ocrx_word' id='word_1_202' title='bbox 1376 2213 1481 2295; x_wconf 75' lang='grc' dir='ltr'><strong>μεταξύ</strong></span> 
     </span>
     <span class='ocr_line' id='line_1_20' title="bbox 221 2315 1486 2403; baseline 0 -23"><span class='ocrx_word' id='word_1_203' title='bbox 221 2324 274 2403; x_wconf 76' lang='grc' dir='ltr'><strong>τῆς</strong></span> <span class='ocrx_word' id='word_1_204' title='bbox 296 2316 392 2403; x_wconf 81' lang='grc' dir='ltr'><strong>ὅψεως</strong></span> <span class='ocrx_word' id='word_1_205' title='bbox 414 2319 463 2381; x_wconf 82' lang='grc' dir='ltr'><strong>καῖ</strong></span> <span class='ocrx_word' id='word_1_206' title='bbox 485 2321 536 2381; x_wconf 92' lang='grc' dir='ltr'><strong>τοῦ</strong></span> <span class='ocrx_word' id='word_1_207' title='bbox 560 2317 709 2402; x_wconf 85' lang='grc' dir='ltr'><strong>δρωμένου</strong></span> <span class='ocrx_word' id='word_1_208' title='bbox 731 2317 894 2383; x_wconf 87' lang='grc' dir='ltr'><strong>τυποῦσθαι</strong></span> <span class='ocrx_word' id='word_1_209' title='bbox 916 2317 1141 2401; x_wconf 85' lang='grc' dir='ltr'><strong>συστελλόμενον</strong></span> <span class='ocrx_word' id='word_1_210' title='bbox 1170 2318 1227 2381; x_wconf 89' lang='grc' dir='ltr'><strong>ὑπδ</strong></span> <span class='ocrx_word' id='word_1_211' title='bbox 1253 2319 1306 2380; x_wconf 89' lang='grc' dir='ltr'><strong>τοῦ</strong></span> <span class='ocrx_word' id='word_1_212' title='bbox 1335 2315 1486 2400; x_wconf 78' lang='grc' dir='ltr'><strong>δρωμένου</strong></span> 
     </span>
    </p>

    <p class='ocr_par' dir='ltr' id='par_1_5' title="bbox 182 2417 1486 2916">
     <span class='ocr_line' id='line_1_21' title="bbox 182 2417 1485 2506; baseline -0.002 -21"><span class='ocrx_word' id='word_1_213' title='bbox 182 2448 208 2488; x_wconf 81' lang='grc' dir='ltr'><strong>το</strong></span> <span class='ocrx_word' id='word_1_214' title='bbox 225 2421 274 2485; x_wconf 87' lang='grc' dir='ltr'><strong>καὶ</strong></span> <span class='ocrx_word' id='word_1_215' title='bbox 295 2425 347 2484; x_wconf 92' lang='grc' dir='ltr'><strong>τοῦ</strong></span> <span class='ocrx_word' id='word_1_216' title='bbox 371 2422 510 2506; x_wconf 84' lang='grc' dir='ltr'><strong>δρῶντος·</strong></span> <span class='ocrx_word' id='word_1_217' title='bbox 541 2420 667 2490; x_wconf 88' lang='grc' dir='ltr'><strong>ἀπαντυς</strong></span> <span class='ocrx_word' id='word_1_218' title='bbox 687 2421 742 2505; x_wconf 91' lang='grc' dir='ltr'><strong>γάρ</strong></span> <span class='ocrx_word' id='word_1_219' title='bbox 765 2421 811 2485; x_wconf 84' lang='grc' dir='ltr'><strong>ἀεὶ</strong></span> <span class='ocrx_word' id='word_1_220' title='bbox 833 2419 965 2504; x_wconf 82' lang='grc' dir='ltr'><strong>γίνεσθαί</strong></span> <span class='ocrx_word' id='word_1_221' title='bbox 985 2443 1048 2484; x_wconf 89' lang='grc' dir='ltr'><strong>τινα</strong></span> <span class='ocrx_word' id='word_1_222' title='bbox 1070 2422 1230 2506; x_wconf 79' lang='grc' dir='ltr'><strong>ἀπορροήν·</strong></span> <span class='ocrx_word' id='word_1_223' title='bbox 1262 2417 1363 2483; x_wconf 83' lang='grc' dir='ltr'><strong>ἔπειτα</strong></span> <span class='ocrx_word' id='word_1_224' title='bbox 1383 2424 1485 2483; x_wconf 91' lang='grc' dir='ltr'><strong>τοῦτον</strong></span> 
     </span>
     <span class='ocr_line' id='line_1_22' title="bbox 227 2520 1486 2609; baseline -0.002 -20"><span class='ocrx_word' id='word_1_225' title='bbox 227 2524 342 2609; x_wconf 83' lang='grc' dir='ltr'><strong>στερεὸν</strong></span> <span class='ocrx_word' id='word_1_226' title='bbox 366 2521 436 2588; x_wconf 83' lang='grc' dir='ltr'><strong>ὅντα</strong></span> <span class='ocrx_word' id='word_1_227' title='bbox 457 2525 506 2588; x_wconf 83' lang='grc' dir='ltr'><strong>καὶ</strong></span> <span class='ocrx_word' id='word_1_228' title='bbox 529 2523 682 2608; x_wconf 91' lang='grc' dir='ltr'><strong>ἀλλόχρων</strong></span> <span class='ocrx_word' id='word_1_229' title='bbox 705 2522 899 2608; x_wconf 83' lang='grc' dir='ltr'><strong>ἐμφαίνεσθαι</strong></span> <span class='ocrx_word' id='word_1_230' title='bbox 920 2526 980 2592; x_wconf 90' lang='grc' dir='ltr'><strong>τοῖς</strong></span> <span class='ocrx_word' id='word_1_231' title='bbox 1002 2520 1128 2606; x_wconf 83' lang='grc' dir='ltr'><strong>ὄμμασιν</strong></span> <span class='ocrx_word' id='word_1_232' title='bbox 1151 2523 1264 2607; x_wconf 77' lang='grc' dir='ltr'><strong>ὑγροῖς.</strong></span> <span class='ocrx_word' id='word_1_233' title='bbox 1296 2522 1346 2584; x_wconf 85' lang='grc' dir='ltr'><strong>καὶ</strong></span> <span class='ocrx_word' id='word_1_234' title='bbox 1372 2522 1406 2585; x_wconf 86' lang='grc' dir='ltr'><strong>τδ</strong></span> <span class='ocrx_word' id='word_1_235' title='bbox 1434 2522 1486 2605; x_wconf 82' lang='grc' dir='ltr'><strong>μὲν</strong></span> 
     </span>
     <span class='ocr_line' id='line_1_23' title="bbox 226 2623 1485 2712; baseline -0.003 -20"><span class='ocrx_word' id='word_1_236' title='bbox 226 2628 333 2692; x_wconf 82' lang='grc' dir='ltr'><strong>πυκνὸν</strong></span> <span class='ocrx_word' id='word_1_237' title='bbox 356 2627 390 2692; x_wconf 85' lang='grc' dir='ltr'><strong>ού</strong></span> <span class='ocrx_word' id='word_1_238' title='bbox 414 2627 566 2712; x_wconf 86' lang='grc' dir='ltr'><strong>δέχεσθαι,</strong></span> <span class='ocrx_word' id='word_1_239' title='bbox 588 2628 621 2690; x_wconf 84' lang='grc' dir='ltr'><strong>τὸ</strong></span> <span class='ocrx_word' id='word_1_240' title='bbox 644 2627 677 2691; x_wconf 82' lang='grc' dir='ltr'><strong>δὲ</strong></span> <span class='ocrx_word' id='word_1_241' title='bbox 699 2626 784 2710; x_wconf 83' lang='grc' dir='ltr'><strong>ὑγρὸν</strong></span> <span class='ocrx_word' id='word_1_242' title='bbox 807 2626 917 2690; x_wconf 90' lang='grc' dir='ltr'><strong>διιέναι.</strong></span> <span class='ocrx_word' id='word_1_243' title='bbox 955 2625 999 2689; x_wconf 88' lang='grc' dir='ltr'><strong>διδ</strong></span> <span class='ocrx_word' id='word_1_244' title='bbox 1014 2626 1063 2689; x_wconf 80' lang='grc' dir='ltr'><strong>καὶ</strong></span> <span class='ocrx_word' id='word_1_245' title='bbox 1077 2626 1145 2695; x_wconf 81' lang='grc' dir='ltr'><strong>τοὺς</strong></span> <span class='ocrx_word' id='word_1_246' title='bbox 1160 2623 1263 2709; x_wconf 87' lang='grc' dir='ltr'><strong>ὑγροὺς</strong></span> <span class='ocrx_word' id='word_1_247' title='bbox 1277 2627 1335 2688; x_wconf 86' lang='grc' dir='ltr'><strong>τῶν</strong></span> <span class='ocrx_word' id='word_1_248' title='bbox 1351 2627 1485 2709; x_wconf 78' lang='grc' dir='ltr'><strong>σκληρῶν</strong></span> 
     </span>
     <span class='ocr_line' id='line_1_24' title="bbox 223 2725 1486 2817; baseline -0.003 -23"><span class='ocrx_word' id='word_1_249' title='bbox 223 2730 386 2817; x_wconf 82' lang='grc' dir='ltr'><strong>ὀφθαλμῶν</strong></span> <span class='ocrx_word' id='word_1_250' title='bbox 404 2731 539 2813; x_wconf 80' lang='grc' dir='ltr'><strong>ἀμείνους</strong></span> <span class='ocrx_word' id='word_1_251' title='bbox 554 2727 626 2792; x_wconf 81' lang='grc' dir='ltr'><strong>εἶναι</strong></span> <span class='ocrx_word' id='word_1_252' title='bbox 648 2730 719 2815; x_wconf 84' lang='grc' dir='ltr'><strong>πρὸς</strong></span> <span class='ocrx_word' id='word_1_253' title='bbox 741 2731 775 2794; x_wconf 82' lang='grc' dir='ltr'><strong>τὸ</strong></span> <span class='ocrx_word' id='word_1_254' title='bbox 798 2731 880 2815; x_wconf 88' lang='grc' dir='ltr'><strong>ὑραῖν,</strong></span> <span class='ocrx_word' id='word_1_255' title='bbox 901 2726 927 2791; x_wconf 83' lang='grc' dir='ltr'><strong>εἰ</strong></span> <span class='ocrx_word' id='word_1_256' title='bbox 950 2728 966 2791; x_wconf 91' lang='grc' dir='ltr'><strong>ὑ</strong></span> <span class='ocrx_word' id='word_1_257' title='bbox 990 2727 1042 2811; x_wconf 77' lang='grc' dir='ltr'><strong>μὲν</strong></span> <span class='ocrx_word' id='word_1_258' title='bbox 1058 2725 1114 2797; x_wconf 70' lang='grc' dir='ltr'><strong>ἔξω</strong></span> <span class='ocrx_word' id='word_1_259' title='bbox 1136 2730 1227 2813; x_wconf 84' lang='grc' dir='ltr'><strong>χιτὼν</strong></span> <span class='ocrx_word' id='word_1_260' title='bbox 1250 2730 1291 2797; x_wconf 87' lang='grc' dir='ltr'><strong>ιὺς</strong></span> <span class='ocrx_word' id='word_1_261' title='bbox 1313 2728 1486 2798; x_wconf 89' lang='grc' dir='ltr'><strong>λεπτότατος</strong></span> 
     </span>
     <span class='ocr_line' id='line_1_25' title="bbox 223 2829 1486 2916; baseline -0.005 -18"><span class='ocrx_word' id='word_1_262' title='bbox 223 2834 273 2898; x_wconf 87' lang='grc' dir='ltr'><strong>καλ</strong></span> <span class='ocrx_word' id='word_1_263' title='bbox 295 2833 471 2904; x_wconf 88' lang='grc' dir='ltr'><strong>πυκνότατος</strong></span> <span class='ocrx_word' id='word_1_264' title='bbox 493 2830 555 2916; x_wconf 85' lang='grc' dir='ltr'><strong>εἴη,</strong></span> <span class='ocrx_word' id='word_1_265' title='bbox 581 2831 665 2897; x_wconf 80' lang='grc' dir='ltr'><strong>τὰδ’</strong></span> <span class='ocrx_word' id='word_1_266' title='bbox 693 2832 773 2902; x_wconf 78' lang='grc' dir='ltr'><strong>ἐντὸς</strong></span> <span class='ocrx_word' id='word_1_267' title='bbox 796 2834 837 2902; x_wconf 78' lang='grc' dir='ltr'><strong>ὑις</strong></span> <span class='ocrx_word' id='word_1_268' title='bbox 860 2832 985 2914; x_wconf 84' lang='grc' dir='ltr'><strong>μάλιστα</strong></span> <span class='ocrx_word' id='word_1_269' title='bbox 1012 2830 1113 2914; x_wconf 84' lang='grc' dir='ltr'><strong>σορφά</strong></span> <span class='ocrx_word' id='word_1_270' title='bbox 1139 2832 1188 2895; x_wconf 84' lang='grc' dir='ltr'><strong>καλ</strong></span> <span class='ocrx_word' id='word_1_271' title='bbox 1215 2831 1285 2895; x_wconf 87' lang='grc' dir='ltr'><strong>κενά</strong></span> <span class='ocrx_word' id='word_1_272' title='bbox 1305 2835 1415 2914; x_wconf 76' lang='grc' dir='ltr'><strong>πυκνῆς</strong></span> <span class='ocrx_word' id='word_1_273' title='bbox 1437 2829 1486 2895; x_wconf 80' lang='grc' dir='ltr'><strong>καὶ</strong></span> 
     </span>
    </p>

    <p class='ocr_par' dir='ltr' id='par_1_6' title="bbox 187 2930 1487 3227">
     <span class='ocr_line' id='line_1_26' title="bbox 187 2930 1486 3021; baseline -0.008 -17"><span class='ocrx_word' id='word_1_274' title='bbox 187 2964 212 3004; x_wconf 81' lang='grc' dir='ltr'><strong>ιο</strong></span> <span class='ocrx_word' id='word_1_275' title='bbox 230 2939 351 3021; x_wconf 90' lang='grc' dir='ltr'><strong>στιφροῖς</strong></span> <span class='ocrx_word' id='word_1_276' title='bbox 372 2936 490 3020; x_wconf 89' lang='grc' dir='ltr'><strong>σαρκός,</strong></span> <span class='ocrx_word' id='word_1_277' title='bbox 512 2933 555 2999; x_wconf 81' lang='grc' dir='ltr'><strong>ἔτι</strong></span> <span class='ocrx_word' id='word_1_278' title='bbox 570 2936 604 3000; x_wconf 75' lang='grc' dir='ltr'><strong>δὲ</strong></span> <span class='ocrx_word' id='word_1_279' title='bbox 619 2936 739 3019; x_wconf 81' lang='grc' dir='ltr'><strong>ἰκμάδος</strong></span> <span class='ocrx_word' id='word_1_280' title='bbox 761 2932 886 3018; x_wconf 76' lang='grc' dir='ltr'><strong>παχείας</strong></span> <span class='ocrx_word' id='word_1_281' title='bbox 906 2957 938 2998; x_wconf 88' lang='grc' dir='ltr'><strong>τε</strong></span> <span class='ocrx_word' id='word_1_282' title='bbox 960 2933 1009 2997; x_wconf 85' lang='grc' dir='ltr'><strong>καλ</strong></span> <span class='ocrx_word' id='word_1_283' title='bbox 1030 2934 1165 3018; x_wconf 87' lang='grc' dir='ltr'><strong>λιπαροῖς,</strong></span> <span class='ocrx_word' id='word_1_284' title='bbox 1186 2933 1236 2997; x_wconf 82' lang='grc' dir='ltr'><strong>καῖ</strong></span> <span class='ocrx_word' id='word_1_285' title='bbox 1257 2933 1288 2996; x_wconf 83' lang='grc' dir='ltr'><strong>αἱ</strong></span> <span class='ocrx_word' id='word_1_286' title='bbox 1310 2932 1415 3018; x_wconf 87' lang='grc' dir='ltr'><strong>φλέβες</strong></span> <span class='ocrx_word' id='word_1_287' title='bbox 1429 2930 1486 3016; x_wconf 77' lang='lat' dir='ltr'><strong>(od)</strong></span> 
     </span>
     <span class='ocr_line' id='line_1_27' title="bbox 226 3031 1487 3123; baseline -0.004 -21"><span class='ocrx_word' id='word_1_288' title='bbox 226 3039 301 3103; x_wconf 81' lang='grc' dir='ltr'><strong>κατὰ</strong></span> <span class='ocrx_word' id='word_1_289' title='bbox 315 3038 382 3107; x_wconf 90' lang='grc' dir='ltr'><strong>τοὺς</strong></span> <span class='ocrx_word' id='word_1_290' title='bbox 397 3037 569 3123; x_wconf 80' lang='grc' dir='ltr'><strong>ὀφθαλμοὺς</strong></span> <span class='ocrx_word' id='word_1_291' title='bbox 584 3039 696 3102; x_wconf 80' lang='grc' dir='ltr'><strong>εὐθεῖαι</strong></span> <span class='ocrx_word' id='word_1_292' title='bbox 711 3038 760 3102; x_wconf 78' lang='grc' dir='ltr'><strong>καὶ</strong></span> <span class='ocrx_word' id='word_1_293' title='bbox 775 3036 900 3122; x_wconf 84' lang='grc' dir='ltr'><strong>ἀνικμοι,</strong></span> <span class='ocrx_word' id='word_1_294' title='bbox 923 3039 964 3106; x_wconf 83' lang='grc' dir='ltr'><strong>ὡς</strong></span> <span class='ocrx_word' id='word_1_295' title='bbox 981 3031 1314 3122; x_wconf 73' lang='grc' dir='ltr'><strong>“ὑμοιυσχημονεῖν’</strong></span> <span class='ocrx_word' id='word_1_296' title='bbox 1341 3039 1402 3104; x_wconf 88' lang='grc' dir='ltr'><strong>τοῖς</strong></span> <span class='ocrx_word' id='word_1_297' title='bbox 1416 3035 1487 3098; x_wconf 88' lang='grc' dir='ltr'><strong>ἀπο-</strong></span> 
     </span>
     <span class='ocr_line' id='line_1_28' title="bbox 224 3138 1208 3227; baseline -0.007 -20"><span class='ocrx_word' id='word_1_298' title='bbox 224 3139 425 3224; x_wconf 77' lang='grc' dir='ltr'><strong>τυπουμένοις.</strong></span> <span class='ocrx_word' id='word_1_299' title='bbox 467 3141 504 3204; x_wconf 79' lang='grc' dir='ltr'><strong>τὰ</strong></span> <span class='ocrx_word' id='word_1_300' title='bbox 526 3140 580 3226; x_wconf 82' lang='grc' dir='ltr'><strong>γὰρ</strong></span> <span class='ocrx_word' id='word_1_301' title='bbox 603 3140 738 3227; x_wconf 80' lang='grc' dir='ltr'><strong>ὁμόφυλα</strong></span> <span class='ocrx_word' id='word_1_302' title='bbox 760 3140 886 3223; x_wconf 80' lang='grc' dir='ltr'><strong>μαλιστα</strong></span> <span class='ocrx_word' id='word_1_303' title='bbox 907 3138 1029 3203; x_wconf 82' lang='grc' dir='ltr'><strong>ἕκαστον</strong></span> <span class='ocrx_word' id='word_1_304' title='bbox 1051 3138 1208 3224; x_wconf 76' lang='grc' dir='ltr'><strong>γνωρίζει.</strong></span> 
     </span>
    </p>

    <p class='ocr_par' dir='ltr' id='par_1_7' title="bbox 327 3236 1536 3329">
     <span class='ocr_line' id='line_1_29' title="bbox 327 3236 1536 3329; baseline -0.005 -21"><span class='ocrx_word' id='word_1_305' title='bbox 327 3242 448 3329; x_wconf 86' lang='grc' dir='ltr'><strong>Πρῶτον</strong></span> <span class='ocrx_word' id='word_1_306' title='bbox 471 3243 523 3327; x_wconf 78' lang='grc' dir='ltr'><strong>μὲν</strong></span> <span class='ocrx_word' id='word_1_307' title='bbox 546 3241 597 3307; x_wconf 87' lang='grc' dir='ltr'><strong>οὑν</strong></span> <span class='ocrx_word' id='word_1_308' title='bbox 619 3242 726 3312; x_wconf 82' lang='grc' dir='ltr'><strong>ἄτοπος</strong></span> <span class='ocrx_word' id='word_1_309' title='bbox 748 3243 768 3326; x_wconf 85' lang='grc' dir='ltr'>ἡ</span> <span class='ocrx_word' id='word_1_310' title='bbox 791 3241 978 3311; x_wconf 90' lang='grc' dir='ltr'><strong>ἀποτύπωσις</strong></span> <span class='ocrx_word' id='word_1_311' title='bbox 1000 3242 1020 3325; x_wconf 79' lang='grc' dir='ltr'>ἡ</span> <span class='ocrx_word' id='word_1_312' title='bbox 1043 3240 1073 3306; x_wconf 78' lang='grc' dir='ltr'><strong>ἐν</strong></span> <span class='ocrx_word' id='word_1_313' title='bbox 1096 3246 1138 3327; x_wconf 80' lang='grc' dir='ltr'><strong>τῷ</strong></span> <span class='ocrx_word' id='word_1_314' title='bbox 1162 3241 1237 3327; x_wconf 89' lang='grc' dir='ltr'><strong>ἀέρι.</strong></span> <span class='ocrx_word' id='word_1_315' title='bbox 1273 3242 1318 3304; x_wconf 88' lang='grc' dir='ltr'><strong>δεῖ</strong></span> <span class='ocrx_word' id='word_1_316' title='bbox 1337 3240 1392 3324; x_wconf 82' lang='grc' dir='ltr'><strong>γὰρ</strong></span> <span class='ocrx_word' id='word_1_317' title='bbox 1407 3236 1486 3325; x_wconf 81' lang='grc' dir='ltr'><strong>ἔχειν</strong></span> <span class='ocrx_word' id='word_1_318' title='bbox 1504 3246 1536 3302; x_wconf 89' lang='lat'><strong>51</strong></span> 
     </span>
    </p>

    <p class='ocr_par' dir='ltr' id='par_1_8' title="bbox 223 3343 1484 3439">
     <span class='ocr_line' id='line_1_30' title="bbox 223 3343 1484 3439; baseline -0.001 -26"><span class='ocrx_word' id='word_1_319' title='bbox 223 3346 388 3432; x_wconf 90' lang='grc' dir='ltr'><strong>πυκνότητα</strong></span> <span class='ocrx_word' id='word_1_320' title='bbox 409 3346 458 3410; x_wconf 82' lang='grc' dir='ltr'><strong>καλ</strong></span> <span class='ocrx_word' id='word_1_321' title='bbox 481 3347 523 3431; x_wconf 84' lang='grc' dir='ltr'><strong>μὴ</strong></span> <span class='ocrx_word' id='word_1_322' title='bbox 546 3343 791 3431; x_wconf 54' lang='grc' dir='ltr'><strong>(θρύπτεσθαά</strong></span> <span class='ocrx_word' id='word_1_323' title='bbox 818 3346 852 3409; x_wconf 82' lang='grc' dir='ltr'><strong>τὸ</strong></span> <span class='ocrx_word' id='word_1_324' title='bbox 873 3345 1067 3428; x_wconf 87' lang='grc' dir='ltr'><strong>τυπούμενον,</strong></span> <span class='ocrx_word' id='word_1_325' title='bbox 1097 3343 1197 3430; x_wconf 81' lang='grc' dir='ltr'><strong>ὥσπερ</strong></span> <span class='ocrx_word' id='word_1_326' title='bbox 1223 3346 1273 3409; x_wconf 87' lang='grc' dir='ltr'><strong>καὶ</strong></span> <span class='ocrx_word' id='word_1_327' title='bbox 1298 3343 1386 3412; x_wconf 74' lang='grc' dir='ltr'><strong>αὑτὸς</strong></span> <span class='ocrx_word' id='word_1_328' title='bbox 1407 3353 1484 3439; x_wconf 78' lang='grc' dir='ltr'><strong>λέγει</strong></span> 
     </span>
    </p>
   </div>
   <div class='ocr_carea' id='block_1_3' title="bbox 882 3520 1084 3530">
    <p class='ocr_par' dir='ltr' id='par_1_9' title="bbox 882 3520 1084 3530">
     <span class='ocr_line' id='line_1_31' title="bbox 882 3520 1084 3530; baseline -0.005 0"><span class='ocrx_word' id='word_1_329' title='bbox 882 3520 1084 3530; x_wconf 73' lang='lat'><em>——-—---</em></span> 
     </span>
    </p>
   </div>
   <div class='ocr_carea' id='block_1_4' title="bbox 172 3604 1546 4993">
    <p class='ocr_par' dir='ltr' id='par_1_10' title="bbox 172 3604 1546 4993">
     <span class='ocr_line' id='line_1_32' title="bbox 175 3604 1541 3678; baseline 0.001 -17"><span class='ocrx_word' id='word_1_330' title='bbox 175 3605 236 3661; x_wconf 85' lang='grc' dir='ltr'><strong>Ῑτὺ</strong></span> <span class='ocrx_word' id='word_1_331' title='bbox 253 3607 298 3660; x_wconf 82' lang='grc' dir='ltr'><strong>καὶ</strong></span> <span class='ocrx_word' id='word_1_332' title='bbox 313 3609 370 3661; x_wconf 75' lang='lat' dir='ltr'><strong>PF:</strong></span> <span class='ocrx_word' id='word_1_333' title='bbox 388 3610 546 3674; x_wconf 76' lang='lat' dir='ltr'>transposuit</span> <span class='ocrx_word' id='word_1_334' title='bbox 566 3609 691 3660; x_wconf 87' lang='lat' dir='ltr'><strong>Wimmer</strong></span> <span class='ocrx_word' id='word_1_335' title='bbox 707 3604 720 3676; x_wconf 91' lang='grc' dir='ltr'><strong>ΙΙ</strong></span> <span class='ocrx_word' id='word_1_336' title='bbox 740 3609 777 3676; x_wconf 84' lang='grc' dir='ltr'><strong>τῷ</strong></span> <span class='ocrx_word' id='word_1_337' title='bbox 795 3609 830 3661; x_wconf 83' lang='lat' dir='ltr'><strong>P:</strong></span> <span class='ocrx_word' id='word_1_338' title='bbox 883 3622 946 3678; x_wconf 86' lang='grc' dir='ltr'><strong>σχιι,</strong></span> <span class='ocrx_word' id='word_1_339' title='bbox 968 3608 1025 3660; x_wconf 79' lang='lat' dir='ltr'><strong>PF:</strong></span> <span class='ocrx_word' id='word_1_340' title='bbox 1048 3613 1189 3657; x_wconf 88' lang='lat' dir='ltr'><strong>oorreotum</strong></span> <span class='ocrx_word' id='word_1_341' title='bbox 1214 3623 1249 3658; x_wconf 88' lang='lat' dir='ltr'><strong>ex</strong></span> <span class='ocrx_word' id='word_1_342' title='bbox 1271 3609 1352 3662; x_wconf 83' lang='lat' dir='ltr'><strong>Arist.</strong></span> <span class='ocrx_word' id='word_1_343' title='bbox 1375 3610 1407 3662; x_wconf 89' lang='lat' dir='ltr'><strong>de</strong></span> <span class='ocrx_word' id='word_1_344' title='bbox 1432 3626 1491 3677; x_wconf 78' lang='lat' dir='ltr'><strong>geu.</strong></span> <span class='ocrx_word' id='word_1_345' title='bbox 1515 3619 1541 3662; x_wconf 86' lang='lat' dir='ltr'><strong>et</strong></span> 
     </span>
     <span class='ocr_line' id='line_1_33' title="bbox 172 3690 1541 3766; baseline 0.001 -18"><span class='ocrx_word' id='word_1_346' title='bbox 172 3693 202 3748; x_wconf 80' lang='grc' dir='ltr'><strong>τύ</strong></span> <span class='ocrx_word' id='word_1_347' title='bbox 220 3696 241 3747; x_wconf 78' lang='lat' dir='ltr'>F</span> <span class='ocrx_word' id='word_1_348' title='bbox 261 3690 276 3763; x_wconf 83' lang='grc' dir='ltr'><strong>ΙΙ</strong></span> <span class='ocrx_word' id='word_1_349' title='bbox 295 3693 312 3746; x_wconf 83' lang='grc'>3</span> <span class='ocrx_word' id='word_1_350' title='bbox 329 3692 358 3746; x_wconf 86' lang='grc' dir='ltr'><strong>τὸ</strong></span> <span class='ocrx_word' id='word_1_351' title='bbox 377 3698 473 3764; x_wconf 81' lang='grc' dir='ltr'><strong>φρονεῖν</strong></span> <span class='ocrx_word' id='word_1_352' title='bbox 491 3696 550 3748; x_wconf 78' lang='lat' dir='ltr'><strong>PF:</strong></span> <span class='ocrx_word' id='word_1_353' title='bbox 570 3710 636 3746; x_wconf 84' lang='lat' dir='ltr'><strong>oorr.</strong></span> <span class='ocrx_word' id='word_1_354' title='bbox 655 3696 801 3761; x_wconf 75' lang='lat' dir='ltr'><strong>Stephanus</strong></span> <span class='ocrx_word' id='word_1_355' title='bbox 816 3691 830 3763; x_wconf 93' lang='grc' dir='ltr'><strong>ΙΙ</strong></span> <span class='ocrx_word' id='word_1_356' title='bbox 884 3713 950 3748; x_wconf 85' lang='lat' dir='ltr'><strong>eorr.</strong></span> <span class='ocrx_word' id='word_1_357' title='bbox 969 3692 1018 3746; x_wconf 78' lang='lat'><strong>17</strong></span> <span class='ocrx_word' id='word_1_358' title='bbox 1042 3712 1067 3761; x_wconf 90' lang='grc' dir='ltr'><strong>ρ.</strong></span> <span class='ocrx_word' id='word_1_359' title='bbox 1081 3691 1193 3746; x_wconf 77' lang='lat' dir='ltr'><strong>323b13</strong></span> <span class='ocrx_word' id='word_1_360' title='bbox 1221 3691 1286 3747; x_wconf 85' lang='grc' dir='ltr'><strong>ἀλλά</strong></span> <span class='ocrx_word' id='word_1_361' title='bbox 1312 3693 1361 3748; x_wconf 85' lang='grc' dir='ltr'><strong>κάν</strong></span> <span class='ocrx_word' id='word_1_362' title='bbox 1389 3695 1460 3766; x_wconf 71' lang='grc' dir='ltr'><strong>[τερα</strong></span> <span class='ocrx_word' id='word_1_363' title='bbox 1481 3695 1541 3749; x_wconf 80' lang='grc' dir='ltr'><strong>ὄντα</strong></span> 
     </span>
     <span class='ocr_line' id='line_1_34' title="bbox 174 3771 1540 3856; baseline 0.001 -20"><span class='ocrx_word' id='word_1_364' title='bbox 174 3784 192 3836; x_wconf 87' lang='lat'>4</span> <span class='ocrx_word' id='word_1_365' title='bbox 210 3781 406 3852; x_wconf 77' lang='grc' dir='ltr'><strong>λμφανεστέρους</strong></span> <span class='ocrx_word' id='word_1_366' title='bbox 426 3784 461 3835; x_wconf 84' lang='grc' dir='ltr'><strong>Ρι</strong></span> <span class='ocrx_word' id='word_1_367' title='bbox 485 3780 690 3851; x_wconf 80' lang='grc' dir='ltr'><strong>ῖμφαινεστέρους</strong></span> <span class='ocrx_word' id='word_1_368' title='bbox 705 3785 741 3834; x_wconf 79' lang='lat' dir='ltr'><strong>F:</strong></span> <span class='ocrx_word' id='word_1_369' title='bbox 765 3799 831 3834; x_wconf 85' lang='lat' dir='ltr'><strong>oorr.</strong></span> <span class='ocrx_word' id='word_1_370' title='bbox 883 3787 943 3852; x_wconf 73' lang='grc' dir='ltr'><strong>ποιῇ</strong></span> <span class='ocrx_word' id='word_1_371' title='bbox 962 3798 986 3832; x_wconf 93' lang='grc' dir='ltr'><strong>τι</strong></span> <span class='ocrx_word' id='word_1_372' title='bbox 1005 3778 1039 3838; x_wconf 77' lang='grc' dir='ltr'><strong>εἰς</strong></span> <span class='ocrx_word' id='word_1_373' title='bbox 1057 3776 1163 3848; x_wconf 82' lang='grc' dir='ltr'><strong>ἄλληλα,</strong></span> <span class='ocrx_word' id='word_1_374' title='bbox 1181 3778 1258 3852; x_wconf 72' lang='grc' dir='ltr'><strong>ούχῇ</strong></span> <span class='ocrx_word' id='word_1_375' title='bbox 1279 3781 1350 3853; x_wconf 82' lang='grc' dir='ltr'><strong>ἕτερα</strong></span> <span class='ocrx_word' id='word_1_376' title='bbox 1369 3782 1426 3837; x_wconf 82' lang='grc' dir='ltr'><strong>ἀλλ’</strong></span> <span class='ocrx_word' id='word_1_377' title='bbox 1447 3771 1464 3856; x_wconf 74' lang='grc' dir='ltr'>ᾗ</span> <span class='ocrx_word' id='word_1_378' title='bbox 1482 3782 1540 3837; x_wconf 82' lang='grc' dir='ltr'><strong>ταύ-</strong></span> 
     </span>
     <span class='ocr_line' id='line_1_35' title="bbox 176 3865 1540 3938; baseline 0.002 -14"><span class='ocrx_word' id='word_1_379' title='bbox 176 3872 319 3926; x_wconf 74' lang='lat' dir='ltr'><strong>schneider</strong></span> <span class='ocrx_word' id='word_1_380' title='bbox 339 3866 352 3938; x_wconf 90' lang='grc' dir='ltr'><strong>ΙΙ</strong></span> <span class='ocrx_word' id='word_1_381' title='bbox 372 3872 480 3922; x_wconf 75' lang='grc' dir='ltr'><strong>ἰοπιαεεε</strong></span> <span class='ocrx_word' id='word_1_382' title='bbox 498 3874 551 3921; x_wconf 84' lang='grc' dir='ltr'><strong>τῶν</strong></span> <span class='ocrx_word' id='word_1_383' title='bbox 568 3868 678 3935; x_wconf 76' lang='grc' dir='ltr'><strong>(κάτω),</strong></span> <span class='ocrx_word' id='word_1_384' title='bbox 696 3868 797 3921; x_wconf 87' lang='grc' dir='ltr'><strong>πάντων</strong></span> <span class='ocrx_word' id='word_1_385' title='bbox 816 3865 830 3938; x_wconf 82' lang='grc' dir='ltr'>Η</span> <span class='ocrx_word' id='word_1_386' title='bbox 883 3869 926 3923; x_wconf 84' lang='grc' dir='ltr'><strong>τόν</strong></span> <span class='ocrx_word' id='word_1_387' title='bbox 944 3886 968 3921; x_wconf 84' lang='grc' dir='ltr'><strong>τι</strong></span> <span class='ocrx_word' id='word_1_388' title='bbox 986 3866 1092 3936; x_wconf 85' lang='grc' dir='ltr'><strong>ὑπάρχει</strong></span> <span class='ocrx_word' id='word_1_389' title='bbox 1110 3866 1165 3922; x_wconf 88' lang='grc' dir='ltr'><strong>κτλ</strong></span> <span class='ocrx_word' id='word_1_390' title='bbox 1185 3865 1199 3938; x_wconf 77' lang='grc' dir='ltr'><strong>ΙΙ</strong></span> <span class='ocrx_word' id='word_1_391' title='bbox 1220 3868 1252 3922; x_wconf 82' lang='grc'><strong>15</strong></span> <span class='ocrx_word' id='word_1_392' title='bbox 1271 3868 1311 3922; x_wconf 78' lang='grc' dir='ltr'><strong>διὰ</strong></span> <span class='ocrx_word' id='word_1_393' title='bbox 1328 3874 1386 3928; x_wconf 76' lang='lat' dir='ltr'><strong>PF:</strong></span> <span class='ocrx_word' id='word_1_394' title='bbox 1405 3891 1471 3927; x_wconf 88' lang='lat' dir='ltr'><strong>oorr.</strong></span> <span class='ocrx_word' id='word_1_395' title='bbox 1490 3876 1540 3927; x_wconf 84' lang='lat' dir='ltr'><strong>Ce-</strong></span> 
     </span>
     <span class='ocr_line' id='line_1_36' title="bbox 174 3951 1542 4031; baseline 0.004 -22"><span class='ocrx_word' id='word_1_396' title='bbox 174 3958 271 4025; x_wconf 76' lang='lat' dir='ltr'><strong>&#39;ipost</strong></span> <span class='ocrx_word' id='word_1_397' title='bbox 293 3961 390 4026; x_wconf 83' lang='grc' dir='ltr'><strong>φρονεῖν</strong></span> <span class='ocrx_word' id='word_1_398' title='bbox 412 3959 585 4024; x_wconf 75' lang='lat' dir='ltr'><strong>Theophrasti</strong></span> <span class='ocrx_word' id='word_1_399' title='bbox 609 3959 729 4009; x_wconf 75' lang='lat' dir='ltr'><strong>refutatio</strong></span> <span class='ocrx_word' id='word_1_400' title='bbox 752 3960 831 4009; x_wconf 79' lang='lat' dir='ltr'><strong>iuter-</strong></span> <span class='ocrx_word' id='word_1_401' title='bbox 884 3961 986 4011; x_wconf 89' lang='lat' dir='ltr'><strong>motius.</strong></span> <span class='ocrx_word' id='word_1_402' title='bbox 1005 3951 1040 4006; x_wconf 84' lang='grc' dir='ltr'><strong>δι’</strong></span> <span class='ocrx_word' id='word_1_403' title='bbox 1062 3953 1078 4005; x_wconf 82' lang='grc' dir='ltr'><strong>ἃ</strong></span> <span class='ocrx_word' id='word_1_404' title='bbox 1100 3956 1244 4008; x_wconf 74' lang='lat' dir='ltr'><strong>Vossianus</strong></span> <span class='ocrx_word' id='word_1_405' title='bbox 1271 3955 1284 4027; x_wconf 90' lang='grc' dir='ltr'><strong>ΙΙ</strong></span> <span class='ocrx_word' id='word_1_406' title='bbox 1308 3959 1339 4014; x_wconf 88' lang='lat'><strong>16</strong></span> <span class='ocrx_word' id='word_1_407' title='bbox 1358 3957 1542 4031; x_wconf 87' lang='grc' dir='ltr'><strong>ὑπολαμβάνειν</strong></span> 
     </span>
     <span class='ocr_line' id='line_1_37' title="bbox 175 4039 1542 4114; baseline 0.001 -16"><span class='ocrx_word' id='word_1_408' title='bbox 175 4047 270 4098; x_wconf 79' lang='lat' dir='ltr'><strong>cidisse</strong></span> <span class='ocrx_word' id='word_1_409' title='bbox 282 4046 384 4096; x_wconf 80' lang='lat' dir='ltr'><strong>videtur</strong></span> <span class='ocrx_word' id='word_1_410' title='bbox 395 4040 408 4113; x_wconf 85' lang='grc' dir='ltr'><strong>ΙΙ</strong></span> <span class='ocrx_word' id='word_1_411' title='bbox 420 4045 437 4098; x_wconf 90' lang='grc'><strong>8</strong></span> <span class='ocrx_word' id='word_1_412' title='bbox 451 4043 550 4114; x_wconf 86' lang='grc' dir='ltr'><strong>εῖποριεν</strong></span> <span class='ocrx_word' id='word_1_413' title='bbox 563 4045 577 4110; x_wconf 73' lang='grc' dir='ltr'><strong>ξ</strong></span> <span class='ocrx_word' id='word_1_414' title='bbox 590 4045 624 4100; x_wconf 89' lang='grc'><strong>46</strong></span> <span class='ocrx_word' id='word_1_415' title='bbox 640 4042 653 4114; x_wconf 65' lang='lat' dir='ltr'><strong>{l</strong></span> <span class='ocrx_word' id='word_1_416' title='bbox 670 4044 702 4097; x_wconf 90' lang='lat'><strong>10</strong></span> <span class='ocrx_word' id='word_1_417' title='bbox 714 4041 833 4113; x_wconf 88' lang='grc' dir='ltr'><strong>δημόκρι-</strong></span> <span class='ocrx_word' id='word_1_418' title='bbox 884 4045 1026 4099; x_wconf 81' lang='lat' dir='ltr'><strong>Schneider</strong></span> <span class='ocrx_word' id='word_1_419' title='bbox 1039 4039 1054 4110; x_wconf 76' lang='grc' dir='ltr'><strong>β</strong></span> <span class='ocrx_word' id='word_1_420' title='bbox 1067 4039 1152 4093; x_wconf 84' lang='grc' dir='ltr'><strong>αὑτῶν</strong></span> <span class='ocrx_word' id='word_1_421' title='bbox 1163 4045 1292 4096; x_wconf 85' lang='lat' dir='ltr'><strong>Mulieeh:</strong></span> <span class='ocrx_word' id='word_1_422' title='bbox 1310 4051 1363 4099; x_wconf 83' lang='grc' dir='ltr'><strong>τῶν</strong></span> <span class='ocrx_word' id='word_1_423' title='bbox 1375 4051 1432 4102; x_wconf 77' lang='lat' dir='ltr'><strong>PF:</strong></span> <span class='ocrx_word' id='word_1_424' title='bbox 1445 4045 1542 4102; x_wconf 88' lang='grc' dir='ltr'><strong>τούτων</strong></span> 
     </span>
     <span class='ocr_line' id='line_1_38' title="bbox 174 4125 1543 4202; baseline 0.004 -17"><span class='ocrx_word' id='word_1_425' title='bbox 174 4149 219 4191; x_wconf 85' lang='grc' dir='ltr'><strong>τος</strong></span> <span class='ocrx_word' id='word_1_426' title='bbox 240 4134 268 4184; x_wconf 91' lang='lat' dir='ltr'><strong>iu</strong></span> <span class='ocrx_word' id='word_1_427' title='bbox 295 4148 359 4197; x_wconf 69' lang='grc' dir='ltr'><strong>τινες.</strong></span> <span class='ocrx_word' id='word_1_428' title='bbox 384 4134 460 4184; x_wconf 87' lang='lat' dir='ltr'><strong>iteret</strong></span> <span class='ocrx_word' id='word_1_429' title='bbox 480 4135 571 4186; x_wconf 88' lang='lat' dir='ltr'><strong>see.P</strong></span> <span class='ocrx_word' id='word_1_430' title='bbox 597 4128 611 4200; x_wconf 77' lang='grc' dir='ltr'><strong>ΙΙ</strong></span> <span class='ocrx_word' id='word_1_431' title='bbox 635 4133 664 4184; x_wconf 96' lang='lat' dir='ltr'><strong>ll</strong></span> <span class='ocrx_word' id='word_1_432' title='bbox 684 4128 701 4202; x_wconf 72' lang='grc' dir='ltr'><strong>ᾗ</strong></span> <span class='ocrx_word' id='word_1_433' title='bbox 724 4131 833 4200; x_wconf 82' lang='grc' dir='ltr'><strong>μὲνγὰρ</strong></span> <span class='ocrx_word' id='word_1_434' title='bbox 884 4132 1019 4184; x_wconf 86' lang='lat' dir='ltr'><strong>Bureherd</strong></span> <span class='ocrx_word' id='word_1_435' title='bbox 1039 4125 1053 4198; x_wconf 85' lang='grc' dir='ltr'><strong>ΙΙ</strong></span> <span class='ocrx_word' id='word_1_436' title='bbox 1076 4128 1107 4182; x_wconf 87' lang='grc'><strong>19</strong></span> <span class='ocrx_word' id='word_1_437' title='bbox 1126 4145 1160 4181; x_wconf 92' lang='lat' dir='ltr'><strong>en</strong></span> <span class='ocrx_word' id='word_1_438' title='bbox 1173 4127 1333 4201; x_wconf 74' lang='grc' dir='ltr'><strong>στελλόμενον</strong></span> <span class='ocrx_word' id='word_1_439' title='bbox 1346 4133 1395 4189; x_wconf 85' lang='grc' dir='ltr'><strong>ἀπὸ</strong></span> <span class='ocrx_word' id='word_1_440' title='bbox 1405 4155 1428 4189; x_wconf 88' lang='grc' dir='ltr'><strong>τ.</strong></span> <span class='ocrx_word' id='word_1_441' title='bbox 1442 4134 1463 4189; x_wconf 89' lang='grc' dir='ltr'><strong>ὑ.</strong></span> <span class='ocrx_word' id='word_1_442' title='bbox 1477 4136 1543 4190; x_wconf 72' lang='lat' dir='ltr'><strong>eard</strong></span> 
     </span>
     <span class='ocr_line' id='line_1_39' title="bbox 176 4213 1542 4296; baseline 0.004 -23"><span class='ocrx_word' id='word_1_443' title='bbox 176 4222 245 4273; x_wconf 85' lang='lat' dir='ltr'><strong>ooni.</strong></span> <span class='ocrx_word' id='word_1_444' title='bbox 258 4220 401 4272; x_wconf 82' lang='lat' dir='ltr'><strong>Schneider</strong></span> <span class='ocrx_word' id='word_1_445' title='bbox 421 4216 434 4288; x_wconf 79' lang='grc' dir='ltr'><strong>β</strong></span> <span class='ocrx_word' id='word_1_446' title='bbox 454 4225 491 4290; x_wconf 84' lang='grc' dir='ltr'><strong>τῷ</strong></span> <span class='ocrx_word' id='word_1_447' title='bbox 504 4222 604 4273; x_wconf 89' lang='lat' dir='ltr'><strong>eddidit</strong></span> <span class='ocrx_word' id='word_1_448' title='bbox 617 4222 763 4273; x_wconf 86' lang='lat' dir='ltr'><strong>Cemotius:</strong></span> <span class='ocrx_word' id='word_1_449' title='bbox 782 4236 833 4271; x_wconf 92' lang='lat' dir='ltr'><strong>om.</strong></span> <span class='ocrx_word' id='word_1_450' title='bbox 885 4222 930 4271; x_wconf 86' lang='grc' dir='ltr'><strong>τοῦ</strong></span> <span class='ocrx_word' id='word_1_451' title='bbox 939 4216 978 4271; x_wconf 66' lang='lat' dir='ltr'><strong>d?</strong></span> <span class='ocrx_word' id='word_1_452' title='bbox 990 4215 1003 4288; x_wconf 87' lang='grc' dir='ltr'><strong>ΙΙ</strong></span> <span class='ocrx_word' id='word_1_453' title='bbox 1015 4214 1048 4270; x_wconf 77' lang='lat'><strong>23</strong></span> <span class='ocrx_word' id='word_1_454' title='bbox 1057 4213 1218 4278; x_wconf 84' lang='grc' dir='ltr'><strong>λιπτιὺτατος</strong></span> <span class='ocrx_word' id='word_1_455' title='bbox 1227 4222 1293 4287; x_wconf 76' lang='lat' dir='ltr'><strong>pnP</strong></span> <span class='ocrx_word' id='word_1_456' title='bbox 1304 4218 1318 4290; x_wconf 82' lang='grc' dir='ltr'><strong>ΙΙ</strong></span> <span class='ocrx_word' id='word_1_457' title='bbox 1329 4222 1363 4278; x_wconf 79' lang='lat'><strong>25</strong></span> <span class='ocrx_word' id='word_1_458' title='bbox 1374 4223 1475 4295; x_wconf 74' lang='grc' dir='ltr'><strong>ἰσχυρᾶς</strong></span> <span class='ocrx_word' id='word_1_459' title='bbox 1484 4239 1542 4296; x_wconf 88' lang='grc' dir='ltr'><strong>σαρ·</strong></span> 
     </span>
     <span class='ocr_line' id='line_1_40' title="bbox 175 4303 1544 4383; baseline 0.005 -23"><span class='ocrx_word' id='word_1_460' title='bbox 175 4309 222 4363; x_wconf 82' lang='lat' dir='ltr'><strong>PF</strong></span> <span class='ocrx_word' id='word_1_461' title='bbox 245 4309 389 4360; x_wconf 82' lang='lat' dir='ltr'><strong>Vossianus</strong></span> <span class='ocrx_word' id='word_1_462' title='bbox 414 4303 429 4375; x_wconf 78' lang='grc' dir='ltr'>Η</span> <span class='ocrx_word' id='word_1_463' title='bbox 456 4306 487 4360; x_wconf 83' lang='grc'><strong>13</strong></span> <span class='ocrx_word' id='word_1_464' title='bbox 510 4307 531 4360; x_wconf 81' lang='grc' dir='ltr'><strong>εἰ</strong></span> <span class='ocrx_word' id='word_1_465' title='bbox 554 4310 654 4360; x_wconf 83' lang='lat' dir='ltr'><strong>eddidit</strong></span> <span class='ocrx_word' id='word_1_466' title='bbox 675 4310 800 4360; x_wconf 76' lang='lat' dir='ltr'><strong>Wimuer</strong></span> <span class='ocrx_word' id='word_1_467' title='bbox 819 4303 833 4375; x_wconf 87' lang='grc' dir='ltr'><strong>ΙΙ</strong></span> <span class='ocrx_word' id='word_1_468' title='bbox 886 4305 931 4366; x_wconf 86' lang='grc' dir='ltr'><strong>κός</strong></span> <span class='ocrx_word' id='word_1_469' title='bbox 946 4308 1005 4361; x_wconf 78' lang='lat' dir='ltr'><strong>PF:</strong></span> <span class='ocrx_word' id='word_1_470' title='bbox 1030 4321 1097 4357; x_wconf 89' lang='lat' dir='ltr'><strong>corr.</strong></span> <span class='ocrx_word' id='word_1_471' title='bbox 1113 4307 1217 4359; x_wconf 85' lang='lat' dir='ltr'><strong>Usener</strong></span> <span class='ocrx_word' id='word_1_472' title='bbox 1233 4306 1246 4377; x_wconf 84' lang='grc' dir='ltr'>Η</span> <span class='ocrx_word' id='word_1_473' title='bbox 1265 4307 1291 4362; x_wconf 80' lang='grc' dir='ltr'><strong>αἱ</strong></span> <span class='ocrx_word' id='word_1_474' title='bbox 1311 4314 1400 4366; x_wconf 88' lang='lat' dir='ltr'><strong>eddidi</strong></span> <span class='ocrx_word' id='word_1_475' title='bbox 1417 4310 1432 4383; x_wconf 86' lang='grc' dir='ltr'><strong>ΙΙ</strong></span> <span class='ocrx_word' id='word_1_476' title='bbox 1451 4312 1485 4369; x_wconf 80' lang='lat'><strong>26</strong></span> <span class='ocrx_word' id='word_1_477' title='bbox 1500 4313 1544 4367; x_wconf 79' lang='grc' dir='ltr'><strong>καὶ</strong></span> 
     </span>
     <span class='ocr_line' id='line_1_41' title="bbox 176 4391 1544 4472; baseline 0.004 -24"><span class='ocrx_word' id='word_1_478' title='bbox 176 4393 250 4448; x_wconf 87' lang='grc' dir='ltr'><strong>πάλιν</strong></span> <span class='ocrx_word' id='word_1_479' title='bbox 268 4392 294 4447; x_wconf 84' lang='grc' dir='ltr'><strong>δλ</strong></span> <span class='ocrx_word' id='word_1_480' title='bbox 312 4392 341 4447; x_wconf 85' lang='grc' dir='ltr'><strong>τό</strong></span> <span class='ocrx_word' id='word_1_481' title='bbox 359 4393 405 4461; x_wconf 75' lang='grc' dir='ltr'><strong>μὲν</strong></span> <span class='ocrx_word' id='word_1_482' title='bbox 417 4391 576 4447; x_wconf 76' lang='grc' dir='ltr'><strong>αἰσθάνεσθαι</strong></span> <span class='ocrx_word' id='word_1_483' title='bbox 593 4396 636 4446; x_wconf 85' lang='grc' dir='ltr'><strong>καὶ</strong></span> <span class='ocrx_word' id='word_1_484' title='bbox 654 4391 695 4446; x_wconf 89' lang='grc' dir='ltr'><strong>ὑπ’</strong></span> <span class='ocrx_word' id='word_1_485' title='bbox 717 4392 834 4463; x_wconf 76' lang='grc' dir='ltr'><strong>ἀλλήλων</strong></span> <span class='ocrx_word' id='word_1_486' title='bbox 885 4393 922 4464; x_wconf 81' lang='grc' dir='ltr'><strong>μὴ</strong></span> <span class='ocrx_word' id='word_1_487' title='bbox 940 4391 1103 4463; x_wconf 73' lang='grc' dir='ltr'><strong>εὐσχημονεῖν</strong></span> <span class='ocrx_word' id='word_1_488' title='bbox 1120 4395 1177 4447; x_wconf 77' lang='lat' dir='ltr'><strong>FP:</strong></span> <span class='ocrx_word' id='word_1_489' title='bbox 1201 4401 1303 4450; x_wconf 81' lang='lat' dir='ltr'><strong>correxi</strong></span> <span class='ocrx_word' id='word_1_490' title='bbox 1322 4397 1357 4459; x_wconf 85' lang='grc' dir='ltr'><strong>ιὺς</strong></span> <span class='ocrx_word' id='word_1_491' title='bbox 1375 4397 1544 4472; x_wconf 80' lang='grc' dir='ltr'><strong>ὁμοιοσχημό-</strong></span> 
     </span>
     <span class='ocr_line' id='line_1_42' title="bbox 176 4478 1545 4556; baseline 0.002 -20"><span class='ocrx_word' id='word_1_492' title='bbox 176 4478 371 4551; x_wconf 83' lang='grc' dir='ltr'><strong>ἀλλοιοῦσθαιῆ</strong></span> <span class='ocrx_word' id='word_1_493' title='bbox 394 4482 497 4553; x_wconf 82' lang='grc' dir='ltr'><strong>πάσχειν</strong></span> <span class='ocrx_word' id='word_1_494' title='bbox 515 4481 551 4551; x_wconf 77' lang='grc' dir='ltr'><strong>μὴ</strong></span> <span class='ocrx_word' id='word_1_495' title='bbox 571 4479 630 4533; x_wconf 83' lang='grc' dir='ltr'><strong>ὄντα</strong></span> <span class='ocrx_word' id='word_1_496' title='bbox 648 4480 728 4534; x_wconf 85' lang='grc' dir='ltr'><strong>ταύτὰ</strong></span> <span class='ocrx_word' id='word_1_497' title='bbox 746 4480 833 4534; x_wconf 80' lang='grc' dir='ltr'><strong>ἀδύνα·</strong></span> <span class='ocrx_word' id='word_1_498' title='bbox 885 4487 941 4535; x_wconf 83' lang='grc' dir='ltr'><strong>νεῖν.</strong></span> <span class='ocrx_word' id='word_1_499' title='bbox 964 4482 1106 4536; x_wconf 83' lang='lat' dir='ltr'><strong>Schneider</strong></span> <span class='ocrx_word' id='word_1_500' title='bbox 1116 4480 1168 4538; x_wconf 83' lang='grc' dir='ltr'><strong>,καὶ</strong></span> <span class='ocrx_word' id='word_1_501' title='bbox 1185 4478 1413 4556; x_wconf 81' lang='grc' dir='ltr'><strong>δμοιοσχημονοῖεν.</strong></span> <span class='ocrx_word' id='word_1_502' title='bbox 1438 4491 1545 4541; x_wconf 82' lang='lat' dir='ltr'><strong>verbum</strong></span> 
     </span>
     <span class='ocr_line' id='line_1_43' title="bbox 176 4565 1544 4639; baseline 0.005 -18"><span class='ocrx_word' id='word_1_503' title='bbox 176 4568 221 4622; x_wconf 87' lang='grc' dir='ltr'><strong>τόν</strong></span> <span class='ocrx_word' id='word_1_504' title='bbox 234 4583 308 4639; x_wconf 89' lang='grc' dir='ltr'><strong>φησιν</strong></span> <span class='ocrx_word' id='word_1_505' title='bbox 321 4567 381 4621; x_wconf 86' lang='grc' dir='ltr'><strong>εῖναι</strong></span> <span class='ocrx_word' id='word_1_506' title='bbox 395 4572 499 4622; x_wconf 84' lang='lat' dir='ltr'><strong>volebet</strong></span> <span class='ocrx_word' id='word_1_507' title='bbox 510 4571 646 4622; x_wconf 85' lang='lat' dir='ltr'><strong>Buscherd</strong></span> <span class='ocrx_word' id='word_1_508' title='bbox 665 4565 679 4637; x_wconf 89' lang='grc' dir='ltr'><strong>ΙΙ</strong></span> <span class='ocrx_word' id='word_1_509' title='bbox 699 4566 786 4628; x_wconf 83' lang='grc' dir='ltr'><strong>ἁπλῶς</strong></span> <span class='ocrx_word' id='word_1_510' title='bbox 804 4568 833 4622; x_wconf 85' lang='grc' dir='ltr'><strong>τό</strong></span> <span class='ocrx_word' id='word_1_511' title='bbox 885 4580 924 4624; x_wconf 84' lang='lat' dir='ltr'><strong>est</strong></span> <span class='ocrx_word' id='word_1_512' title='bbox 934 4571 1128 4622; x_wconf 80' lang='lat' dir='ltr'><strong>Democriteum</strong></span> <span class='ocrx_word' id='word_1_513' title='bbox 1147 4571 1178 4621; x_wconf 82' lang='lat' dir='ltr'><strong>ef.</strong></span> <span class='ocrx_word' id='word_1_514' title='bbox 1195 4572 1288 4625; x_wconf 80' lang='lat' dir='ltr'><strong>Pleuit</strong></span> <span class='ocrx_word' id='word_1_515' title='bbox 1299 4576 1340 4626; x_wconf 83' lang='lat' dir='ltr'><strong>tv</strong></span> <span class='ocrx_word' id='word_1_516' title='bbox 1353 4574 1411 4628; x_wconf 72' lang='lat'><strong>19:</strong></span> <span class='ocrx_word' id='word_1_517' title='bbox 1434 4595 1460 4628; x_wconf 85' lang='lat' dir='ltr'><strong>v.</strong></span> <span class='ocrx_word' id='word_1_518' title='bbox 1472 4578 1544 4629; x_wconf 86' lang='lat' dir='ltr'><strong>Prol.</strong></span> 
     </span>
     <span class='ocr_line' id='line_1_44' title="bbox 177 4650 1544 4732; baseline 0.004 -22"><span class='ocrx_word' id='word_1_519' title='bbox 177 4652 338 4710; x_wconf 88' lang='grc' dir='ltr'><strong>ἀλλοιοῦσθαι</strong></span> <span class='ocrx_word' id='word_1_520' title='bbox 360 4653 425 4724; x_wconf 80' lang='grc' dir='ltr'><strong>λέγει</strong></span> <span class='ocrx_word' id='word_1_521' title='bbox 443 4657 546 4728; x_wconf 86' lang='grc' dir='ltr'><strong>πάσχειν</strong></span> <span class='ocrx_word' id='word_1_522' title='bbox 570 4662 636 4711; x_wconf 88' lang='lat' dir='ltr'><strong>eoni.</strong></span> <span class='ocrx_word' id='word_1_523' title='bbox 659 4655 802 4710; x_wconf 85' lang='lat' dir='ltr'><strong>Schneider</strong></span> <span class='ocrx_word' id='word_1_524' title='bbox 821 4655 834 4725; x_wconf 81' lang='grc' dir='ltr'><strong>Η</strong></span> <span class='ocrx_word' id='word_1_525' title='bbox 887 4650 985 4727; x_wconf 69' lang='grc' dir='ltr'><strong>ρθῖθ.</strong></span> <span class='ocrx_word' id='word_1_526' title='bbox 1008 4655 1053 4708; x_wconf 84' lang='grc' dir='ltr'><strong>καὶ</strong></span> <span class='ocrx_word' id='word_1_527' title='bbox 1074 4655 1111 4726; x_wconf 76' lang='grc' dir='ltr'><strong>μὴ</strong></span> <span class='ocrx_word' id='word_1_528' title='bbox 1136 4654 1260 4728; x_wconf 69' lang='grc' dir='ltr'><strong>ἐνοχλοῖεν</strong></span> <span class='ocrx_word' id='word_1_529' title='bbox 1284 4662 1353 4713; x_wconf 87' lang='lat' dir='ltr'><strong>eoui.</strong></span> <span class='ocrx_word' id='word_1_530' title='bbox 1375 4662 1509 4715; x_wconf 86' lang='lat' dir='ltr'><strong>Bureherd</strong></span> <span class='ocrx_word' id='word_1_531' title='bbox 1529 4658 1544 4732; x_wconf 91' lang='grc' dir='ltr'><strong>ΙΙ</strong></span> 
     </span>
     <span class='ocr_line' id='line_1_45' title="bbox 177 4740 1546 4815; baseline 0.005 -20"><span class='ocrx_word' id='word_1_532' title='bbox 177 4743 216 4814; x_wconf 77' lang='grc' dir='ltr'><strong>τῷ</strong></span> <span class='ocrx_word' id='word_1_533' title='bbox 238 4746 338 4796; x_wconf 85' lang='lat' dir='ltr'><strong>eddidit</strong></span> <span class='ocrx_word' id='word_1_534' title='bbox 363 4745 517 4813; x_wconf 83' lang='lat' dir='ltr'><strong>Philippeon</strong></span> <span class='ocrx_word' id='word_1_535' title='bbox 541 4743 555 4814; x_wconf 82' lang='grc' dir='ltr'><strong>ΙΙ</strong></span> <span class='ocrx_word' id='word_1_536' title='bbox 581 4747 614 4799; x_wconf 90' lang='grc'><strong>14</strong></span> <span class='ocrx_word' id='word_1_537' title='bbox 640 4743 713 4815; x_wconf 82' lang='grc' dir='ltr'><strong>φησὶ,</strong></span> <span class='ocrx_word' id='word_1_538' title='bbox 740 4751 777 4814; x_wconf 85' lang='grc' dir='ltr'><strong>τῷ</strong></span> <span class='ocrx_word' id='word_1_539' title='bbox 798 4747 834 4798; x_wconf 94' lang='lat' dir='ltr'><strong>P:</strong></span> <span class='ocrx_word' id='word_1_540' title='bbox 888 4743 922 4800; x_wconf 74' lang='lat'><strong>29</strong></span> <span class='ocrx_word' id='word_1_541' title='bbox 931 4740 1084 4815; x_wconf 85' lang='grc' dir='ltr'><strong>θρύπτεσθαι</strong></span> <span class='ocrx_word' id='word_1_542' title='bbox 1092 4747 1285 4800; x_wconf 79' lang='lat' dir='ltr'><strong>Democriteum</strong></span> <span class='ocrx_word' id='word_1_543' title='bbox 1294 4750 1546 4804; x_wconf 66' lang='lat' dir='ltr'><strong>verbumoiPleoit.</strong></span> 
     </span>
     <span class='ocr_line' id='line_1_46' title="bbox 179 4829 1546 4904; baseline 0.006 -22"><span class='ocrx_word' id='word_1_544' title='bbox 179 4830 250 4901; x_wconf 81' lang='grc' dir='ltr'><strong>φησί,</strong></span> <span class='ocrx_word' id='word_1_545' title='bbox 270 4829 299 4883; x_wconf 85' lang='grc' dir='ltr'><strong>τό</strong></span> <span class='ocrx_word' id='word_1_546' title='bbox 316 4833 353 4885; x_wconf 75' lang='lat' dir='ltr'><strong>F:</strong></span> <span class='ocrx_word' id='word_1_547' title='bbox 378 4850 444 4886; x_wconf 84' lang='lat' dir='ltr'><strong>corr.</strong></span> <span class='ocrx_word' id='word_1_548' title='bbox 467 4836 551 4885; x_wconf 88' lang='lat' dir='ltr'><strong>Zeller</strong></span> <span class='ocrx_word' id='word_1_549' title='bbox 576 4830 590 4902; x_wconf 79' lang='grc' dir='ltr'><strong>ΙΙ</strong></span> <span class='ocrx_word' id='word_1_550' title='bbox 615 4829 679 4884; x_wconf 83' lang='grc' dir='ltr'><strong>ἀλλὰ</strong></span> <span class='ocrx_word' id='word_1_551' title='bbox 701 4830 745 4882; x_wconf 81' lang='grc' dir='ltr'><strong>καὶ</strong></span> <span class='ocrx_word' id='word_1_552' title='bbox 764 4829 835 4902; x_wconf 78' lang='grc' dir='ltr'><strong>ἕτερα</strong></span> <span class='ocrx_word' id='word_1_553' title='bbox 887 4836 905 4885; x_wconf 94' lang='lat' dir='ltr'><strong>l.</strong></span> <span class='ocrx_word' id='word_1_554' title='bbox 919 4852 941 4886; x_wconf 91' lang='lat' dir='ltr'><strong>o.</strong></span> <span class='ocrx_word' id='word_1_555' title='bbox 959 4835 1033 4887; x_wconf 92' lang='lat' dir='ltr'><strong>Prol.</strong></span> <span class='ocrx_word' id='word_1_556' title='bbox 1050 4835 1101 4886; x_wconf 83' lang='grc' dir='ltr'><strong>λα.</strong></span> <span class='ocrx_word' id='word_1_557' title='bbox 1122 4831 1136 4904; x_wconf 76' lang='grc' dir='ltr'><strong>ΙΙ</strong></span> <span class='ocrx_word' id='word_1_558' title='bbox 1161 4831 1190 4886; x_wconf 86' lang='grc' dir='ltr'><strong>τὸ</strong></span> <span class='ocrx_word' id='word_1_559' title='bbox 1212 4831 1381 4904; x_wconf 85' lang='grc' dir='ltr'><strong>πυκνούμενον</strong></span> <span class='ocrx_word' id='word_1_560' title='bbox 1398 4839 1456 4890; x_wconf 83' lang='lat' dir='ltr'><strong>PF:</strong></span> <span class='ocrx_word' id='word_1_561' title='bbox 1480 4854 1546 4890; x_wconf 83' lang='lat' dir='ltr'><strong>corr.</strong></span> 
     </span>
     <span class='ocr_line' id='line_1_47' title="bbox 178 4916 1546 4993; baseline 0.006 -21"><span class='ocrx_word' id='word_1_562' title='bbox 178 4916 239 4973; x_wconf 85' lang='grc' dir='ltr'><strong>ῦντα</strong></span> <span class='ocrx_word' id='word_1_563' title='bbox 257 4924 334 4972; x_wconf 80' lang='grc' dir='ltr'><strong>ποιεῖν</strong></span> <span class='ocrx_word' id='word_1_564' title='bbox 352 4918 400 4992; x_wconf 84' lang='grc' dir='ltr'><strong>οὑχ</strong></span> <span class='ocrx_word' id='word_1_565' title='bbox 419 4920 503 4992; x_wconf 84' lang='grc' dir='ltr'><strong>ῖτερα,</strong></span> <span class='ocrx_word' id='word_1_566' title='bbox 525 4918 581 4974; x_wconf 85' lang='grc' dir='ltr'><strong>ἀλλ’</strong></span> <span class='ocrx_word' id='word_1_567' title='bbox 603 4917 728 4991; x_wconf 72' lang='grc' dir='ltr'><strong>ηταυτόν</strong></span> <span class='ocrx_word' id='word_1_568' title='bbox 745 4937 769 4971; x_wconf 91' lang='grc' dir='ltr'><strong>τι</strong></span> <span class='ocrx_word' id='word_1_569' title='bbox 786 4938 834 4974; x_wconf 84' lang='grc' dir='ltr'><strong>πα·</strong></span> <span class='ocrx_word' id='word_1_570' title='bbox 887 4923 979 4974; x_wconf 87' lang='lat' dir='ltr'><strong>Zeller.</strong></span> <span class='ocrx_word' id='word_1_571' title='bbox 1015 4938 1069 4974; x_wconf 92' lang='lat' dir='ltr'><strong>uon</strong></span> <span class='ocrx_word' id='word_1_572' title='bbox 1088 4924 1199 4975; x_wconf 79' lang='lat' dir='ltr'><strong>conferri</strong></span> <span class='ocrx_word' id='word_1_573' title='bbox 1222 4924 1319 4977; x_wconf 90' lang='lat' dir='ltr'><strong>debent</strong></span> <span class='ocrx_word' id='word_1_574' title='bbox 1336 4923 1546 4993; x_wconf 54' lang='lat' dir='ltr'><strong>nomento</strong></span> 
     </span>
    </p>
   </div>
   <div class='ocr_carea' id='block_1_5' title="bbox 232 5010 1345 5086">
    <p class='ocr_par' dir='ltr' id='par_1_11' title="bbox 232 5010 1345 5086">
     <span class='ocr_line' id='line_1_48' title="bbox 232 5010 1345 5086; baseline 0.003 -12"><span class='ocrx_word' id='word_1_575' title='bbox 232 5034 321 5083; x_wconf 75' lang='lat' dir='ltr'><strong>niele.</strong></span> <span class='ocrx_word' id='word_1_576' title='bbox 340 5019 484 5086; x_wconf 71' lang='lat' dir='ltr'><strong>noxogre&#39;put</strong></span> <span class='ocrx_word' id='word_1_577' title='bbox 502 5036 584 5085; x_wconf 71' lang='lat' dir='ltr'><strong>groeci.</strong></span> <span class='ocrx_word' id='word_1_578' title='bbox 1302 5010 1345 5077; x_wconf 80' lang='grc'><strong>33</strong></span> 
     </span>
    </p>
   </div>
   <div class='ocr_carea' id='block_1_6' title="bbox 0 0 1738 5588">
    <p class='ocr_par' dir='ltr' id='par_1_12' title="bbox 0 0 1738 5588">
     <span class='ocr_line' id='line_1_49' title="bbox 0 0 1738 5588; baseline 0 0"><span class='ocrx_word' id='word_1_579' title='bbox 0 0 1738 5588; x_wconf 95' lang='lat' dir='ltr'><strong> </strong></span> 
     </span>
    </p>
   </div>
  </div>
 </body>
</html>
