3442 5588
177 308 240 373 512
435 313 636 395 offrolrrr
648 314 1013 365 νιιιπυευειιυιιαυοιι
1033 312 1144 364 ονε-ε
1163 311 1197 365 23
1210 322 1270 360 1-a

228 479 362 560 γενέσθαι
394 482 443 545 καὶ
472 483 521 545 τὸν
552 481 620 544 θεὸν
650 481 697 544 καὶ
729 480 765 543 τά
787 489 918 569 στοιχεῖα
940 483 988 546 καί
1010 483 1045 545 τὰ
1068 483 1098 546 ἐν
1121 483 1219 553 αὐτοῖς
1240 485 1334 547 πάντα
1356 482 1407 547 καὶ
1431 481 1497 565 ζῶα

226 583 273 645 καὶ
296 583 381 661 ἄλλα,
404 588 446 654 ὡς
468 584 559 668 μηδὲν
582 586 656 668 μήτε
677 582 806 665 γίνεσθαι
830 587 904 671 μήτε
926 586 1104 662 συνεστάναι,
1126 585 1152 648 εἰ
1175 586 1216 670 μή
1239 587 1273 649 ἐκ
1295 591 1354 650 τῶν
1369 585 1493 665 ἀτόμιυν

225 683 281 768 εἴη.
326 687 377 756 τὰς
409 687 441 749 δὲ
478 687 604 768 ἀτόμους
634 686 670 749 τὰ
707 687 958 773 λεπτομερέστατα
994 686 1129 770 σώμαθ’,
1161 688 1202 752 ῶν
1233 688 1287 753 οὐκ
1316 688 1351 752 ἂν
1380 686 1497 770 γίνοιτο

227 787 343 872 κέντρον
373 790 442 854 οὐδὲ
471 794 591 874 σημεῖον
621 789 704 852 οὐδὲν
738 789 806 853 οὐδὲ
837 790 972 874 διαίρεσις
999 791 1135 873 οὐδεμία,
1164 788 1222 876 ἔφη
1249 788 1338 853 εἶναι·
1369 791 1416 854 διὸ
1444 790 1496 853 καί

194 890 356 972 3άτόμους
384 892 474 961 αὐτὰς
501 892 646 975 ὠνόμασε.
821 892 869 954 τδν
898 891 931 955 δὲ
960 892 1029 957 θεὸν
1058 895 1209 975 ὁμολογῶν
1232 891 1304 956 εἶναι
1327 892 1420 957 ἀίδιον
1443 891 1526 954 καλε

229 992 379 1078 άφθαρτόν
402 1016 474 1079 φησι
497 996 620 1077 μηδενὸς
643 999 784 1078 προνοεῖν,
808 995 856 1057 καὶ
879 993 956 1064 όλως
977 995 1114 1079 πρόνοιαν
1137 997 1178 1079 μὴ
1202 993 1275 1058 εἶναι
1297 995 1374 1077 μηδὲ
1396 995 1495 1078 είμαρ

230 1095 328 1179 μένην,
351 1097 427 1160 ἀλλὰ
449 1098 541 1160 πάντα
563 1097 773 1182 αὐτοματισμῷ
796 1096 937 1178 γίνεσθαι.
981 1096 1133 1182 καθῆσθαι
1155 1099 1209 1181 γὰρ
1230 1098 1279 1160 τδν
1302 1097 1372 1160 θεὸν
1387 1097 1417 1160 ἐν
1432 1102 1494 1166 τοῖς

229 1200 432 1280 μετακοσμίοις
460 1199 537 1262 οὕτω
566 1200 754 1281 καλουμένοις
776 1198 826 1262 ὑπ’
854 1200 958 1263 αὐτοῦ·
989 1197 1045 1268 ἔξω
1072 1202 1125 1284 γάρ
1153 1224 1179 1263 τι
1204 1203 1256 1263 τοῦ
1279 1199 1392 1282 κόσμου
1414 1199 1494 1282 οίκη·

228 1303 325 1383 τήριον
355 1306 407 1364 τοῦ
439 1301 510 1365 θεοῦ
540 1299 626 1365 ἔθετο
657 1301 729 1365 εἶναι
760 1303 913 1384 λεγόμενον
943 1302 979 1364 τά
1010 1302 1205 1385 μετακόσμια,
1235 1300 1363 1385 ἥδεσθαί
1390 1325 1421 1365 τε
1444 1302 1493 1364 καὶ

229 1404 387 1488 ἡσυχάζειν
410 1405 440 1468 ἐν
462 1410 500 1488 τῃ
524 1406 670 1488 ἀκροτάτῃ
693 1404 858 1489 εὐφροσύνῃ
881 1405 929 1467 καὶ
952 1401 1019 1467 οὐτε
1041 1405 1128 1468 αὐτὸν
1154 1406 1308 1489 πράγματα
1328 1402 1408 1489 ἔχειν
1425 1402 1494 1466 οὐτε
1512 1424 1536 1462 ιυ

198 1515 212 1565 l
232 1503 313 1589 ἄλλῳ
336 1508 485 1591 παρέχειν.
639 1506 665 1593 ᾦ
689 1509 851 1570 ἀκόλουθον
873 1507 922 1570 καὶ
944 1507 993 1568 τόν
1016 1507 1080 1590 περὶ
1102 1512 1161 1570 τῶν
1184 1512 1283 1592 σοφῶν
1305 1507 1418 1590 ἀνδρῶν
1446 1529 1493 1569 πε-

230 1606 347 1690 ποίηται
370 1609 455 1691 λόηον
487 1611 579 1692 λέγων
606 1613 639 1674 τδ
666 1611 748 1679 τέλος
776 1615 828 1693 τῆς
850 1611 954 1693 σοφίας
976 1607 1048 1671 εἶναι
1071 1611 1188 1694 ἡδονήν.
1232 1608 1314 1673 ἄλλοι
1337 1610 1371 1673 δέ
1395 1608 1493 1679 ἄλλως

230 1711 263 1772 τδ
287 1708 379 1792 ὄνομα
400 1717 452 1794 τῆς
476 1715 583 1796 ήύονής
605 1712 753 1797 ἐξέλαβον·
778 1715 805 1775 οί
828 1713 880 1795 μὲν
902 1712 958 1795 γὰρ
979 1712 1031 1795 τὴν
1048 1712 1121 1775 κατὰ
1135 1711 1186 1781 τὰς
1202 1711 1310 1795 θνητὰς
1325 1711 1493 1794 ἐπιθυμίας,

197 1815 259 1874 σοί
291 1813 324 1876 δέ
355 1815 407 1896 τήν
437 1814 484 1876 ἐπὶ
514 1821 551 1896 τῃ
583 1817 673 1898 άρετῇ
704 1816 821 1899 ἡδονήν.
973 1814 1024 1883 τὰς
1056 1814 1089 1876 δέ
1115 1814 1211 1899 ψυχὰς
1236 1818 1296 1877 τῶν
1324 1816 1493 1899 ἀνθρώπων

227 1915 348 1979 λόεσθαι
372 1917 434 1998 τίμα
455 1920 514 1986 τοῖς
537 1921 685 2000 σώμασιν,
707 1918 807 2000 ὥσπερ
828 1916 877 1979 καὶ
903 1916 1110 1998 συγγεννᾶσθαι
1138 1916 1235 1985 αὐτοῖς
1260 1916 1382 1981 τίθεται.
1417 1917 1492 1999 αίμα
1510 1937 1533 1975 ιε

228 2018 282 2100 γὰρ
305 2019 394 2088 αὐτὰς
416 2017 499 2094 είναι,
522 2020 556 2083 οὐ
580 2020 746 2089 ἐξελθόντος
769 2017 959 2104 ῆτραπέντος
974 2018 1158 2082 ἀπόλλυσθαι
1176 2019 1243 2082 όλον
1260 2019 1310 2083 τδν
1325 2019 1494 2104 ἄνθρωπον,

227 2118 253 2205 ᾧ
285 2123 443 2186 ἀκολουθεῖ
472 2125 546 2208 μήτε
575 2123 683 2207 κρίσεις
712 2122 784 2185 εἶναι
807 2121 838 2184 ἐν
855 2116 952 2186 Ἅιδου
987 2123 1062 2205 μήτε
1084 2123 1272 2206 δικαστήρια,
1301 2125 1342 2192 ῶς
1364 2123 1382 2186 δ
1404 2145 1432 2184 τι
1454 2122 1490 2187 ἂν

227 2225 321 2308 δράση
344 2247 387 2293 τις
410 2225 439 2287 ἐν
461 2230 504 2310 τῷ
529 2226 584 2310 βίῳ
607 2226 701 2310 τούτῳ
725 2225 773 2288 καί
796 2225 925 2306 διαλάθῃ
940 2223 1097 2287 ἀνεύθυνον
1113 2222 1186 2286 εἶναι
1201 2227 1360 2294 παντελῶς.
1399 2225 1494 2294 οότιυς

227 2322 276 2387 οὐν
300 2325 347 2388 καὶ
367 2325 575 2412 Ἐπίκουρος.

313 2431 354 2495 23
392 2427 482 2514 Ἄλλη
505 2432 538 2493 δὲ
559 2431 666 2514 αίρεσις
688 2430 856 2515 φιλοσόφων
879 2428 993 2514 ἐκλήθη
1012 2427 1256 2514 Ἀκαδημαϊκή
1280 2430 1329 2494 διὰ
1351 2429 1385 2492 τὸ
1405 2428 1435 2492 ἐν
1450 2433 1490 2510 τή
1508 2449 1533 2487 τι

223 2527 386 2616 Ἀκαδημίᾳ
409 2534 459 2602 τὰς
483 2533 628 2618 διατριβάς
650 2533 756 2603 αὐτοὺς
778 2533 941 2609 ποιεῖσθαι,
972 2533 1012 2596 ῶν
1035 2533 1121 2619 ἄρξας
1145 2535 1160 2597 ό
1185 2532 1346 2617 Πύρρων,
1375 2529 1428 2615 ἀφ’
1457 2531 1493 2595 οὐ

226 2632 445 2717 Πυρρώνειοι
480 2636 648 2719 ἐκλήθησαν
684 2637 854 2721 φιλόσοφοι,
887 2637 940 2720 τήν
971 2635 1172 2720 ἀκαταληψίαν
1206 2635 1341 2697 ἁπάντων
1373 2638 1492 2717 πρῶτος

224 2734 390 2818 εἰσήγαγεν,
419 2743 459 2807 ῶς
481 2739 637 2823 ἐπιχειρεῖν
661 2739 712 2820 μέν
738 2738 778 2808 είς
800 2739 938 2823 ἑκάτερα,
967 2740 1008 2823 μὴ
1032 2739 1129 2820 μέντοι
1151 2737 1364 2822 ἀποφαίνεσθαι
1388 2736 1490 2820 μηδέν.

192 2845 208 2896 2
247 2843 251 2850 '
270 2839 419 2924 οὐδὲνγὰρ
431 2839 503 2903 εἶναι
516 2839 583 2904 οὔτε
597 2847 656 2905 τῶν
667 2847 779 2924 νοητῶν
791 2840 858 2904 οὔτε
869 2846 927 2904 τῶν
939 2842 1089 2925 αἰσθητῶν
1101 2841 1222 2924 άληθίς,
1237 2839 1312 2904 ἀλλὰ
1325 2841 1419 2903 δοκεῖν
1432 2844 1492 2909 τοῖς

226 2941 391 3024 ἀνθρώποις
408 2944 500 3013 οὕτως
517 2943 605 3030 ἔχειν.
640 2947 760 3030 ρευστήν
777 2968 808 3007 τε
819 2943 892 3007 εἶναι
904 2944 956 3027 τήν
968 2944 1068 3008 οὐσίαν
1080 2948 1175 3008 πᾶσαν
1187 2943 1235 3007 καί
1248 2942 1431 3028 μεταβλητήν
1443 2942 1492 3005 καὶ
1509 2961 1534 3000 τε

141 3050 144 3056 ’
191 3044 418 3126 3μηδέπυτεέν
435 3051 476 3130 τῷ
500 3047 581 3131 αὐτῷ
598 3047 702 3129 μένειν.
832 3048 859 3110 οί
876 3047 928 3128 μὲν
944 3044 994 3109 οὐν
1009 3051 1067 3108 τῶν
1083 3043 1495 3127 Ἀκαδῃμαϊκῶνλέῃουσι

226 3147 266 3230 μὴ
291 3148 349 3210 δεῖν
371 3148 423 3230 τήν
445 3150 541 3233 ἀρχὴν
564 3149 628 3233 περὶ
652 3151 776 3233 μηδενός
798 3147 1024 3233 ἀποφαίνεσθαι,
1047 3146 1112 3211 οἰλλ>
1134 3150 1235 3216 ἁπλῶς
1250 3145 1493 3232 ἐπιχειρήσαντας

178 3327 375 3334 ..ψ-...ο-

176 3429 311 3498 1στοιχεῑα
322 3429 365 3480 καὶ
375 3430 744 3498 θεσπιστοιχτῐαΤεστυιχεῖα
752 3430 832 3480 πάντα
883 3428 912 3481 τὸ
936 3431 1058 3498 μακάριον
1081 3427 1124 3480 καλ
1147 3422 1276 3497 ἄφθαρτον
1304 3424 1359 3478 οὐτ’
1389 3425 1452 3480 αὐτό
1481 3430 1542 3496 πρά-

175 3517 218 3568 καί
241 3518 262 3568 C
279 3513 290 3579 li
306 3516 385 3567 πάντα
399 3517 478 3567 θείνει
499 3527 557 3567 onte
572 3517 604 3567 τὰ
622 3516 648 3567 ἐν
667 3513 750 3573 αὐτοῖς
770 3515 831 3581 (om.
884 3513 960 3585 ηματ’
981 3516 1034 3585 ίχτι
1047 3514 1103 3569 οὐτ’
1120 3513 1189 3584 άλλιρ
1202 3516 1306 3585 ταρίχει
1326 3512 1340 3584 ΙΙ
1363 3515 1393 3567 11
1414 3502 1436 3584 ᾧ
1453 3518 1489 3568 T:
1508 3514 1542 3573 οίς

176 3605 219 3655 καὶ
241 3603 294 3672 ζῷα
311 3603 356 3655 καὶ
376 3600 450 3665 ἄλλα)
469 3604 558 3654 Cedo:
582 3609 690 3673 στοιχεῖα
714 3605 833 3663 καὶτοὺς
884 3608 970 3658 Csed
988 3610 1019 3658 ol.
1043 3605 1119 3659 r.1'1
1143 3600 1157 3672 ΙΙ
1183 3608 1236 3655 τῶν
1255 3605 1346 3655 om.B
1374 3598 1387 3669 11
1416 3602 1448 3656 12
1472 3601 1543 3663 τίλας

176 3691 285 3757 κόσμους
308 3691 351 3740 καὶ
374 3690 405 3740 τὰ
425 3689 450 3741 ίν
474 3688 557 3748 αὐτοῖς
581 3692 661 3743 πάντα
685 3709 737 3744 non
764 3704 832 3744 recto
884 3691 968 3751 αὐτοῖς
993 3693 1054 3745 εἶναι
1081 3695 1104 3744 Τ
1131 3690 1145 3760 ΙΙ
1179 3690 1210 3743 13
1237 3691 1304 3744 κατὰ
1330 3686 1391 3759 ίθνη
1420 3691 1465 3749 τὰς
1492 3689 1542 3743 ἐπι-

176 3782 287 3831 conioolt
309 3780 412 3844 Roeper
432 3776 445 3846 ΙΙ
466 3777 481 3828 θ
501 3777 564 3846 μήτε
583 3791 642 3843 post
655 3778 732 3848 μηδὲν
744 3782 831 3832 addidi
883 3775 975 3846 θυμίας
1002 3782 1074 3831 libri:
1100 3779 1148 3848 τήν
1174 3778 1241 3829 κατὰ
1268 3778 1312 3836 τὰς
1342 3774 1436 3846 θνητὰς
1459 3775 1542 3831 ἐπιθυ

173 3884 205 3919 ox
226 3867 301 3918 (λοστ.
316 3862 331 3932 ΙΙ
346 3863 459 3933 γενέσθαι
476 3861 719 3935 οει1ε.ΙΙμηδὶΒΙΙ
734 3867 832 3918 ίστάναι
884 3865 941 3934 μίας
967 3883 980 3917 ε
1005 3869 1080 3919 Codr.
1099 3869 1208 3918 correxi.
1236 3876 1312 3917 antea
1338 3861 1398 3916 κατ’
1431 3861 1543 3934 αίσθησνι

173 3955 250 4006 Cedr.
271 3951 283 4019 11
309 3953 325 4004 3
352 3952 389 4021 εἴη
409 3955 479 4006 libri:
499 3953 530 4022 ήν
550 3956 625 4006 Οεδι.
647 3952 660 4024 ΙΙ
680 3953 788 4023 ἀτόμους
805 3952 831 4005 δὲ
883 3956 999 4021 Βοερει,
1031 3955 1184 4024 κατενόησαν
1212 3955 1395 4019 Gottingoooeo
1428 3963 1541 4005 τεοτετε-

171 4039 268 4110 λέγουσι
280 4039 310 4092 τὸ
322 4038 543 4110 λεπτομερέστερον
556 4042 599 4092 καὶ
618 4039 676 4110 μεθ’
693 4040 729 4093 ῶν
741 4043 829 4093 Cedo:
882 4051 940 4093 runt
961 4038 974 4112 ΙΙ
997 4042 1029 4095 15
1048 4039 1178 4111 γεννᾶσθαι
1196 4043 1220 4093 Τ
1235 4038 1248 4109 ΙΙ
1263 4039 1323 4108 αίμα
1342 4042 1420 4092 Codr.
1432 4050 1461 4092 ετ
1472 4042 1541 4092 libri:

172 4130 217 4186 τὰς
229 4127 250 4180 δ.
265 4129 288 4180 ἀ.
302 4127 330 4179 τδ
343 4126 570 4196 λεπτυμερίστατον
584 4130 627 4181 καὶ
640 4127 699 4196 μεθ’
717 4127 745 4181 οὐ
759 4132 830 4181 libri:
883 4134 1032 4183 manifestus
1064 4132 1197 4196 Hippolyti
1234 4145 1314 4180 orror.
1351 4124 1478 4195 ἄθροισμα
1505 4145 1542 4179 ιο·

177 4235 242 4268 corr.
253 4220 361 4269 Usener.
374 4213 411 4283 ἐφ’
425 4213 453 4266 οὐ
465 4219 504 4266 vel
515 4214 572 4269 καθ’
586 4215 615 4269 οὐ
625 4221 714 4270 celorio
724 4221 831 4270 servatio
884 4223 1009 4286 scripturo
1020 4221 1061 4280 (of.
1068 4221 1172 4283 Epicur.
1180 4214 1371 4282 apniogxffi
1381 4212 1543 4282 διαλυομίναν

173 4307 278 4370 Rooper
289 4301 330 4369 ll'l
345 4301 526 4372 αὐτοματισμῷ
541 4308 630 4357 Cedr:
648 4303 831 4371 αὐτοματισμὸν
883 4308 928 4357 τοῦ
947 4303 1006 4357 όλου
1024 4304 1189 4373 ἀθροίσματος
1201 4303 1217 4373 ή
1230 4303 1300 4374 ψυχή
1313 4301 1490 4371 διασπείρεται)
1503 4304 1542 4354 rol

171 4394 207 4443 T:
227 4391 293 4442 κατὰ
306 4388 491 4458 αὐτοματισμὸν
505 4394 526 4443 C
539 4395 617 4456 vulgo
632 4389 646 4461 ΙΙ
659 4389 831 4444 καθεῖσθαιΒ
885 4397 959 4460 σῶμα
983 4394 1068 4443 obolo:
1092 4390 1228 4459 τραπέντος
1251 4410 1275 4441 v.
1293 4393 1324 4445 16
1349 4387 1363 4457 11
1391 4389 1422 4442 17
1447 4388 1485 4442 ῶν
1507 4387 1543 4442 δτι

172 4475 393 4546 oblitteratum118
403 4475 556 4547 καλούμτναν
566 4480 624 4530 BT:
634 4477 831 4547 καλουμίνουίῖι
884 4479 954 4530 libri:
974 4496 1040 4530 oorr.
1054 4480 1157 4544 Roopor
1171 4475 1186 4547 Η
1210 4478 1241 4530 19
1260 4478 1303 4529 καὶ
1322 4474 1336 4528 δ
1348 4479 1372 4529 Β
1385 4475 1399 4546 ΙΙ
1417 4476 1454 4530 θθ
1467 4479 1543 4530 beor.

175 4582 240 4617 corr.
273 4567 421 4618 Gronovius
456 4563 469 4633 11
504 4567 537 4619 10
567 4565 592 4617 ἔν
626 4584 652 4618 τε
680 4569 702 4617 L
730 4563 745 4633 Η
775 4560 832 4615 οὐτε
884 4575 944 4619 anto
964 4584 986 4617 υ.
1000 4564 1034 4618 23
1058 4568 1148 4618 inserit
1172 4575 1247 4630 caput
1270 4566 1302 4616 do
1321 4565 1409 4617 Sextio
1428 4576 1455 4617 ετ
1480 4568 1542 4632 Pyr·

175 4650 251 4704 αὐτόν
269 4657 372 4721 πρᾶγμα
391 4651 457 4721 ἔχειν
475 4649 533 4705 οὐτε
545 4651 614 4722 ἄλλῃ
628 4656 663 4705 T:
683 4648 739 4703 οὐτε
758 4649 832 4710 αὐτὸς
885 4655 1010 4705 :bonibus
1023 4669 1150 4719 nugarum
1164 4654 1268 4718 plenum
1283 4647 1297 4718 ΙΙ
1311 4649 1513 4720 όκαδαμαῖκὴΒ
1529 4647 1542 4719 ΙΙ

175 4736 289 4805 βούλεται
312 4740 446 4808 πράγματα
470 4738 536 4809 ἔχειν
563 4737 620 4791 οὐτε
644 4737 712 4806 ἄλλῳ
742 4741 831 4790 Cedo:
886 4738 919 4792 22
944 4739 1078 4809 πυρρῶνιοι
1102 4742 1160 4792 libri
1184 4737 1198 4806 ΙΙ
1223 4734 1401 4808 ίπτκλήθησαν
1422 4741 1501 4792 Godr.
1530 4737 1543 4805 ΙΙ

172 4827 238 4895 μήτε
262 4826 338 4879 αὐτόν
361 4830 495 4896 πράγματα
523 4827 588 4896 ἔχειν
617 4828 681 4896 μήτε
704 4824 788 4883 ἄλλοις
811 4829 832 4878 C
885 4827 1002 4879 ἁπάντων
1025 4830 1102 4880 Cedr.
1126 4830 1198 4879 libri:
1222 4827 1323 4877 πάντων
1345 4826 1367 4878 Β
1393 4823 1408 4894 Η
1433 4824 1469 4878 24
1487 4822 1544 4878 οὐτε

172 4917 269 4981 vulgo,
289 4917 334 4968 sed
353 4919 384 4968 el.
403 4918 509 4983 Epicuri
530 4913 832 4981 verba(Diog.X139)
884 4912 973 4983 νοητόν
992 4911 1049 4967 οὐτε
1068 4910 1187 4983 αίσθητδν
1205 4909 1298 4981 όληθίς
1316 4913 1395 4965 (ledr.
