3442 5588
179 284 219 348 76
584 290 609 336 V
645 289 695 337 DE
714 287 791 338 sall
809 287 945 338 DIDYMI
964 288 1128 339 amoma

263 455 329 520 Sed
351 454 482 520 aliunde
504 454 598 520 nohis
620 455 787 538 insperata
808 454 969 538 quaedam
991 455 1047 519 lux
1069 455 1201 522 affulsit.
1233 473 1309 520 nam
1330 454 1417 522 idem
1441 463 1542 541 caput

181 557 267 642 quod
284 565 318 624 et
332 556 491 623 Eusebius
507 564 539 624 et
554 557 715 623 Stohaeus
737 558 841 622 solum
857 577 897 622 ex
912 555 970 622 illa
985 564 1078 641 parte
1100 564 1342 643 excerpserunt,
1365 557 1399 623 in
1413 557 1542 625 Alcinoi

177 665 303 745 ἐπιτομῇ
324 666 382 723 τῶν
399 660 554 730 Πλάτωνος
569 662 719 743 δογμάτων
741 680 768 725 o.
782 660 821 724 12
844 657 949 745 [Plato
966 659 1142 726 odilam.
1159 662 1205 726 Vl
1220 682 1251 745 p.
1266 658 1339 747 166]
1356 667 1517 727 servatur.
1531 661 1538 693 ¹

178 764 232 846 qui
248 783 313 847 qua
328 763 455 830 ratione
470 763 504 829 in
516 763 720 846 excerpendo
733 769 881 827 versatus
896 761 938 826 sit
958 781 976 827 e
990 760 1028 827 fr.
1043 766 1060 827 1
1078 764 1194 847 elucet,
1210 763 1265 829 ubi
1281 770 1434 848 excerpta
1448 763 1542 830 iuxta

177 865 281 949 posui.
325 872 463 949 apparet
486 865 588 930 tribus
608 865 765 948 exemplis
788 864 952 929 minimum
975 886 1073 930 uuum
1095 866 1247 932 mendum
1262 885 1432 935 commune
1455 885 1540 949 esse,

177 966 352 1032 Eusebium
368 968 618 1050 accuratissime,
635 967 811 1033 Stohaeum
827 969 925 1051 paulo
937 966 1173 1052 neglegentius,
1189 969 1355 1035 liberrime
1367 967 1539 1034 Alcinoum

177 1069 344 1152 exemplar·
371 1071 582 1155 expressisse.
625 1070 684 1136 sed
716 1092 771 1136 our
803 1071 855 1136 hic
889 1069 1071 1135 substitisse
1103 1070 1272 1136 credamus
1300 1069 1541 1137 breviatorem?

178 1170 288 1253 quidni
312 1173 422 1255 plura,
450 1171 589 1238 fortasse
611 1173 719 1238 omnia
741 1173 937 1257 transcripta
958 1173 1130 1257 putamus?
1164 1193 1270 1256 neque
1296 1173 1429 1256 desunt,
1455 1192 1541 1255 quae

178 1273 251 1338 huic
274 1273 481 1340 coniecturae
504 1275 645 1341 faveant.
691 1296 759 1340 non
784 1276 856 1341 dico
878 1275 967 1339 illam
990 1280 1151 1340 sectarum
1175 1275 1395 1342 confusionem
1418 1273 1541 1340 Stoico-

179 1397 248 1441 rum
272 1376 513 1442 Platonicorum
530 1378 829 1462 Peripateticorum,
852 1397 948 1461 quam
970 1398 1036 1442 non
1059 1377 1166 1443 minus
1188 1378 1221 1443 in
1236 1376 1362 1443 Alcinoi
1385 1396 1482 1459 quam
1505 1375 1541 1441 in

177 1479 244 1543 Arii
274 1479 424 1563 Epitome
452 1480 599 1546 obtinere
624 1480 716 1545 rides
744 1479 794 1568 [cf.
817 1480 924 1545 Zeller
945 1480 994 1545 III
1018 1482 1034 1544 1
1059 1501 1090 1563 p.
1108 1480 1179 1545 lae.
1226 1480 1339 1545 Prantl
1366 1478 1477 1561 gesch.
1506 1478 1541 1544 d.

177 1583 241 1664 log.
258 1583 272 1646 I
288 1579 373 1666 6101.
407 1582 464 1646 sed
487 1590 626 1665 apparet
648 1588 764 1667 aperta
780 1582 879 1648 Stoici
902 1581 1062 1646 consessio
1086 1602 1113 1647 c.
1131 1584 1154 1647 4
1175 1603 1206 1665 p.
1225 1583 1297 1664 155,
1312 1582 1354 1646 23
1367 1580 1406 1646 Η.
1431 1583 1451 1665 ἡ
1474 1581 1542 1645 τότε

177 1685 318 1767 λεγομένη
346 1684 443 1766 νόησις
472 1690 528 1747 νῦν
555 1685 691 1769 ἐλέχθη
718 1688 826 1769 φυσικὴ
853 1684 986 1759 ἔννοια,
1015 1684 1110 1749 simili
1136 1684 1296 1750 vocabulo
1325 1682 1424 1748 utitur
1444 1681 1543 1747 Arius

178 1786 214 1852 ir.
231 1789 251 1851 ‘2
274 1785 332 1851 κατ’
361 1786 488 1849 ἐπίνοιαν
504 1786 732 1853 Aristoteleam
748 1787 939 1853 sententiam
955 1786 1123 1870 explicans
1145 1784 1185 1851 cf.
1202 1784 1239 1850 fr.
1255 1786 1308 1850 40.
1332 1785 1462 1850 omnino
1476 1785 1544 1851 ista

177 1889 378 1954 consuetudo
401 1896 436 1952 ut
459 1888 639 1955 Stoicorum
661 1890 816 1955 formulas
838 1895 983 1972 apponat
1004 1886 1072 1951 Arii
1095 1893 1154 1953 est.
1178 1887 1225 1953 sic
1245 1887 1284 1953 fr.
1302 1889 1340 1952 11
1363 1887 1398 1951 in
1419 1887 1543 1952 Aristo-

178 1991 252 2056 telia
279 1990 445 2073 opinione:
478 1997 529 2055 τοῦ
563 1994 595 2055 δὲ
627 1997 772 2075 κινητικοῦ
804 1992 878 2056 κατὰ
910 1990 998 2054 τόπον
1030 1990 1046 2053 ὃ
1078 1991 1114 2073 δὴ
1146 1989 1338 2075 προσείπομεν
1371 1990 1541 2074 ὁρμητικόν.

177 2113 217 2158 ex
234 2092 409 2178 Chrysippi
435 2094 614 2160 imitatione
635 2102 804 2178 poetarum
826 2113 940 2159 versus
962 2091 1126 2156 adduntur
1148 2113 1174 2157 e.
1190 2094 1233 2157 24
1254 2099 1288 2158 et
1303 2093 1345 2158 26
1366 2092 1406 2159 cf.
1423 2092 1540 2159 Galen

176 2195 218 2260 de
230 2194 313 2277 plac.
325 2194 424 2279 Hipp.
436 2203 469 2261 et
481 2197 564 2261 Plat.
577 2218 608 2280 p.
616 2198 687 2263 sol.
704 2196 815 2261 sosK.
838 2194 984 2261 similiter
994 2193 1091 2258 Arius
1103 2194 1202 2259 eclss
1218 2216 1249 2279 p.
1260 2196 1331 2260 110.
1344 2196 1417 2261 220.
1430 2195 1542 2261 254Η.

176 2296 296 2361 deinde
311 2297 549 2380 Peripateticae
564 2298 731 2382 partitioni
753 2296 980 2383 philosophiae
1003 2297 1185 2382 θεωρητικῆς
1207 2302 1241 2363 et
1262 2302 1421 2382 πρακτικῆς
1443 2295 1543 2362 tertia

176 2419 253 2483 pars
268 2402 433 2483 διαλεκτική
456 2401 586 2467 additur
609 2422 635 2467 o.
652 2400 701 2485 θ’,
724 2423 787 2485 quo
804 2401 985 2467 Stoicorum
1009 2398 1170 2483 tripartita
1191 2400 1299 2484 φυσικὴ
1322 2400 1414 2484 ἠθικὴ
1438 2402 1541 2484 λογική

176 2507 385 2583 exaequetur.
430 2504 567 2569 eandem
599 2504 789 2570 divisionem
819 2502 963 2584 sequitur
989 2501 1095 2567 Arius.
1143 2500 1202 2566 sed
1230 2499 1290 2565 hoc
1318 2500 1452 2584 vulgare
1479 2508 1542 2567 est.

176 2603 417 2668 memorabilius
441 2606 528 2687 ‹prod
551 2607 682 2671 moralis
705 2608 794 2670 locus
809 2605 841 2669 in
858 2607 962 2689 ἠθικὸν
978 2606 1159 2686 οἰκονομικὸν
1182 2605 1328 2666 πολιτικὸν
1345 2602 1386 2667 ab
1402 2601 1542 2667 Alcinoo

175 2704 329 2769 dividitur
352 2726 377 2769 c.
395 2708 424 2769 0.
471 2706 622 2772 videlieet
649 2709 720 2791 ipse
746 2715 860 2792 postea
887 2707 1006 2772 oblitus
1035 2726 1120 2789 quae
1141 2703 1335 2787 promiserat
1357 2707 1540 2789 οἰκονομικὸν

175 2806 290 2871 omisit.
337 2807 394 2872 sed
430 2808 580 2874 adhibuit
615 2831 685 2875 sam
720 2810 924 2895 partitionem
955 2809 1051 2874 Arius
1083 2809 1117 2872 in
1144 2806 1328 2873 Aristotelis
1354 2805 1471 2872 ethicis
1499 2805 1541 2871 ef.

175 2930 204 2992 p.
222 2911 293 2973 322.
329 2915 427 2992 atque
455 2911 569 2975 siurilis
600 2913 739 2996 capitum
765 2914 844 2978 ordo
867 2913 899 2976 in
922 2911 1084 2976 Alcinoo
1108 2932 1134 2975 o.
1151 2910 1190 2974 27
1217 2909 1327 2990 ἀγαθόν
1350 2929 1377 2973 o.
1393 2909 1436 2974 28
1458 2909 1541 2979 τέλος

175 3031 203 3074 c..
214 3012 255 3074 20
271 3013 359 3094 ἀρετή
377 3032 403 3074 c.
416 3014 458 3074 30
474 3014 516 3076 ὅτι
534 3016 690 3097 μεσότητες
706 3016 740 3078 ἂν
756 3016 812 3079 εἶεν
836 3037 861 3079 o.
876 3017 912 3078 31
941 3014 984 3077 ὅτι
1001 3014 1136 3077 ἀκούσιον
1158 3013 1191 3074 τὸ
1214 3013 1325 3093 ἀγαθόν
1347 3032 1374 3075 c.
1390 3012 1432 3075 32
1455 3012 1540 3094 πάθη

175 3132 201 3176 c.
225 3113 266 3174 33
295 3106 392 3196 φιλία’,
421 3113 452 3177 in
483 3115 582 3179 Ario
612 3118 671 3181 ccl.
701 3119 764 3183 oth.
789 3141 818 3201 p.
835 3119 898 3181 262
926 3118 990 3200 τρία
1021 3118 1089 3200 γένη
1117 3120 1174 3178 τῶν
1197 3116 1316 3196 ἀγαθῶν
1340 3135 1370 3197 p.
1388 3115 1451 3179 272
1474 3116 1540 3197 περὶ

176 3216 279 3297 ἀρετῆς
302 3221 362 3279 cto.
386 3235 417 3297 p.
432 3217 495 3280 270
517 3218 594 3281 πόσα
610 3219 684 3302 μέρη
708 3226 758 3283 τοῦ
782 3222 894 3301 ἀγαθοῦ
918 3220 964 3280 καὶ
988 3220 1052 3302 περὶ
1076 3223 1186 3282 σκοποῦ
1211 3238 1241 3300 γι.
1257 3216 1321 3281 280
1343 3222 1487 3302 ποσαχῶς
1506 3218 1540 3280 τὸ

175 3317 285 3398 ἀγαθόν
309 3338 339 3399 p.
356 3317 418 3381 202
449 3320 490 3381 ὅτι
524 3321 679 3402 μεσότητες
702 3343 732 3405 γι.
750 3324 812 3385 306
835 3322 898 3403 περὶ
922 3321 1027 3383 παθῶν
1049 3341 1079 3403 p.
1093 3321 1156 3384 308
1180 3320 1243 3402 περὶ
1266 3319 1372 3402 φιλίας.
1417 3317 1540 3384 deindo

174 3417 282 3501 capita
306 3424 432 3483 tantum
455 3440 490 3485 se
514 3428 648 3504 tangere
670 3421 810 3487 inculcat
832 3422 947 3486 Arius

216 3540 247 3602 γι.
283 3520 327 3583 00
348 3522 384 3583 τὰ
406 3526 551 3605 κεφάλαια
574 3530 631 3586 τῶν
654 3526 816 3606 ἀναγκαίων
840 3527 991 3608 δογμάτων
1013 3524 1168 3610 ἀναλαβών

217 3642 246 3704 γι.
264 3623 326 3685 242
348 3623 406 3704 ἐγὼ
430 3623 454 3684 δ’
483 3626 578 3688 ὁπόσα
601 3626 772 3709 προύθέμην
795 3627 928 3690 ἐπελθεῖν
951 3628 980 3689 ἐν
1004 3629 1171 3711 κεφαλαίοις

217 3745 246 3806 p.
264 3725 326 3787 322
348 3730 406 3786 τῶν
431 3727 575 3791 πλείστων
599 3729 817 3811 ἀνειλημμένων
840 3732 984 3813 κεφάλαια

217 3847 246 3909 γι.
264 3828 327 3891 320
350 3829 417 3910 περὶ
440 3830 472 3891 δὲ
495 3834 644 3914 πολιτικῆς
665 3829 741 3894 ταῦτ’
770 3829 804 3892 ἄν
827 3828 873 3912 εἴη
898 3833 1041 3915 κεφαλαια

214 3949 245 4011 p.
262 3931 326 3994 334
349 3933 396 3993 καὶ
420 3937 478 3994 τῶν
503 3934 555 4013 μὲν
578 3936 732 3997 πολιτικῶν
755 3935 791 3996 τὰ
814 3934 957 4015 κεφάλαια
979 3939 1070 3997 ταῦτα

173 4029 258 4094 idcm
276 4038 385 4097 monci
406 4033 590 4098 Alcinous
613 4037 674 4099 ci
698 4058 729 4118 γι.
747 4037 805 4100 161
831 4034 999 4119 προκείσθω
1021 4061 1039 4119 η
1062 4042 1114 4099 τοῦ
1131 4040 1338 4118 μαθηματικοῦ
1355 4039 1468 4121 θεωρία
1491 4038 1537 4101 ἐπὶ

173 4134 338 4214 κεφαλαίων

216 4255 245 4300 o.
261 4237 300 4299 21
327 4258 356 4319 γι.
376 4238 437 4301 1ῖο
458 4238 525 4321 ἑξῆς
550 4239 575 4302 δ’
604 4242 650 4303 ἐπὶ
674 4241 839 4323 κεφαλαίων
863 4242 927 4325 περὶ
950 4246 1009 4304 τῶν
1032 4243 1170 4324 ἠθικῶς.
1190 4243 1408 4326 ..είρημένωκ
1429 4244 1438 4275 ³

246 4426 251 4456 ¹
272 4430 371 4478 titulum
390 4446 485 4491 sequor
503 4447 586 4493 nequo
606 4433 737 4491 vulgarem
755 4425 879 4479 ’.λλκινόοο
898 4427 1033 4498 φιλοσόφου
1052 4430 1176 4499 είσαγωγὴ
1189 4437 1241 4482 τῶν
1255 4429 1387 4499 δογμάτων
1403 4428 1539 4489 Πλάτωνος

173 4530 255 4577 neque
275 4531 349 4578 quem
368 4518 443 4565 linxit
456 4517 485 4566 C.
499 4518 528 4567 F.
543 4520 675 4568 Ilermauu
690 4521 705 4568 l.
719 4535 740 4566 c.
755 4519 856 4579 XVIII,
875 4519 920 4568 sed
933 4534 1008 4581 quem
1028 4520 1196 4584 subscriptum
1216 4521 1293 4570 hahet
1311 4522 1369 4570 cod.
1386 4522 1537 4571 vindobon.

173 4599 206 4651 87
226 4599 359 4663 [Lamhec.
373 4604 425 4652 VII
445 4621 468 4668 p.
487 4603 570 4668 11]ι.
590 4603 641 4657 925
660 4609 777 4671 scriptus.

245 4687 347 4740 ²'aliter
361 4693 446 4742 Laert.
466 4692 507 4741 111
527 4692 561 4743 40
584 4690 738 4761 θεωρητικόν
761 4708 788 4741 τε
811 4692 853 4741 καὶ
872 4690 1017 4759 πρακτικόν.
1042 4692 1155 4744 καὶτῶν
1174 4692 1187 4745 θ
1205 4695 1251 4760 μὲν
1269 4691 1426 4762 θεωρητικὸς
1444 4692 1479 4751 τίς
1497 4692 1539 4745 τὸν

172 4773 275 4841 φυσικὸν
293 4777 337 4828 καὶ
355 4774 462 4845 λογικόν,
481 4776 494 4828 θ
513 4776 539 4830 δὲ
558 4777 694 4847 πρακτικὸς
712 4777 746 4835 τίς
764 4776 805 4829 τὸν
824 4774 913 4846 ἠθικὸν
932 4777 975 4829 καὶ
993 4776 1128 4830 πολιτικόν.
1166 4784 1224 4833 irem
1240 4784 1263 4831 V
1276 4781 1317 4834 28.

244 4860 254 4892 ³
272 4847 429 4915 consitionis
448 4868 506 4916 Aril
525 4885 549 4933 p.
564 4867 597 4920 90
620 4867 675 4935 περὶ
698 4865 724 4918 δὲ
747 4870 799 4915 τῶν
823 4862 921 4932 ἠθικῶν
940 4864 997 4936 ἑξῆς
1016 4866 1151 4935 ποιήσομαι
1170 4867 1210 4918 τὸν
1230 4867 1458 4937 ὐπομνηματισμόν
1477 4907 1484 4921 .
1503 4904 1533 4920 ..
