3442 5588
317 1142 575 1206 flanaAtttttts
598 1142 820 1207 ottaasttts
842 1142 1074 1206 HERMANNO
1099 1141 1290 1205 USENERO
1312 1142 1344 1204 S.

237 1432 305 1494 Non
328 1429 496 1507 mirabere,
516 1438 702 1510 praeceplor
724 1430 898 1504 carissime,
922 1448 942 1491 a
971 1429 1045 1491 Tuo
1066 1429 1189 1491 nomine
1211 1428 1294 1509 quod
1316 1432 1511 1510 auspicatum

147 1534 222 1595 uolo
250 1533 308 1595 boc
330 1533 610 1612 Docoqrapborum
632 1533 781 1595 columen.
820 1532 928 1593 Tuum
951 1533 1030 1594 enim
1053 1538 1098 1594 est
1120 1532 1285 1611 quodiam
1310 1531 1392 1594 Tibi
1413 1533 1511 1597 reddo

148 1656 247 1717 neque
273 1635 307 1697 id
327 1654 389 1697 uno
411 1637 533 1697 nominc
551 1635 668 1696 Tuum.
707 1635 851 1697 nimirum
871 1634 941 1714 fato
963 1653 1022 1696 sua
1043 1634 1132 1697 babet
1155 1644 1183 1696 et
1204 1635 1256 1696 bic
1278 1635 1407 1712 libellus,
1432 1654 1511 1717 quae

152 1757 306 1801 enarrare
331 1758 428 1820 neque
454 1738 656 1800 iniucundum
681 1738 803 1801 ridetur
830 1745 859 1799 et
889 1747 969 1799 certe
996 1738 1104 1799 utilius
1130 1756 1221 1819 quam
1244 1738 1326 1819 quod
1345 1739 1446 1801 solent
1473 1739 1511 1800 de

147 1845 271 1904 ratione
297 1861 358 1904 sua
388 1851 417 1903 et
444 1844 583 1904 instituto
609 1842 810 1922 prooemiari.
856 1840 903 1902 Tu
930 1843 1025 1922 iqitur
1052 1860 1120 1903 cum
1148 1848 1219 1903 onte
1240 1842 1405 1921 aiqinti‚et
1428 1842 1511 1923 quod

148 1955 287 2025 superest
304 1964 404 2008 annos
421 1944 621 2025 Theophrasti
637 1964 735 2006 cansa
749 1945 870 2009 Placita
892 1945 1047 2024 attipisses
1068 1945 1240 2024 spretisque
1259 1945 1401 2023 priorum
1422 1961 1510 2006 som-

149 2049 213 2110 niis
232 2049 352 2127 primm
373 2065 480 2109 oerum
501 2066 607 2109 eorum
627 2047 762 2109 indolem
780 2048 959 2126 perspicere
974 2048 1137 2127 coepisses,
1160 2046 1298 2108 salutare
1318 2046 1415 2107 iniisti
1430 2063 1509 2108 can-

151 2151 254 2211 silium
277 2149 442 2230 colliqendi
463 2150 613 2230 quidquid
627 2152 757 2211 istarum
773 2150 944 2213 litterarum
958 2157 1142 2231 superesset,
1164 2148 1247 2211 uredo
1268 2159 1296 2211 et
1319 2151 1406 2229 oriqo
1429 2168 1509 2228 cpe-

150 2255 266 2314 riretur
297 2262 326 2314 et
357 2272 416 2333 per
446 2261 614 2331 temporum
644 2252 807 2314 decursum
838 2254 1037 2333 propaqatio.
1083 2254 1213 2315 accessit
1245 2253 1351 2314 socius
1387 2251 1511 2314 consilii
1620 2312 1624 2319 .

151 2357 183 2417 0.
212 2353 533 2430 Wacbsmutbius‚
557 2357 609 2436 qui
630 2355 758 2417 Laertio
780 2363 809 2417 ct
831 2354 1019 2435 dioqrapbis
1044 2356 1125 2416 idem
1146 2375 1180 2416 se
1203 2356 1355 2416 auxilinm
1378 2355 1512 2416 laturum

149 2457 363 2537 pollicebatur.
402 2459 454 2539 qui
476 2477 544 2519 cum
564 2459 661 2538 paulo
682 2466 753 2538 post
776 2459 808 2519 in
822 2458 948 2520 ltaliam
970 2457 1129 2537 profectus
1150 2465 1238 2531 esset,
1262 2459 1414 2538 eqreqium
1436 2476 1511 2519 con-

150 2563 284 2623 latorum
312 2559 452 2622 codicum
485 2569 674 2642 apparatum
707 2562 867 2640 conqessit.
911 2561 967 2622 sed
994 2579 1066 2621 moe
1093 2579 1162 2622 cum
1194 2562 1227 2622 in
1260 2561 1356 2623 alium
1385 2569 1511 2640 uterque

148 2664 324 2724 studiorum
346 2683 489 2743 campum
513 2673 686 2736 uocaretur,
709 2664 827 2743 foetum
849 2672 894 2727 est
915 2673 947 2725 ut
959 2665 1086 2743 pristini
1101 2664 1225 2726 consilii
1240 2664 1339 2726 ardor
1358 2665 1512 2745 paulatim

152 2766 376 2846 refriqesceret.
421 2785 459 2828 aa
485 2767 678 2828 metuendum
705 2776 788 2841 erat,
815 2786 853 2829 ne
882 2784 918 2827 eo
940 2765 1101 2845 difficilior
1121 2768 1207 2846 fieret
1230 2784 1290 2846 quo
1312 2766 1411 2845 maqis
1431 2782 1512 2844 pro·

153 2871 379 2931 crastinoretur
394 2868 492 2930 labor.
520 2887 619 2950 quore
635 2869 686 2930 Tu
702 2870 823 2950 quidem
837 2869 988 2931 uicarium
1004 2870 1239 2947 circumspicere
1254 2869 1383 2948 coepisti
1398 2874 1427 2929 et
1442 2885 1510 2927 cum

149 2983 221 3035 ante
244 2982 284 3029 xt
300 2990 399 3033 annos
412 2971 664 3052 pbilosophorum
680 2971 887 3034 Bonnensium
902 2971 980 3033 orda
996 2990 1081 3032 more
1101 2973 1254 3032 maiorum
1276 2969 1319 3033 ad
1340 2969 1511 3032 certamina

149 3076 362 3137 adulescentes
376 3076 531 3150 incitaret,
555 3085 664 3137 auctor
677 3075 776 3154 fuisti,
799 3084 832 3136 ut
846 3075 1033 3137 Placitorum
1048 3075 1197 3136 memoria
1219 3072 1409 3154 explicanda
1430 3088 1511 3151 pra·

146 3187 322 3257 poneretur.
354 3179 475 3238 interim
502 3178 578 3239 mibi
603 3187 635 3240 ut
659 3179 830 3258 periculum
850 3178 986 3257 facerem
1002 3177 1098 3256 facile
1122 3178 1316 3256 persuasisti.
1360 3194 1434 3237 nam
1456 3173 1513 3255 etsi

148 3299 242 3361 quam
265 3279 413 3358 impedita
436 3289 514 3342 esset
536 3282 675 3360 quaestio
695 3279 949 3363 haudquaquam
964 3299 1011 3342 me
1033 3280 1201 3355 celaveras,
1225 3288 1326 3341 tamen
1348 3280 1420 3358 ipsa
1442 3277 1510 3355 dif-

146 3384 270 3462 ficultas
291 3382 454 3444 iuuenilem
469 3383 613 3444 ardorem
633 3385 779 3447 excitauit
801 3390 830 3445 et
852 3382 966 3462 effecit,
990 3391 1023 3443 ut
1044 3384 1130 3445 intro
1148 3384 1353 3463 pereciquum
1375 3382 1510 3460 spatium

147 3494 241 3548 totum
267 3486 392 3547 illarum
420 3487 592 3548 litterarum
620 3487 723 3548 orbem
747 3505 949 3566 peraqrarem
975 3494 1005 3548 et
1032 3495 1171 3549 extrema
1194 3487 1383 3567 quaestionis
1407 3485 1510 3546 lineo·

148 3598 250 3652 menta
279 3597 361 3651 recte
386 3589 564 3669 plerumque
590 3588 815 3651 adumbrarem.
860 3589 916 3651 sed
949 3589 1099 3669 festinata
1133 3591 1195 3651 ista
1226 3589 1334 3652 studia
1365 3587 1423 3649 etsi
1456 3604 1513 3648 nee

149 3691 227 3753 Tibi
250 3711 305 3753 uec
327 3692 430 3753 ordini
453 3692 650 3771 displicuere,
673 3701 818 3772 quantum
840 3711 862 3754 a
882 3690 1083 3772 plrsectionis
1105 3691 1199 3754 laude
1221 3693 1371 3769 abessent,
1397 3691 1512 3770 optime

145 3797 212 3874 ipse
232 3795 380 3855 intellexi.
425 3813 496 3856 nam
519 3795 664 3856 utendum
684 3796 759 3857 mibi
781 3803 848 3856 erat
871 3795 1056 3857 editionibus
1086 3795 1282 3877 uulqaribus,
1313 3813 1392 3875 quae
1420 3813 1512 3875 qnam

145 3895 280 3974 fallaces
308 3907 422 3973 essent,
457 3896 672 3961 Wacbsmutbii
696 3899 818 3961 scbedis
846 3899 971 3960 edoctus
1000 3917 1096 3960 eram.
1137 3900 1242 3979 itoque
1268 3906 1431 3979 postquam
1457 3898 1512 3959 in·

146 3999 228 4078 siqui
255 4000 366 4061 Galeni
394 4001 533 4080 ecernplo
565 4002 774 4063 incredibilem
806 4002 893 4063 illum
927 4003 1155 4082 corruptionem
1183 4003 1275 4064 etiam
1299 4000 1423 4082 publice
1443 4019 1512 4063 sum

144 4109 289 4175 testatus,
318 4103 382 4163 iam
408 4103 572 4165 editionem
597 4105 787 4167 Ploeitorum
814 4105 1026 4184 adoptimum
1049 4104 1301 4183 codicumfidem
1329 4102 1513 4184 eaiqendam

141 4204 216 4266 mibi
241 4207 401 4285 proposui.
446 4224 535 4285 quem
561 4207 604 4268 od
623 4209 714 4287 finem
741 4208 814 4269 dum
843 4216 898 4269 aut
925 4208 992 4287 ipse
1016 4206 1197 4286 perambulo
1224 4206 1427 4268 bibliotbccos
1455 4215 1510 4268 aut

139 4307 262 4368 amicos
283 4307 426 4386 precibus
447 4307 560 4389 tanqu,
591 4328 661 4371 ecce
681 4327 882 4391 propromma
904 4310 1048 4390 adfertur
1075 4310 1115 4372 ab
1138 4310 1309 4371 Academia
1337 4309 1510 4371 litterarum

140 4408 341 4471 Berolinensi
362 4430 400 4470 m.
422 4411 505 4473 tutia
529 4430 558 4472 a.
584 4420 832 4472 nocccoxxtr
851 4413 1063 4493 propositum:

228 4513 451 4587 „Plutarchi
479 4515 541 4594 qui
570 4514 748 4593 seruntur
780 4516 869 4577 libri
896 4516 978 4599 περὶ
1007 4519 1077 4577 τῶν
1105 4513 1328 4598 ἀρεσκόντων
1356 4515 1432 4580 τοῖς
1458 4534 1510 4595 φι-

229 4613 408 4697 λοσόφοις
438 4617 615 4696 quomodo
648 4626 680 4678 et
708 4617 856 4699 quando
883 4619 1023 4699 scripti
1045 4620 1135 4698 sint,
1158 4618 1391 4697 inquiratur,
1420 4633 1511 4696 quae

228 4719 333 4779 ratio
361 4719 458 4780 inter
484 4738 565 4780 eam
592 4720 894 4800 compilationem
920 4721 1134 4800 similesque
1157 4718 1260 4780 alios
1287 4717 1510 4791 intercedat,

228 4830 459 4902 exponatur,
483 4823 544 4902 qui
566 4830 743 4883 auctores
767 4843 837 4903 qua
859 4825 1012 4885 ratione
1035 4841 1055 4883 a
1078 4821 1325 4901 compilatore
1348 4818 1511 4881 adbibiti

227 4922 321 4996 sint,
344 4923 642 4984 determinetur.‘⁸
