3442 5588
643 367 918 418 vnonusounus
1415 368 1455 431 57

180 535 202 598 2
233 532 432 618 Ἐμπεδοκλῆς
454 535 578 619 πύρινα
602 578 610 593 .
632 581 672 598 ..

180 636 201 698 3
233 635 423 721 Ἀναξαγόρας
445 637 552 721 αἰθέρα
574 637 716 721 πύρινον
739 679 797 701 .·.
821 638 966 720 πέτρους
988 635 1203 721 καταφλέξαντα
1226 639 1431 722 ἡστεριυκέναι.

180 737 202 800 4
237 739 417 823 Δημόκριτος
438 738 585 823 πέτρους

180 840 202 902 5
235 841 373 924 Διογένης
394 843 597 925 κισηροειδῆ
703 842 857 925 διάπυρα

181 942 203 1005 6
234 941 392 1028 Ἀρχέλαος
415 944 568 1026 μύδρους
671 945 868 1028 διαπύρους

183 1044 201 1107 7
235 1042 455 1129 Ἀναξίμανδρος
475 1046 657 1129 πιλὴματα
681 1087 689 1103 ·
711 1092 720 1109 .
745 1089 753 1104 .

181 1145 203 1210 8
239 1145 422 1230 Παρμενίδης
444 1149 492 1209 καὶ
510 1144 695 1231 Ἡράκλειτος
718 1151 906 1232 πιλῆματα
930 1191 938 1206 .
962 1191 970 1207 ·
994 1195 1001 1212 .

180 1248 203 1312 9
236 1248 373 1332 Διογένης
396 1249 728 1333 συμπεριφέρεσθαι
753 1293 761 1308 .
785 1292 793 1308 .
816 1296 824 1312 .
847 1251 997 1334 ἀφανεῖς
1019 1252 1145 1322 λίθους
1168 1296 1176 1312 .
1201 1297 1208 1312 .
1232 1301 1239 1316 .

164 1350 208 1415 10
238 1349 422 1435 Ἀναξιμένης
445 1394 453 1410 .
478 1392 486 1411 .
510 1393 518 1409 ·
539 1353 656 1434 γεώδη
680 1354 825 1433 σώματα
848 1355 1183 1438 συμπεριφερόμενα
1206 1399 1214 1415 .
1239 1400 1246 1414 .
1269 1403 1277 1420 .
1301 1356 1433 1441 ἀόρατα

162 1454 202 1517 ll
234 1451 464 1537 Ἐμπεδοκλῆς.
488 1497 496 1512 .
518 1500 526 1516 .
551 1455 717 1523 ἀπλανεῖς.
743 1497 751 1513 ·
775 1496 782 1512 ·
804 1454 991 1518 συνδεδέσθαι
1015 1499 1023 1514 .
1047 1504 1055 1519 .
1080 1500 1102 1535 .‚
1125 1462 1270 1544 πλανήτας
1292 1459 1434 1524 ἀνεῖσθαι.

184 1555 302 1621 Totum
324 1562 423 1640 caput
444 1555 536 1621 vides
558 1553 593 1619 in
616 1562 682 1620 tres
706 1561 816 1637 partes
842 1555 989 1624 divisum.
1035 1579 1100 1625 una
1126 1567 1286 1626 astrorum
1311 1568 1461 1626 naturam

95 1663 226 1740 tractat,
247 1658 354 1743 altera
375 1658 488 1724 stellas
508 1656 698 1741 invisibiles,
721 1659 819 1725 tertia
841 1658 922 1724 lixas
944 1668 1163 1744 errantesque.
1198 1668 1266 1728 tum
1283 1683 1361 1729 vero
1376 1663 1462 1729 intra

95 1761 183 1826 hano
212 1760 420 1844 partitionem
450 1780 491 1826 ex
517 1760 704 1845 opinionum
738 1766 873 1826 externa
905 1760 1114 1829 simihtudine
1147 1764 1295 1848 singulae
1326 1765 1462 1849 singulis

95 1868 268 1947 aptantur,
296 1870 331 1929 ut
357 1882 464 1948 paene
490 1861 617 1928 artificii
639 1862 709 1929 eius
730 1883 900 1929 commone
926 1864 1001 1950 fias,
1029 1887 1092 1950 quo
1117 1867 1314 1950 Theognidis
1335 1868 1463 1949 elegiae

96 1967 276 2049 pleraeque
289 1985 311 2032 a
325 1965 498 2032 collectore
521 1985 666 2032 conexae
688 1972 773 2030 sunt.
806 1985 911 2049 neque
934 1968 1020 2033 enim
1036 1989 1175 2052 aequum
1196 1976 1255 2054 est,
1277 1968 1463 2036 interiorem

95 2069 263 2152 quandam
293 2067 519 2153 philosophiae
542 2069 759 2153 cognitionem
786 2068 828 2134 ab
856 2090 895 2136 eo
918 2073 1097 2154 postulare,
1127 2072 1217 2138 cuius
1245 2090 1310 2136 una
1337 2073 1408 2138 laus
1429 2072 1462 2137 in

94 2172 304 2257 excerpendo
326 2171 497 2257 partiendo
521 2171 701 2239 ordinando
724 2171 832 2257 posita
854 2179 913 2238 est.
958 2174 1203 2258 Theophrastus
1228 2173 1358 2256 quidem
1379 2173 1463 2239 simi·
1573 2251 1577 2257 .

96 2275 171 2342 liter
198 2275 369 2360 opiniones
395 2275 598 2342 enumeravit
625 2283 658 2341 et
684 2273 879 2359 composuit,
909 2275 967 2341 sed
989 2275 1169 2360 generatim
1191 2275 1299 2360 capita
1321 2295 1464 2359 compre

95 2377 212 2444 bendit
239 2385 273 2445 et
298 2397 339 2445 ex
361 2377 476 2443 intima
498 2377 602 2460 magis
627 2377 854 2460 quaestionum
876 2376 1055 2445 subtilitate
1080 2378 1272 2462 partitiones
1303 2377 1463 2462 repetivit.

95 2480 226 2546 Aetium
248 2485 362 2545 contm
382 2478 465 2546 iuvit
486 2479 674 2563 opinionum
697 2478 920 2546 diversitatem
942 2479 985 2544 ad
1008 2478 1222 2547 minutissima
1244 2499 1391 2563 quaeque
1414 2499 1465 2546 ca·

96 2581 202 2666 pitula
223 2580 384 2666 persequi.
420 2580 499 2664 quid
520 2583 636 2648 mirum
658 2589 708 2650 est
730 2581 906 2650 Stobaeum
929 2582 1123 2666 putidiorem
1144 2583 1242 2649 istam
1262 2580 1464 2665 diligentiam

94 2681 263 2750 fastidisse
288 2690 322 2749 et
350 2685 523 2750 dissociato
550 2688 628 2751 locis
655 2686 804 2750 οοοοοινίι·
829 2704 909 2772 paee
930 2686 1067 2766 ligasse?
1106 2704 1224 2768 nempe
1252 2703 1325 2749 cum
1350 2683 1464 2749 antho-

99 2785 178 2870 logii
199 2784 328 2853 ratione
350 2785 492 2870 capitum
515 2808 668 2854 numerus
690 2787 948 2871 circumscriptus
963 2793 1051 2854 esset
1072 2785 1125 2875 [ci.
1147 2810 1179 2873 p.
1194 2784 1278 2874 44¹],
1300 2785 1466 2851 abundan-

98 2894 165 2953 tem
179 2887 267 2953 Astii
290 2887 417 2972 copiam
438 2888 473 2953 in
495 2889 544 2955 sui
565 2890 638 2955 libri
654 2890 865 2974 exiguitatem
884 2894 991 2955 artare
1006 2888 1156 2955 debehat.
1190 2888 1276 2972 quod
1290 2887 1466 2954 audaciore

99 2997 220 3056 conatu
243 2989 290 3055 ita
311 3009 486 3072 aggressus
507 2999 558 3058 est
579 3000 614 3059 ut
636 2992 903 3076 philosophorum
927 2990 1098 3075 opiniones
1120 2991 1222 3076 primo
1243 3009 1370 3072 quoque
1393 2990 1465 3055 loco

98 3099 233 3158 notatas
255 3112 298 3159 ex
320 3092 466 3175 cognatis
487 3093 573 3159 Astii
595 3093 754 3178 capitibus
777 3098 912 3179 augeret
935 3092 1164 3175 conderetque.
1201 3092 1247 3157 ita
1269 3091 1466 3157 Placitorum

97 3194 209 3280 capita
227 3195 261 3259 II
276 3195 319 3260 20
337 3196 401 3280 περὶ
422 3195 522 3267 οὐσίας
542 3197 626 3281 ἡλίου
648 3197 688 3261 21
709 3198 775 3281 περὶ
794 3196 936 3280 μεγέθους
954 3197 1038 3280 ἡλίου
1061 3197 1103 3261 22
1127 3197 1192 3279 περὶ
1212 3197 1363 3280 σχήματος
1382 3193 1466 3276 ἡλίου

99 3298 145 3366 23
164 3298 233 3383 περὶ
260 3303 377 3383 τροπῶν
404 3299 489 3383 ἡλίου
519 3299 562 3364 24
582 3298 647 3383 περὶ
668 3299 826 3384 ἐκλείψεως
847 3298 933 3383 ἡλίου
960 3318 1025 3363 uno
1048 3298 1232 3379 eclogarum
1254 3295 1362 3380 eapite
1385 3315 1468 3385 oom-

98 3398 361 3485 prebandunlur,
390 3400 480 3466 cuius
506 3399 619 3466 titulus
647 3401 757 3466 omnia
780 3400 904 3466 indicat
931 3400 996 3485 περὶ
1019 3398 1119 3467 οὐσίας
1141 3397 1225 3482 ἡλίου
1251 3399 1300 3462 καὶ
1327 3398 1468 3482 μεγέθους

98 3502 257 3588 σχήματός
278 3526 310 3568 τε
332 3505 380 3568 καί
401 3506 517 3588 τροπῶν
540 3504 588 3567 καὶ
603 3503 760 3588 ἐκλείψεως
782 3502 843 3588 (καὶ
859 3504 988 3587 σημείων
1003 3503 1051 3566 καί
1068 3499 1232 3587 κινὴσεως).
1267 3520 1331 3582 quo
1353 3500 1468 3568 melius

97 3624 170 3671 rem
183 3605 359 3689 intellegas
374 3606 417 3671 ad
428 3604 557 3670 Aetium
575 3604 808 3672 restituendum
823 3604 1057 3688 gravissimam,
1075 3602 1208 3670 Stobaei
1224 3609 1321 3686 eaput
1336 3601 1469 3685 aliquod

100 3707 166 3773 isto
190 3707 288 3774 modo
310 3706 555 3775 ferruminatum
576 3726 649 3773 oum
672 3706 874 3774 Plutaroheis
896 3725 1097 3790 componam

258 3808 347 3876 Stob.
362 3810 379 3874 I
395 3810 437 3875 25
459 3831 490 3894 p.
502 3809 611 3875 526Η.
1046 3808 1238 3874 Plutarchus

137 3911 370 3997 Ἡράκλειτος
384 3910 628 3981 καὶἙκαταῖος
643 3911 763 3994 ἀναμμα
857 3914 890 3977 ΙΙ
906 3914 948 3977 20
967 3922 997 3974 16
1021 3910 1174 3975 omissum

99 4016 206 4098 νοερδν
227 4017 261 4077 τδ
285 4015 319 4078 ἐκ
340 4015 488 4098 θαλάττης
509 4013 579 4078 εἶναι
602 4014 651 4076 τδν
669 4014 763 4098 ἡλιον,

100 4118 267 4201 σκαφοειδῆ
286 4114 308 4178 δ’
329 4115 401 4180 εἶναι
424 4116 593 4200 ὑπόκυρτον.
617 4115 762 4198 γίγνεσθαι
857 4115 889 4180 ΙΙ
900 4116 942 4181 22
954 4122 970 4174 2
984 4113 1211 4199 Ἡράκλειτος
1226 4117 1385 4201 σκαφοειδῆ
1402 4116 1470 4180 ύπό-

101 4220 139 4282 tl
161 4219 215 4303 τῆν
237 4217 364 4304 ἔκλειψιν
389 4219 463 4282 κατὰ
482 4219 535 4301 τὴν
557 4222 609 4281 τού
629 4238 762 4302 σκαφοει-
815 4241 917 4301 κυρτον

102 4323 174 4391 δούς
196 4322 326 4408 στροφὴν
350 4321 427 4386 ὥστε
448 4322 481 4383 rb
506 4320 557 4402 μὲν
581 4323 678 4383 κοῖλον
701 4318 762 4383 ἄνω
858 4319 890 4384 Π
907 4321 949 4384 24
963 4327 979 4379 3
994 4318 1223 4404 Ἡράκλειτος
1249 4320 1324 4383 κατὰ
1345 4321 1397 4403 τῆν
1420 4323 1471 4383 τού

103 4423 265 4506 γίγνεσθαι,
287 4425 321 4488 τδ
344 4424 377 4487 δέ
399 4423 501 4506 κυρτόν
525 4422 605 4485 κοὶτω
624 4423 696 4506 πρδς
711 4422 763 4506 τὴν
816 4424 1008 4506 σκαφοειδοῦς
1019 4424 1157 4506 στροφήν,
1173 4423 1249 4485 ὥστε
1264 4424 1297 4485 nd
1310 4423 1362 4504 μὲν
1376 4425 1472 4484 κοῖλον

103 4525 252 4609 ἡμετέραν
275 4523 351 4609 ὄψιν.
816 4522 878 4586 ἀνω
900 4523 1040 4605 γίνεσθαι,
1062 4525 1095 4587 τδ
1118 4525 1151 4587 δέ
1173 4525 1276 4608 κυρτδν
1299 4526 1379 4588 κάτω
1401 4525 1473 4607 πρδς

816 4626 870 4708 τῆν
892 4626 1037 4710 ἡμετέραν
1059 4625 1123 4710 ὄψιν

151 4731 185 4793 rh
207 4729 241 4792 δέ
264 4727 390 4812 μέγεθος
412 4727 491 4814 ἔχειν
513 4729 597 4813 εὖρος
617 4729 706 4797 ποδδς
721 4727 766 4790 ἀν·
861 4727 951 4792 1121
975 4727 1236 4812 4Ἡράκλειτος
1268 4726 1352 4811 εὖρος
1384 4726 1474 4795 ποδδς

109 4832 257 4917 δρωπείου
820 4829 1014 4914 ἀνθρωπείου.

197 4931 361 5010 Quantum
386 4931 508 4997 laboris
528 4932 652 4998 frustra
668 4931 864 5016 consumpti!
891 4952 966 4998 uam
982 4954 1048 4998 uon
1063 4933 1167 4997 solum
1183 4930 1367 4996 exsecauda
1382 4935 1475 4994 erant

1219 5032 1272 5097 5*
