3442 5588
648 336 748 384 Απτιι
767 334 869 384 πεπυ.
883 335 910 383 ιι
922 333 939 384 4
953 342 1026 381 ι-ιι
1448 330 1509 395 331

303 399 1205 490 mmmm-“m
1218 433 1275 487 τοι
1294 434 1352 486 ιιι
1369 432 1427 486 τοι

191 576 292 662 φύσει,
313 575 454 660 αίσθητδν
479 577 533 662 γὰρ
559 575 642 658 εἶναι,
664 577 806 641 διότικαὶ
859 577 927 641 όσον
960 575 1007 640 ἐπὶ
1039 580 1078 659 τῇ
1111 575 1212 661 φόσει,
1244 573 1385 658 αἰσθητόν
1417 573 1472 656 γὰρ

192 676 367 761 σωματικόν·
393 677 428 742 οδ
452 679 510 763 μὴν
531 680 755 765 φθαρησόμενόν
774 703 807 763 γε
857 677 945 757 εἶναι,
975 678 1048 741 διότι
1074 679 1122 741 καί
1145 676 1324 761 σωματικόν·
1355 674 1390 740 οδ
1413 675 1471 759 μὴν

195 780 316 865 προνοίᾳ
338 780 386 844 καί
410 787 522 866 συνοχῇ
545 781 627 846 θεοῦ.
856 778 1081 864 φθαρησόμενόν
1096 803 1129 863 γε
1152 781 1271 864 προνοίᾳ
1285 779 1334 843 καί
1356 781 1469 862 συνοχῇ

859 883 942 946 θεοῦ.
977 942 983 965 ,

822 997 839 1050 3
896 983 1122 1070 Ἡράκλειτος
1137 984 1172 1049 οό
1186 985 1261 1049 κατὰ
1274 983 1380 1069 χρόνον
1394 981 1467 1046 εἶναι
1493 1002 1505 1039 ο

856 1089 975 1171 χενητδν
997 1090 1046 1153 τδν
1070 1088 1197 1171 κόσμον,
1225 1086 1300 1152 ἀλλὰ
1321 1083 1384 1150 κατ’
1411 1085 1470 1147 ἐπί-

855 1211 945 1252 νοιαν.

822 1298 840 1349 4
897 1288 1073 1362 Έπίδικος
1096 1292 1152 1356 όπδ
1167 1291 1283 1375 φόσευις
1297 1291 1468 1375 γεγενῆσθαι

856 1393 905 1455 τόν
927 1393 1046 1476 κόσμον.

823 1504 839 1556 5
897 1492 1085 1580 Ἀρχέλαος
1108 1498 1165 1561 όπδ
1188 1496 1298 1578 θερμοῦ
1316 1497 1364 1558 καί
1379 1497 1467 1580 ἐμψυ-
1480 1515 1503 1553 1⁰

858 1597 943 1682 χρίας
966 1603 1105 1683 συστῆναι
1128 1601 1177 1663 τὸν
1200 1597 1318 1679 κόσμον.

823 1706 838 1757 6
896 1697 1166 1786 Ἀναξίμανδρος
1246 1696 1469 1784 Ἀναξιμένης

851 1801 1087 1888 Ἀναξαγόρας
1120 1801 1311 1888 ἰλρχέλαος
1349 1803 1469 1886 Διογέ-

854 1928 915 1988 νης
945 1906 1152 1975 Λεύκιππος
1183 1905 1312 1989 φθαρτδν
1343 1906 1391 1968 τὸν
1423 1906 1469 1969 κό-

854 2028 938 2090 σμον.
1477 2027 1501 2065 ιι

821 2130 837 2182 7
900 2107 985 2195 [Καὶ]
1016 2112 1044 2174 οί
1073 2096 1225 2173 Στωικοὶ
1258 2110 1388 2195 φθαρτὸν
1418 2111 1467 2173 τδν

855 2212 975 2295 κόσμον,
997 2210 1056 2277 κατ’
1084 2211 1245 2298 ἐκπύρωσιν
1268 2211 1310 2276 δέ.

821 2330 838 2382 8
895 2313 1132 2399 Ἐμπεδοκλῆς
1148 2316 1197 2378 τὸν
1210 2314 1318 2398 κόσμον
1329 2313 1469 2398 (γίνεσθαι

855 2417 917 2502 nal>
938 2418 1110 2503 φθείρεσθαι
1133 2419 1208 2482 κατὰ
1228 2418 1281 2501 τὴν
1303 2417 1468 2500 ἀντεπικρά-

856 2544 933 2584 τειαν
955 2525 1007 2585 τοῦ
1029 2521 1140 2590 νείκους
1162 2521 1210 2584 καί
1232 2524 1285 2604 τῆς
1306 2519 1412 2604 φιλίας.
1477 2540 1502 2576 υυ

823 2631 838 2703 ξ)
899 2622 1124 2708 Δημόκριτος
1149 2623 1323 2708 φθείρεσθαι
1349 2623 1403 2684 τδν
1421 2622 1468 2685 κό·

856 2746 928 2807 σμον
965 2731 1017 2790 τοῦ
1051 2725 1181 2807 μείζονος
1210 2726 1259 2788 τδν
1297 2725 1464 2809 μικρότερον

856 2831 1002 2897 νικῶντος.

228 2929 429 3016 Ἐπίκουρος
456 2933 603 3019 φθαρτόν,
625 2935 669 2998 ότι
691 2934 740 2997 καὶ
762 2957 805 3016 γε·
816 2940 850 2994 10
897 2927 1102 3013 Ἐπίκουρος
1124 2930 1267 2999 πλείστοις
1288 2932 1405 3014 τρόποις
1419 2932 1468 2994 τόν

164 3036 285 3116 υνητόν,
308 3039 349 3105 ὡς
371 3040 448 3121 ζῷον
471 3040 511 3105 ὡς
534 3037 634 3121 φυτόν.
856 3034 965 3115 κόσμον
987 3031 1171 3117 φθείρεσθαι,
1194 3033 1241 3096 καί
1263 3033 1318 3116 γὰρ
1333 3037 1374 3103 ὡς
1389 3039 1466 3119 ζῷον
1479 3055 1503 3092 ιι

857 3136 904 3198 καὶ
928 3138 969 3205 ὡς
990 3134 1079 3220 φυτὸν
1102 3134 1149 3197 καὶ
1172 3137 1340 3221 πολλαχῶς.

196 3318 292 3325 -—-.-—
302 3317 346 3323 ..—
857 3309 1056 3317 ι*-

177 3417 193 3470 1
212 3416 273 3469 δίοτι
292 3417 335 3468 καί
354 3414 497 3483 σιοματικός
519 3417 620 3483 cyri11.:
639 3415 700 3469 διότι
719 3432 805 3485 σιυμα·
895 3410 927 3463 10
945 3408 993 3462 ὑπὸ
1011 3407 1070 3463 θεοῦ
1088 3413 1126 3462 A:
1145 3427 1210 3462 corr.
1230 3414 1331 3463 Ηεετειι
1353 3408 1366 3477 Η
1387 3411 1512 3480 ἐμψυχίας

144 3503 288 3556 τικόνΕΔι
306 3502 421 3556 διατυῦτο
440 3502 483 3553 καὶ
501 3502 646 3569 σωματικόν
661 3505 696 3556 B:
719 3501 804 3557 διὰτὸ
856 3501 894 3549 A:
914 3514 980 3551 υοττ.
999 3499 1120 3551 Mainake
1140 3495 1153 3565 ΙΙ
1176 3498 1205 3549 11
1226 3509 1285 3564 post
1307 3496 1401 3567 κόσμον
1424 3517 1512 3551 erroro

144 3589 288 3658 σωματικόν
301 3592 323 3643 G
343 3588 357 3658 Η
377 3590 394 3642 4
412 3587 449 3640 ότι
462 3588 506 3640 καὶ
523 3588 624 3657 γενητόν
637 3592 744 3653 (A)BC:
766 3587 804 3642 ότι
855 3589 962 3638 iteratur
970 3589 997 3637 in
1006 3588 1032 3637 A
1042 3584 1183 3654 ίιυνικὴν-
1191 3585 1369 3656 μητροπόλεως
1381 3605 1414 3639 οι
1424 3589 1438 3638 Ι
1448 3586 1485 3640 31
1496 3582 1509 3654 ΙΙ

142 3675 257 3747 γεννητόν
275 3679 312 3728 E:
335 3673 373 3728 ότι
392 3676 435 3727 καὶ
452 3675 566 3746 χτννητός
585 3678 674 3743 cyrill.
696 3674 709 3745 ΙΙ
731 3676 747 3731 5
766 3675 803 3736 ὡς
857 3673 889 3725 18
901 3668 1010 3741 γίνεσθαι
1021 3673 1065 3724 καὶ
1078 3675 1177 3726 addidit
1187 3675 1262 3728 Sturz
1272 3677 1381 3742 Emped.
1393 3693 1419 3742 ρ.
1429 3672 1481 3726 224
1495 3671 1510 3743 ΙΙ

142 3776 201 3816 ante
220 3763 296 3832 φυτόν
320 3782 370 3815 om.
391 3765 412 3815 0
854 3758 886 3813 21
905 3759 964 3819 τοὺς
982 3759 1091 3828 κόσμους
1110 3765 1177 3813 coni.
1196 3765 1325 3815 Meineke.

173 3888 245 3893 ,--,
277 3887 305 3893 ,,,
317 3888 393 3892 -,
421 3887 427 3891 ,
445 3888 592 3895 ,———-
604 3888 798 3895 ———-
854 3884 921 3890 —.
935 3884 1125 3891 ——-.——-
1139 3885 1254 3892 ----——--
1278 3887 1390 3893 .—...--—
1414 3890 1429 3894 ..
1440 3888 1510 3895 ..—

142 3953 371 4005 TESTIMONIA
389 3955 600 4006 PLUTARCHI
852 3952 1023 4019 ALIORUM
1038 3953 1089 4003 Ex
1106 3953 1219 4004 AETIO
1239 3954 1435 4006 EXCERPTA

140 4057 195 4124 περὶ
213 4053 321 4108 τοότων·
343 4055 427 4124 ἐπειδὴ
446 4055 473 4108 δὲ
490 4057 582 4116 σκοπός
601 4057 632 4126 ην
650 4057 735 4118 αὐτοῖς
755 4058 799 4128 βα·
851 4053 979 4112 παντελῶς
997 4055 1040 4106 καὶ
1058 4055 1173 4107 ἀναίτιον.
1197 4058 1240 4110 καὶ
1253 4055 1321 4110 οὗτοι
1333 4059 1379 4125 μὲν
1391 4056 1511 4128 φθαρτόν,

140 4143 235 4196 σανίσαι
256 4143 328 4196 πόλιν
349 4142 377 4196 τὸ
400 4143 528 4213 πότερόν
558 4162 632 4197 ποτε
661 4145 799 4217 φθαρτὸς
851 4142 939 4195 ἐκεῖνοι
957 4142 983 4195 δὲ
1002 4140 1138 4213 ἄφθαρτον.

140 4230 175 4284 ἂν
193 4230 239 4300 εἴη
259 4232 339 4284 κατὰ
356 4229 444 4300 φὺσιν
463 4229 476 4284 δ
495 4230 646 4302 κόσμυςὴ
671 4236 711 4304 μὴ
731 4234 798 4287 διδο·

139 4317 242 4379 ξόκασιν
264 4317 314 4371 όιδτ
337 4320 380 4370 καὶ
404 4320 459 4388 περὶ
481 4315 583 4370 τοότου·
611 4317 802 4393 Πυθαγόρας

139 4406 183 4457 καὶ
210 4405 233 4457 οἱ
259 4402 370 4459 Στωικοὶ
398 4407 441 4457 καὶ
467 4405 569 4475 γενητὸν
594 4407 643 4460 ὑπὸ
667 4407 727 4462 θεοῦ
758 4410 800 4463 τὸν

139 4492 233 4561 κόσμον
256 4493 300 4545 καὶ
322 4490 433 4561 φθαρτὸν
454 4493 500 4561 μὲν
522 4490 579 4544 όσον
600 4493 641 4548 ἐπὶ
662 4503 695 4567 τη
718 4497 798 4567 φόστι.

139 4576 259 4648 αἰσθητὸν
281 4581 326 4649 χὰρ
349 4577 410 4632 εἶναι
433 4579 493 4633 διότι
518 4582 561 4633 καὶ
584 4584 742 4650 σωματικόν,
768 4583 801 4637 οδ

140 4667 185 4733 μίν
204 4665 235 4735 δὴ
254 4664 444 4737 φθαρησόμενόν
463 4686 490 4737 χι
514 4669 617 4738 προνοίη
641 4672 685 4723 κοιλ
705 4679 799 4742 συνοχῇ

138 4750 207 4806 θεοῦ.

177 4842 209 4894 10
227 4837 408 4911 Ἐπίκουρος
432 4838 543 4912 φθαρτόν
565 4841 602 4897 ότι
625 4845 668 4897 καὶ
691 4846 801 4916 χτνητός,

140 4928 176 4988 ὡς
195 4929 260 4999 ζῷον
279 4928 314 4986 ὡς
332 4928 416 4999 φυτόν.
