3442 5588
172 356 234 420 654
485 359 652 410 HERMIAE
673 358 774 409 IRRIS.
794 359 937 410 GENTIL.
957 357 1096 411 PHILOS.
1112 356 1214 410 11-15

222 527 254 589 τδ
277 529 410 614 πάσχειν.
452 530 500 592 καί
530 530 563 593 τδ
592 530 643 611 μὲν
672 532 772 592 ποιοῦν
797 527 909 597 ἀπαθὲς
931 527 1003 591 εἶναι
1025 529 1075 591 τὸν
1097 527 1218 611 αἰθέρα,
1245 528 1279 591 τδ
1310 526 1344 590 δὲ
1374 527 1489 612 πάσχον

222 627 300 714 ἔχειν
328 632 484 714 ποιότητας
511 630 668 714 τέσσαρας,
698 629 841 714 ξηρότητα
867 631 1010 715 ὑγρότητα
1037 625 1206 714 θερμότητα
1226 628 1420 714 ψυχρότητα·
1450 631 1488 711 τῇ

220 733 274 817 γὰρ
296 732 406 796 τούτων
430 733 471 803 είς
491 733 604 815 άλληλα
627 733 777 817 μεταβολῇ
798 735 891 797 πάντα
912 733 1018 816 γίνεται
1041 733 1089 796 καὶ
1112 731 1273 816 φθείρεται.

310 838 350 900 12
388 832 585 919 Κεκμήκαμεν
615 834 673 919 ἤδη
705 835 951 921 μεταβαλλόμενοι
983 834 1046 898 ἀνω
1075 834 1123 898 καὶ
1155 835 1236 897 κάτω
1268 836 1330 903 τοῖς
1352 834 1486 917 δόγμασι.

191 937 297 1020 οπλὴν
321 937 370 1000 ἐπί
396 962 428 1020 γε
454 943 507 1022 τῆς
525 936 790 1022 Ἀριστοτέλους
820 941 939 1022 γνώμης
967 939 1111 1022 στήσομαι
1138 937 1187 1000 καὶ
1209 936 1313 1020 μηκέτι
1337 960 1389 1019 μοι
1411 939 1485 1021 μηδὲ

221 1039 263 1108 είς
285 1039 369 1122 λόγος
392 1040 527 1126 ὑχλείτω.
564 1040 641 1104 ἀλλὰ
662 1041 690 1102 τί
711 1042 785 1124 δῆτα
800 1040 925 1124 πάθοιμ’
945 1041 995 1124 άν;
1016 1042 1260 1125 νευροσπαατοὺσι
1281 1040 1337 1124 γάρ
1361 1063 1417 1121 μου
1437 1041 1487 1123 τἠν

223 1142 320 1226 ψυχὴν
349 1142 533 1227 ἀρχαιότεροι
561 1142 671 1206 τούτων
693 1143 832 1227 γέροντες.
878 1142 1085 1226 Φερεκύδης
1107 1144 1159 1225 μὲν
1182 1143 1277 1228 ἀρχάς
1298 1141 1374 1206 εἶναι
1396 1142 1486 1225 λέγων

222 1242 304 1328 Ζῆνα
319 1245 367 1308 καὶ
384 1242 515 1328 Χθονίην
531 1246 580 1308 καί
598 1243 726 1328 Κρόνον·
749 1245 830 1331 Ζῆνα
854 1247 905 1330 μὲν
929 1248 977 1310 τδν
1000 1244 1116 1328 αίθίρα,
1139 1243 1272 1329 Χθονίην
1293 1245 1328 1308 δὲ
1351 1245 1404 1328 τήν
1423 1249 1486 1328 γῆν,

221 1344 334 1431 Κρόνον
356 1348 389 1410 δὲ
410 1349 459 1412 τδν
483 1348 607 1433 χρόνον·
631 1350 648 1412 ὑ
671 1349 723 1430 μὲν
746 1348 835 1433 αἰθὴρ
857 1350 891 1413 τδ
914 1353 1032 1425 ποιοῦν,
1055 1350 1075 1432 ή
1099 1348 1132 1410 δὲ
1152 1352 1190 1431 γῖγ
1212 1349 1245 1411 τδ
1268 1349 1396 1433 πάσχον,
1419 1349 1436 1410 ὑ
1457 1348 1488 1410 δὲ

183 1469 207 1507 10
224 1449 330 1533 χρόνος
351 1448 430 1535 ἐνῷ
475 1450 510 1514 τά
532 1450 676 1533 γινόμενα.
715 1451 874 1533 ζηλοτυπία
895 1451 989 1515 τοίνυν
1010 1454 1069 1513 τῶν
1087 1450 1228 1535 γερόντων
1244 1450 1318 1534 πρὸς
1332 1450 1485 1534 ἀλλήλαις.

221 1555 313 1615 ταῦτα
333 1555 387 1636 γάρ
409 1576 454 1617 τοι
475 1555 569 1618 πάντα
592 1555 607 1617 ό
629 1550 832 1623 Αεὺκιππος
853 1555 942 1638 λῆρον
965 1552 1124 1637 ἡγούμενος
1146 1552 1241 1639 ἀρχάς
1262 1551 1338 1617 είναί
1358 1574 1432 1637 φησι
1453 1553 1487 1615 τὰ

222 1654 327 1739 ἄπειρα
357 1657 405 1719 καί
432 1656 580 1741 ἀεικίνητα
602 1656 650 1720 καί
673 1655 829 1741 ἐλάχιστα·
852 1656 901 1719 καί
923 1655 960 1718 τά
982 1656 1035 1739 μὶν
1050 1658 1214 1740 λεπτομερῆ
1230 1655 1292 1719 άνω
1307 1657 1485 1741 χωρήσαντα

222 1763 278 1842 πῦρ
301 1761 349 1823 καὶ
372 1759 445 1843 ἀέρα
467 1758 612 1841 γενέσθαι,
634 1759 669 1821 τά
692 1760 725 1821 δὲ
747 1764 903 1844 παχυμερῆ
928 1761 1008 1822 κάτω
1031 1758 1195 1822 ὑποστάντα
1217 1759 1296 1843 ὑδωρ
1319 1760 1369 1822 καὶ
1395 1763 1458 1842 γῆν.

311 1864 351 1927 13
391 1860 488 1946 Μέχρι
511 1865 567 1924 ποδ
591 1862 627 1924 τὰ
648 1865 775 1924 τοσαῦτα
790 1862 963 1943 διδάσκομαι
980 1861 1070 1944 μηδὲν
1086 1861 1197 1944 ἀληθὲς
1213 1863 1388 1944 μανθάνωνγ
1413 1863 1486 1945 πλήν

182 1985 204 2023 ιι
225 1965 251 2026 εἰ
275 1968 316 2049 μή
339 1966 366 2026 τί
387 1987 420 2046 γε
441 1962 663 2047 Δημόκριτος
689 1962 847 2032 ἀπαλλάξει
876 1987 912 2046 με
934 1968 987 2046 τῆς
1007 1966 1118 2048 πλάνης
1140 1963 1373 2049 ἀποφαινόμενος
1395 1964 1488 2049 ἀρχὰς

223 2069 256 2131 τὸ
288 2068 320 2130 δν
350 2067 398 2130 καὶ
426 2067 459 2128 τό
491 2067 532 2148 μὴ
555 2063 598 2142 όν,
621 2067 669 2129 καὶ
695 2066 728 2128 τδ
752 2066 804 2148 μὲν
827 2065 859 2128 δν
885 2068 1004 2150 πλῆρες,
1025 2069 1060 2129 τδ
1083 2068 1116 2130 δὲ
1138 2069 1180 2152 μή
1203 2066 1235 2130 δν
1258 2066 1351 2131 κενόν.
1396 2067 1432 2128 τδ
1452 2066 1485 2129 δὲ

223 2173 330 2253 πλῆρες
360 2169 389 2232 ἐν
418 2170 462 2253 τιγῖ
493 2169 570 2252 κενιγῖ
599 2170 693 2252 τροπή
716 2169 735 2250 ἢ
764 2168 872 2252 ρυθμιβ
894 2172 974 2230 ποιεῖ
992 2167 1029 2231 τὰ
1049 2170 1160 2232 πάντα·
1183 2167 1255 2239 ἴσως
1276 2167 1313 2231 ἀν
1335 2168 1486 2251 πεισθείην

221 2273 265 2357 τιγῖ
295 2274 379 2357 καλιγῖ
408 2272 630 2355 Δημοκρίτῳ
659 2272 708 2334 καί
738 2273 897 2357 βουλοίμην
919 2271 954 2335 ἀν
977 2273 1029 2335 σὺν
1051 2272 1133 2356 αὐτῷ
1153 2273 1255 2354 γελᾶν,
1287 2271 1314 2334 εί
1337 2272 1381 2354 μὴ
1405 2294 1487 2353 μετα·

224 2375 321 2438 πείθοι
346 2373 636 2458 μεἩράκλειτος
650 2375 758 2438 κλαίων
782 2377 857 2459 ὑμοιῖ
879 2375 927 2438 καὶ
950 2373 1058 2457 λέγων·
1081 2374 1161 2459 ἀρχὴ
1183 2377 1242 2436 τῶν
1265 2374 1342 2437 όλων
1364 2373 1400 2435 τδ
1422 2377 1487 2456 πὺρ,

180 2498 206 2535 ιο
225 2478 278 2540 δύο
301 2478 334 2539 δὲ
356 2477 445 2540 αὑτοῦ
467 2476 549 2560 πάθη
573 2476 709 2561 ἀραιότης
732 2479 780 2541 καὶ
802 2477 955 2561 πυκνότης,
977 2477 996 2560 ή
1020 2476 1073 2558 μὲν
1094 2479 1219 2539 ποιοῦσα
1239 2475 1310 2559 ἡδὲ
1323 2477 1490 2559 πάσχουσα,

226 2583 245 2663 ή
269 2581 320 2662 μὲν
343 2579 532 2662 συγκρίνουσα
555 2580 574 2663 ή
596 2580 631 2642 δὲ
653 2581 847 2664 διακρίνουσα.
885 2580 992 2648 ἱκανῶς
1014 2576 1076 2664 ἔχει
1099 2602 1148 2661 μοι
1170 2578 1218 2642 καί
1234 2576 1293 2661 ήδη
1308 2577 1415 2660 μεθὺω
1429 2581 1490 2646 ταῖς

225 2683 380 2752 τοσαύταις
402 2683 516 2766 ἀρχαῖς.

309 2787 349 2850 14
383 2782 471 2847 Ἀλλά
494 2806 530 2865 με
559 2787 722 2869 παρακαλεῖ
749 2783 885 2847 κάκεῖθεν
905 2781 1107 2867 Ἐπίκουρος
1135 2783 1281 2864 μηδαμῶς
1309 2782 1427 2867 ὑβρίσαι
1455 2783 1487 2844 τδ

226 2888 314 2951 καλὸν
338 2886 428 2950 αὑτοῦ
451 2885 545 2968 δόγμα
566 2891 623 2950 τῶν
646 2887 764 2969 ἀτόμων
787 2887 835 2950 καὶ
858 2890 910 2949 τοῦ
933 2891 1026 2950 κενοῦ.
1064 2886 1103 2967 τῇ
1123 2884 1178 2967 γὰρ
1199 2884 1310 2948 τοὺτων
1330 2884 1490 2966 συμπλοκή

178 3009 202 3048 ετ
223 2990 397 3075 πολυτρόπῳ
420 2990 468 3053 καί
490 2989 757 3073 πολυσχηματίστιρ
779 2988 816 3052 τά
839 2989 934 3053 πάντα
955 2989 1060 3071 γίνεται
1083 2987 1132 3050 καὶ
1148 2985 1309 3071 φθείρεται.
1347 2985 1402 3050 οὑκ
1417 2988 1490 3050 ἀντι-

223 3093 300 3175 λέγω
323 3114 368 3155 αοι
391 3093 521 3178 βέλτιστε
542 3092 655 3174 ἀνδρῶν
678 3089 875 3174 Επίκουρε·
898 3088 961 3154 ἀλλ’
983 3091 999 3154 ό
1021 3086 1208 3174 Κλεάνθης
1223 3091 1283 3154 ἀπὸ
1298 3093 1351 3153 τοὺ
1366 3089 1490 3174 φρέατος

223 3197 332 3281 ἐπάρας
365 3196 417 3279 τὴν
448 3195 577 3279 κεφαλὴν
600 3195 752 3276 καταγεληῖ-
768 3213 821 3256 σου
850 3197 902 3257 τοῦ
935 3192 1077 3274 δόγματος
1112 3193 1159 3255 καὶ
1189 3193 1277 3262 αὐτὸς
1307 3193 1400 3277 ἀνιμᾷ
1439 3191 1489 3261 τάς

221 3299 343 3383 ἀληθεῖς
373 3299 467 3383 ἀρχὰς
496 3298 565 3360 θεὸν
594 3297 644 3358 καὶ
673 3295 755 3378 ὑλην.
799 3296 848 3359 καὶ
874 3296 926 3378 τὴν
954 3296 1006 3377 μὲν
1034 3299 1087 3379 γῆν
1114 3296 1302 3380 μεταβάλλειν
1332 3294 1375 3364 είς
1401 3294 1491 3377 ὑδωρ,

227 3403 261 3464 τὸ
292 3402 325 3465 δὲ
356 3401 433 3484 ὑδωρ
462 3400 503 3469 είς
533 3399 622 3482 ἀέρα,
655 3400 704 3462 τὸν
733 3399 766 3462 δὲ
792 3399 865 3484 ἀέρα
891 3397 980 3482 <ἀνω>
1007 3398 1163 3482 φέρεσθαι,
1195 3401 1228 3461 τδ
1251 3399 1285 3461 δὲ
1306 3401 1365 3482 πῦρ
1388 3396 1432 3465 είς
1453 3395 1489 3458 τὰ

184 3525 208 3562 ao
228 3503 358 3587 περίγεια
380 3506 503 3587 χωρεῖν,
533 3501 585 3584 τὴν
612 3501 644 3563 δὲ
671 3502 769 3586 ψυχήν
799 3499 837 3564 δι’
865 3501 935 3565 όλου
965 3504 1016 3563 τοῦ
1046 3500 1158 3583 κόσμου
1187 3503 1309 3585 διήκειν,
1337 3500 1375 3583 ἧς
1405 3498 1492 3582 μέρος

228 3605 405 3689 μετέχοντας
427 3605 505 3687 ἡμᾶς
527 3604 744 3689 ἐμψυχοῦσθαι.

315 3710 355 3771 15
392 3704 510 3769 Τοὺτων
539 3706 632 3769 τοίνυν
663 3704 808 3769 τοσοὺτων
839 3703 930 3768 όντων
960 3705 1032 3769 ἀλλο
1063 3728 1111 3786 μοι
1141 3706 1257 3790 πλῆθος
1289 3707 1349 3770 ἀπὸ
1380 3703 1492 3789 Λιβὺης

226 3810 346 3893 ἐπιρρεῖ,
369 3805 577 3892 Καρνεάδης
596 3809 643 3871 καὶ
660 3806 911 3894 Κλειτόμαχος
926 3810 975 3872 καί
991 3810 1055 3873 ὅσοι
1069 3809 1178 3872 τοὺτων
1195 3809 1330 3892 ὑμιληταλ
1346 3809 1444 3871 πάντα
1457 3808 1494 3871 τά

179 3951 189 4000 1
211 3946 254 3999 τὸν
272 3943 361 4015 αἰθέρα
380 3946 455 3997 obelo
468 3950 568 3997 notavit
580 3947 684 3998 Menzei
704 3950 734 3999 ci.
749 3967 773 3998 v.
787 3945 830 4014 811
884 3946 972 4016 ἄπειρα
991 3945 1052 3999 εἶναι
1063 3946 1106 3998 καὶ
1120 3945 1157 3999 ἀεὶ
1169 3943 1301 4015 κινοὺμτνα
1317 3950 1406 4000 baert.
1421 3949 1463 3999 [x
1475 3944 1509 3999 3⁰

172 4034 188 4086 2
220 4034 279 4104 ἔχον
309 4036 397 4085 cociti:
428 4050 493 4084 corr.
520 4035 623 4084 Menzel
652 4033 666 4100 ΙΙ
694 4033 726 4085 τά
752 4033 833 4085 πάντα
920 4037 953 4087 14
972 4035 1158 4098 animoa)
1177 4036 1208 4086 cf.
1226 4033 1385 4101 p.656,15:
1405 4037 1452 4087 τοῖν
1470 4037 1541 4087 Μετ-

175 4125 238 4176 Otto
263 4121 277 4191 ΙΙ
307 4121 323 4173 3
347 4117 457 4189 γίνεσθαι
483 4120 527 4171 καὶ
553 4117 697 4189 φθείρεσθαι
720 4125 832 4185 Meum,
884 4125 924 4174 zei
944 4118 958 4190 ΙΙ
981 4123 1012 4174 17
1027 4118 1115 4192 ῥυθμῷ
1128 4125 1223 4172 retinui
1243 4124 1274 4172 σί.
1287 4140 1312 4187 p.
1328 4120 1437 4176 314b5:
1460 4120 1542 4193 ῥυσμῷ

173 4213 218 4263 sed
238 4212 267 4261 ef.
288 4229 312 4259 v.
327 4207 361 4260 25
380 4219 406 4259 et
423 4226 448 4274 ρ.
459 4205 519 4269 653,
529 4206 562 4259 22
884 4211 968 4263 8οἰλετ
991 4205 1006 4278 ΙΙ
1030 4213 1107 4261 ποιεῖν
1130 4212 1197 4259 coni.
1221 4209 1306 4270 Wolf,
1330 4211 1377 4260 σοά
1403 4214 1436 4262 cs.
1455 4208 1510 4262 v.3
1528 4207 1540 4277 li

212 4300 228 4350 4
248 4294 457 4367 μεταβαλλόμενοι
479 4297 597 4347 VMOL:
616 4313 681 4348 corr.
699 4308 757 4365 post
779 4298 831 4351 Ga·
884 4297 918 4350 19
932 4297 977 4365 μὶν
990 4299 1077 4349 codd.:
1096 4314 1127 4365 με
1140 4313 1204 4348 corr.
1217 4295 1301 4347 Seiler
1314 4292 1330 4364 ΙΙ
1343 4293 1379 4349 21
1393 4294 1444 4348 κάν
1457 4297 1540 4349 cudi:

172 4390 243 4438 lenm
267 4386 371 4436 Menzei
391 4379 405 4452 ΙΙ
425 4383 442 4436 5
460 4381 496 4433 ἔτι
518 4385 606 4434 codd.:
625 4401 690 4436 οοπ.
711 4385 795 4437 Seiler
817 4383 832 4453 ΙΙ
884 4401 951 4436 corr.
970 4386 1073 4437 Menzel
1091 4402 1124 4435 ex
1143 4383 1236 4436 Selieri
1254 4387 1377 4436 versione

173 4477 189 4529 6
220 4472 355 4543 ἐνοχλείτω
382 4473 483 4522 monzei
505 4467 518 4538 Η
538 4475 714 4539 νευροκοποῡσι
742 4474 831 4524 codd.:
920 4470 953 4525 25
966 4469 1075 4540 γίνεσθαι
1092 4470 1135 4522 καὶ
1154 4466 1297 4539 φθείρεσθαι
1314 4472 1432 4534 ΜεαεεΙ,
1451 4473 1497 4523 σεδ
1513 4474 1541 4523 τί

176 4565 289 4613 correxit
308 4564 408 4613 Usener
428 4557 441 4624 ΙΙ
462 4557 477 4608 7
497 4555 586 4608 τοὺτου
604 4562 675 4610 malit
694 4561 797 4611 Menzel
817 4557 831 4624 ΙΙ
885 4578 908 4610 v.
922 4559 947 4612 3.
961 4559 994 4612 17
1020 4555 1033 4628 ΙΙ
1052 4557 1087 4613 26
1107 4558 1213 4628 φρέατος
1233 4560 1264 4609 ci.
1283 4560 1365 4622 Diog.
1385 4560 1441 4610 VII
1463 4558 1540 4625 16811

174 4648 219 4718 μὲν
238 4666 273 4700 se.
292 4649 466 4716 νευροσπαστεῖ
484 4642 497 4712 ΙΙ
520 4644 552 4697 10
570 4643 705 4713 ζηλοτυπία
718 4647 831 4708 VM(0):
884 4644 919 4698 27
939 4646 1013 4716 ἀνιμᾷ
1032 4647 1125 4698 VMO:
1145 4644 1239 4714 ἀνειμῶ
1258 4646 1320 4707 (Li)
1340 4644 1355 4712 ΙΙ
1381 4643 1417 4698 28
1435 4644 1540 4714 μοταβσ·

174 4732 308 4804 ζηλοτὺποι
337 4736 372 4785 L:
403 4728 611 4801 ζηλοτυποὺντων
639 4730 682 4783 οὑν
710 4731 832 4802 γερόντων
883 4731 934 4785 λεῑν
952 4738 1042 4800 vulgo:
1062 4736 1164 4784 correxi
1184 4730 1197 4801 ΙΙ
1218 4731 1252 4785 29
1271 4730 1325 4783 ἀνω
1344 4734 1449 4785 addidit
1466 4736 1538 4787 Wor·

173 4821 233 4892 πρὸς
260 4820 396 4890 ἀλλήλους,
422 4820 501 4871 ταῦτά
532 4819 559 4887 γέ
591 4836 629 4871 τοι
663 4820 743 4873 πάντα
774 4819 830 4873 κτλ.
883 4821 965 4871 thium
986 4832 1087 4873 secutus
1105 4823 1208 4873 Menzei

174 4911 277 4961 Menzei
291 4905 304 4977 il
320 4908 352 4959 11
372 4923 431 4978 φασι
449 4910 473 4959 V
495 4905 508 4974 Η
530 4906 561 4959 12
579 4907 685 4979 ἀκίνητα
702 4919 761 4960 ποτε
777 4910 830 4962 Ga·
919 4907 953 4961 33
972 4906 1066 4978 ἐπιρρεῖ
1083 4926 1117 4960 ex
1135 4910 1253 4961 Platonis
1272 4907 1401 4973 [phaedr.
1415 4925 1441 4975 ρ.
1456 4905 1538 4972 2291)]

174 5001 243 5050 1ουιιι
256 4999 286 5049 τί.
300 4999 406 5063 Hippoi.
418 4999 464 5048 ref.
478 4998 491 5047 1
507 4993 556 5047 121
568 4995 658 5063 [συρτει
676 5015 701 5062 p.
716 4995 777 5061 564,
784 4994 831 5060 27]
884 4999 1030 5047 imitatione
