<?xml version="1.0" encoding="UTF-8"?>
<!DOCTYPE html PUBLIC "-//W3C//DTD XHTML 1.0 Transitional//EN"
    "http://www.w3.org/TR/xhtml1/DTD/xhtml1-transitional.dtd">
<html xmlns="http://www.w3.org/1999/xhtml" xml:lang="en" lang="en">
 <head>
  <title>
</title>
<meta http-equiv="Content-Type" content="text/html;charset=utf-8" />
  <meta name='ocr-system' content='tesseract 3.04.00' />
  <meta name='ocr-capabilities' content='ocr_page ocr_carea ocr_par ocr_line ocrx_word'/>
</head>
<body>
  <div class='ocr_page' id='page_1' title='image "./doxographigraec00dielgoog/doxographigraec00dielgoog_0520.png"; bbox 0 0 3442 5588; ppageno 0'>
   <div class='ocr_carea' id='block_1_1' title="bbox 389 330 1497 395">
    <p class='ocr_par' dir='ltr' id='par_1_1' title="bbox 389 330 1497 395">
     <span class='ocr_line' id='line_1_1' title="bbox 389 330 1497 395; baseline 0.001 -11"><span class='ocrx_word' id='word_1_1' title='bbox 389 331 647 384; x_wconf 80' lang='lat' dir='ltr'>THEOPHBASTI</span> <span class='ocrx_word' id='word_1_2' title='bbox 664 332 803 383; x_wconf 85' lang='lat' dir='ltr'>PHYSIC.</span> <span class='ocrx_word' id='word_1_3' title='bbox 823 333 983 385; x_wconf 86' lang='lat' dir='ltr'>OPINION.</span> <span class='ocrx_word' id='word_1_4' title='bbox 1003 333 1055 383; x_wconf 85' lang='lat' dir='ltr'>FB.</span> <span class='ocrx_word' id='word_1_5' title='bbox 1073 330 1216 383; x_wconf 74' lang='lat'>12.13.14</span> <span class='ocrx_word' id='word_1_6' title='bbox 1417 331 1478 395; x_wconf 78' lang='grc'>491</span> <span class='ocrx_word' id='word_1_7' title='bbox 1496 345 1497 348; x_wconf 78' lang='grc'>’</span> 
     </span>
    </p>
   </div>
   <div class='ocr_carea' id='block_1_2' title="bbox 113 501 1521 2314">
    <p class='ocr_par' dir='ltr' id='par_1_2' title="bbox 113 501 1521 2314">
     <span class='ocr_line' id='line_1_2' title="bbox 119 501 1481 588; baseline 0.001 -25"><span class='ocrx_word' id='word_1_8' title='bbox 119 501 290 584; x_wconf 83' lang='grc' dir='ltr'>κατασύρειν</span> <span class='ocrx_word' id='word_1_9' title='bbox 320 504 405 587; x_wconf 81' lang='grc' dir='ltr'>φύσιν</span> <span class='ocrx_word' id='word_1_10' title='bbox 433 502 593 584; x_wconf 75' lang='grc' dir='ltr'>αὐθιγενῶν</span> <span class='ocrx_word' id='word_1_11' title='bbox 623 507 762 584; x_wconf 78' lang='grc' dir='ltr'>ποταμῶν</span> <span class='ocrx_word' id='word_1_12' title='bbox 791 504 838 566; x_wconf 81' lang='grc' dir='ltr'>καὶ</span> <span class='ocrx_word' id='word_1_13' title='bbox 866 505 1032 588; x_wconf 78' lang='grc' dir='ltr'>χειμάρρων</span> <span class='ocrx_word' id='word_1_14' title='bbox 1055 503 1089 565; x_wconf 88' lang='grc' dir='ltr'>οὐ</span> <span class='ocrx_word' id='word_1_15' title='bbox 1112 505 1360 587; x_wconf 87' lang='grc' dir='ltr'>πλημμυροόντων</span> <span class='ocrx_word' id='word_1_16' title='bbox 1384 501 1481 583; x_wconf 86' lang='grc' dir='ltr'>μόνον,</span> 
     </span>
     <span class='ocr_line' id='line_1_3' title="bbox 118 605 1481 691; baseline 0.002 -25"><span class='ocrx_word' id='word_1_17' title='bbox 118 605 195 668; x_wconf 89' lang='grc' dir='ltr'>ἀλλά</span> <span class='ocrx_word' id='word_1_18' title='bbox 222 605 269 667; x_wconf 82' lang='grc' dir='ltr'>καὶ</span> <span class='ocrx_word' id='word_1_19' title='bbox 296 607 329 667; x_wconf 89' lang='grc' dir='ltr'>τδ</span> <span class='ocrx_word' id='word_1_20' title='bbox 356 607 498 675; x_wconf 79' lang='grc' dir='ltr'>καθεστὸς</span> <span class='ocrx_word' id='word_1_21' title='bbox 524 606 837 690; x_wconf 89' lang='grc' dir='ltr'>προσυπερβαλλόντων</span> <span class='ocrx_word' id='word_1_22' title='bbox 864 609 917 689; x_wconf 81' lang='grc' dir='ltr'>τῆς</span> <span class='ocrx_word' id='word_1_23' title='bbox 943 605 1105 688; x_wconf 85' lang='grc' dir='ltr'>ἐπιβάσεως</span> <span class='ocrx_word' id='word_1_24' title='bbox 1132 606 1180 669; x_wconf 86' lang='grc' dir='ltr'>καὶ</span> <span class='ocrx_word' id='word_1_25' title='bbox 1206 607 1258 676; x_wconf 83' lang='grc' dir='ltr'>τὰς</span> <span class='ocrx_word' id='word_1_26' title='bbox 1284 605 1379 691; x_wconf 84' lang='grc' dir='ltr'>ὄχθας</span> <span class='ocrx_word' id='word_1_27' title='bbox 1400 606 1420 688; x_wconf 79' lang='grc' dir='ltr'>ἢ</span> <span class='ocrx_word' id='word_1_28' title='bbox 1444 612 1481 688; x_wconf 75' lang='grc' dir='ltr'>τῇ</span> 
     </span>
     <span class='ocr_line' id='line_1_4' title="bbox 120 707 1481 794; baseline 0.003 -26"><span class='ocrx_word' id='word_1_29' title='bbox 120 707 170 790; x_wconf 78' lang='grc' dir='ltr'>βίᾳ</span> <span class='ocrx_word' id='word_1_30' title='bbox 197 709 455 792; x_wconf 87' lang='grc' dir='ltr'>παραρρηγνύντων</span> <span class='ocrx_word' id='word_1_31' title='bbox 482 710 501 791; x_wconf 75' lang='grc' dir='ltr'>ἦ</span> <span class='ocrx_word' id='word_1_32' title='bbox 531 709 763 792; x_wconf 87' lang='grc' dir='ltr'>ὑπερπηδώντων</span> <span class='ocrx_word' id='word_1_33' title='bbox 794 709 932 792; x_wconf 84' lang='grc' dir='ltr'>ἀναβάσει</span> <span class='ocrx_word' id='word_1_34' title='bbox 957 712 995 789; x_wconf 78' lang='grc' dir='ltr'>τῇ</span> <span class='ocrx_word' id='word_1_35' title='bbox 1022 709 1093 790; x_wconf 87' lang='grc' dir='ltr'>πρὸς</span> <span class='ocrx_word' id='word_1_36' title='bbox 1126 711 1264 794; x_wconf 81' lang='grc' dir='ltr'>μήκιστον</span> <span class='ocrx_word' id='word_1_37' title='bbox 1294 711 1377 794; x_wconf 80' lang='grc' dir='ltr'>ὕψος·</span> <span class='ocrx_word' id='word_1_38' title='bbox 1413 709 1481 772; x_wconf 81' lang='grc' dir='ltr'>ὅθεν</span> 
     </span>
     <span class='ocr_line' id='line_1_5' title="bbox 122 810 1482 895; baseline 0.001 -23"><span class='ocrx_word' id='word_1_39' title='bbox 122 811 355 895; x_wconf 83' lang='grc' dir='ltr'>ὑπερβλύσαντας</span> <span class='ocrx_word' id='word_1_40' title='bbox 377 810 419 880; x_wconf 81' lang='grc' dir='ltr'>εἰς</span> <span class='ocrx_word' id='word_1_41' title='bbox 440 812 493 895; x_wconf 80' lang='grc' dir='ltr'>τὴν</span> <span class='ocrx_word' id='word_1_42' title='bbox 515 811 729 895; x_wconf 75' lang='grc' dir='ltr'>παρακειμένην</span> <span class='ocrx_word' id='word_1_43' title='bbox 752 810 927 895; x_wconf 88' lang='grc' dir='ltr'>ἀναχεῖσθαι</span> <span class='ocrx_word' id='word_1_44' title='bbox 948 812 1085 885; x_wconf 81' lang='grc' dir='ltr'>πεδιάδα,</span> <span class='ocrx_word' id='word_1_45' title='bbox 1107 813 1160 895; x_wconf 77' lang='grc' dir='ltr'>τὴν</span> <span class='ocrx_word' id='word_1_46' title='bbox 1182 813 1214 875; x_wconf 84' lang='grc' dir='ltr'>δὲ</span> <span class='ocrx_word' id='word_1_47' title='bbox 1236 815 1269 875; x_wconf 85' lang='grc' dir='ltr'>τὸ</span> <span class='ocrx_word' id='word_1_48' title='bbox 1293 813 1344 894; x_wconf 90' lang='grc' dir='ltr'>μέν</span> <span class='ocrx_word' id='word_1_49' title='bbox 1367 818 1482 895; x_wconf 87' lang='grc' dir='ltr'>πρῶτον</span> 
     </span>
     <span class='ocr_line' id='line_1_6' title="bbox 122 913 1508 997; baseline 0.004 -23"><span class='ocrx_word' id='word_1_50' title='bbox 122 913 163 981; x_wconf 83' lang='grc' dir='ltr'>εἰς</span> <span class='ocrx_word' id='word_1_51' title='bbox 185 914 311 994; x_wconf 86' lang='grc' dir='ltr'>μεγαλας</span> <span class='ocrx_word' id='word_1_52' title='bbox 343 915 445 993; x_wconf 81' lang='grc' dir='ltr'>λίμνας</span> <span class='ocrx_word' id='word_1_53' title='bbox 472 913 658 995; x_wconf 75' lang='grc' dir='ltr'>διανέμεσθαι</span> <span class='ocrx_word' id='word_1_54' title='bbox 689 915 760 997; x_wconf 90' lang='grc' dir='ltr'>πρδς</span> <span class='ocrx_word' id='word_1_55' title='bbox 784 914 822 976; x_wconf 90' lang='grc' dir='ltr'>τά</span> <span class='ocrx_word' id='word_1_56' title='bbox 849 913 1000 997; x_wconf 89' lang='grc' dir='ltr'>κοιλότερα</span> <span class='ocrx_word' id='word_1_57' title='bbox 1027 914 1072 977; x_wconf 87' lang='grc' dir='ltr'>ἀεὶ</span> <span class='ocrx_word' id='word_1_58' title='bbox 1098 919 1150 977; x_wconf 85' lang='grc' dir='ltr'>τοῦ</span> <span class='ocrx_word' id='word_1_59' title='bbox 1177 915 1279 984; x_wconf 78' lang='grc' dir='ltr'>ὕδατος</span> <span class='ocrx_word' id='word_1_60' title='bbox 1307 916 1508 991; x_wconf 75' lang='grc' dir='ltr'>συνίζοντος,ι</span> 
     </span>
     <span class='ocr_line' id='line_1_7' title="bbox 119 1014 1480 1101; baseline 0.003 -24"><span class='ocrx_word' id='word_1_61' title='bbox 119 1015 203 1084; x_wconf 81' lang='grc' dir='ltr'>αὖθις</span> <span class='ocrx_word' id='word_1_62' title='bbox 225 1014 254 1078; x_wconf 78' lang='grc' dir='ltr'>δ’</span> <span class='ocrx_word' id='word_1_63' title='bbox 283 1016 463 1100; x_wconf 72' lang='grc' dir='ltr'>ἐπιρρέοντας</span> <span class='ocrx_word' id='word_1_64' title='bbox 485 1017 533 1079; x_wconf 91' lang='grc' dir='ltr'>καὶ</span> <span class='ocrx_word' id='word_1_65' title='bbox 556 1017 622 1085; x_wconf 79' lang='grc' dir='ltr'>τοὺς</span> <span class='ocrx_word' id='word_1_66' title='bbox 650 1017 803 1100; x_wconf 87' lang='grc' dir='ltr'>μεθορίους</span> <span class='ocrx_word' id='word_1_67' title='bbox 829 1015 952 1097; x_wconf 75' lang='grc' dir='ltr'>ἰσθμοὺς</span> <span class='ocrx_word' id='word_1_68' title='bbox 974 1016 1215 1094; x_wconf 75' lang='grc' dir='ltr'>κατακλύζοντος,</span> <span class='ocrx_word' id='word_1_69' title='bbox 1245 1018 1288 1087; x_wconf 88' lang='grc' dir='ltr'>οίς</span> <span class='ocrx_word' id='word_1_70' title='bbox 1310 1019 1480 1101; x_wconf 83' lang='grc' dir='ltr'>διεκρίνοντο</span> 
     </span>
     <span class='ocr_line' id='line_1_8' title="bbox 118 1118 1478 1204; baseline 0.003 -24"><span class='ocrx_word' id='word_1_71' title='bbox 118 1121 147 1180; x_wconf 88' lang='grc' dir='ltr'>αί</span> <span class='ocrx_word' id='word_1_72' title='bbox 171 1119 279 1200; x_wconf 82' lang='grc' dir='ltr'>λίμναι,</span> <span class='ocrx_word' id='word_1_73' title='bbox 302 1119 342 1188; x_wconf 83' lang='grc' dir='ltr'>είς</span> <span class='ocrx_word' id='word_1_74' title='bbox 365 1118 489 1200; x_wconf 86' lang='grc' dir='ltr'>μέγεθος</span> <span class='ocrx_word' id='word_1_75' title='bbox 513 1120 641 1203; x_wconf 83' lang='grc' dir='ltr'>ἀχανοῦς</span> <span class='ocrx_word' id='word_1_76' title='bbox 664 1120 804 1201; x_wconf 74' lang='grc' dir='ltr'>πελάγους</span> <span class='ocrx_word' id='word_1_77' title='bbox 827 1119 901 1182; x_wconf 82' lang='grc' dir='ltr'>κατὰ</span> <span class='ocrx_word' id='word_1_78' title='bbox 922 1119 974 1203; x_wconf 82' lang='grc' dir='ltr'>τὴν</span> <span class='ocrx_word' id='word_1_79' title='bbox 997 1121 1113 1182; x_wconf 86' lang='grc' dir='ltr'>πολλῶν</span> <span class='ocrx_word' id='word_1_80' title='bbox 1136 1121 1238 1183; x_wconf 80' lang='grc' dir='ltr'>ἕνωσιν</span> <span class='ocrx_word' id='word_1_81' title='bbox 1262 1121 1478 1204; x_wconf 83' lang='grc' dir='ltr'>ἀποκρίνεσθαι.</span> 
     </span>
     <span class='ocr_line' id='line_1_9' title="bbox 121 1221 1478 1306; baseline 0.002 -24"><span class='ocrx_word' id='word_1_82' title='bbox 121 1223 192 1304; x_wconf 81' lang='grc' dir='ltr'>πρὸς</span> <span class='ocrx_word' id='word_1_83' title='bbox 215 1222 248 1283; x_wconf 81' lang='grc' dir='ltr'>δὲ</span> <span class='ocrx_word' id='word_1_84' title='bbox 271 1222 447 1306; x_wconf 84' lang='grc' dir='ltr'>μαχομένων</span> <span class='ocrx_word' id='word_1_85' title='bbox 471 1223 621 1304; x_wconf 85' lang='grc' dir='ltr'>δυνάμεων</span> <span class='ocrx_word' id='word_1_86' title='bbox 644 1222 674 1284; x_wconf 89' lang='grc' dir='ltr'>ἐν</span> <span class='ocrx_word' id='word_1_87' title='bbox 698 1221 779 1305; x_wconf 82' lang='grc' dir='ltr'>μέρει</span> <span class='ocrx_word' id='word_1_88' title='bbox 801 1222 867 1290; x_wconf 83' lang='grc' dir='ltr'>τοὺς</span> <span class='ocrx_word' id='word_1_89' title='bbox 890 1221 920 1284; x_wconf 83' lang='grc' dir='ltr'>ἐν</span> <span class='ocrx_word' id='word_1_90' title='bbox 943 1222 1079 1290; x_wconf 85' lang='grc' dir='ltr'>ἐναντίοις</span> <span class='ocrx_word' id='word_1_91' title='bbox 1101 1223 1249 1291; x_wconf 79' lang='grc' dir='ltr'>οἰκοῦντας</span> <span class='ocrx_word' id='word_1_92' title='bbox 1271 1223 1368 1292; x_wconf 80' lang='grc' dir='ltr'>τόποις</span> <span class='ocrx_word' id='word_1_93' title='bbox 1391 1225 1478 1287; x_wconf 88' lang='grc' dir='ltr'>ἀπόλ-</span> 
     </span>
     <span class='ocr_line' id='line_1_10' title="bbox 118 1322 1479 1409; baseline 0.004 -26"><span class='ocrx_word' id='word_1_94' title='bbox 118 1325 239 1393; x_wconf 88' lang='grc' dir='ltr'>λυσθαι,</span> <span class='ocrx_word' id='word_1_95' title='bbox 267 1325 333 1407; x_wconf 84' lang='grc' dir='ltr'>πυρὶ</span> <span class='ocrx_word' id='word_1_96' title='bbox 364 1325 416 1406; x_wconf 90' lang='grc' dir='ltr'>μέν</span> <span class='ocrx_word' id='word_1_97' title='bbox 445 1325 512 1393; x_wconf 86' lang='grc' dir='ltr'>τοὺς</span> <span class='ocrx_word' id='word_1_98' title='bbox 535 1325 565 1387; x_wconf 89' lang='grc' dir='ltr'>ἐν</span> <span class='ocrx_word' id='word_1_99' title='bbox 589 1322 667 1407; x_wconf 85' lang='grc' dir='ltr'>όρεσι</span> <span class='ocrx_word' id='word_1_100' title='bbox 691 1326 739 1387; x_wconf 83' lang='grc' dir='ltr'>καὶ</span> <span class='ocrx_word' id='word_1_101' title='bbox 760 1324 920 1408; x_wconf 70' lang='grc' dir='ltr'>γεωλόφοις</span> <span class='ocrx_word' id='word_1_102' title='bbox 946 1324 994 1386; x_wconf 79' lang='grc' dir='ltr'>καὶ</span> <span class='ocrx_word' id='word_1_103' title='bbox 1023 1325 1171 1407; x_wconf 89' lang='grc' dir='ltr'>δυσόδροις</span> <span class='ocrx_word' id='word_1_104' title='bbox 1199 1326 1318 1409; x_wconf 86' lang='grc' dir='ltr'>χωρίοις</span> <span class='ocrx_word' id='word_1_105' title='bbox 1350 1325 1396 1388; x_wconf 77' lang='grc' dir='ltr'>ἅτ’</span> <span class='ocrx_word' id='word_1_106' title='bbox 1425 1328 1479 1389; x_wconf 83' lang='grc' dir='ltr'>οὐκ</span> 
     </span>
     <span class='ocr_line' id='line_1_11' title="bbox 117 1423 1521 1512; baseline 0.003 -25"><span class='ocrx_word' id='word_1_107' title='bbox 117 1423 238 1510; x_wconf 83' lang='grc' dir='ltr'>ἔχοντας</span> <span class='ocrx_word' id='word_1_108' title='bbox 268 1426 352 1509; x_wconf 84' lang='grc' dir='ltr'>φύσει</span> <span class='ocrx_word' id='word_1_109' title='bbox 387 1429 475 1510; x_wconf 89' lang='grc' dir='ltr'>πυρδς</span> <span class='ocrx_word' id='word_1_110' title='bbox 504 1429 676 1511; x_wconf 81' lang='grc' dir='ltr'>ἀμυντήριον</span> <span class='ocrx_word' id='word_1_111' title='bbox 704 1426 832 1512; x_wconf 84' lang='grc' dir='ltr'>ἄφθονον</span> <span class='ocrx_word' id='word_1_112' title='bbox 865 1426 955 1510; x_wconf 78' lang='grc' dir='ltr'>ὕδωρ·</span> <span class='ocrx_word' id='word_1_113' title='bbox 990 1424 1113 1509; x_wconf 80' lang='grc' dir='ltr'>ἔμπαλιν</span> <span class='ocrx_word' id='word_1_114' title='bbox 1143 1425 1167 1489; x_wconf 83' lang='grc' dir='ltr'>δ’</span> <span class='ocrx_word' id='word_1_115' title='bbox 1201 1429 1281 1490; x_wconf 79' lang='grc' dir='ltr'>ὕδατι</span> <span class='ocrx_word' id='word_1_116' title='bbox 1307 1429 1373 1497; x_wconf 77' lang='grc' dir='ltr'>τοὺς</span> <span class='ocrx_word' id='word_1_117' title='bbox 1398 1429 1478 1512; x_wconf 85' lang='grc' dir='ltr'>παρὰ</span> <span class='ocrx_word' id='word_1_118' title='bbox 1499 1459 1521 1495; x_wconf 85' lang='lat' dir='ltr'>u</span> 
     </span>
     <span class='ocr_line' id='line_1_12' title="bbox 116 1528 1478 1614; baseline 0.004 -25"><span class='ocrx_word' id='word_1_119' title='bbox 116 1534 257 1610; x_wconf 84' lang='grc' dir='ltr'>ποταμοῖς</span> <span class='ocrx_word' id='word_1_120' title='bbox 284 1529 303 1611; x_wconf 79' lang='grc' dir='ltr'><strong>ἢ</strong></span> <span class='ocrx_word' id='word_1_121' title='bbox 333 1528 444 1611; x_wconf 88' lang='grc' dir='ltr'>λίμναις</span> <span class='ocrx_word' id='word_1_122' title='bbox 466 1531 485 1612; x_wconf 76' lang='grc' dir='ltr'><strong>ἦ</strong></span> <span class='ocrx_word' id='word_1_123' title='bbox 510 1529 652 1611; x_wconf 79' lang='grc' dir='ltr'>θαλάττῃ.</span> <span class='ocrx_word' id='word_1_124' title='bbox 692 1528 826 1611; x_wconf 90' lang='grc' dir='ltr'>γειτόνων</span> <span class='ocrx_word' id='word_1_125' title='bbox 848 1529 901 1611; x_wconf 82' lang='grc' dir='ltr'>γὰρ</span> <span class='ocrx_word' id='word_1_126' title='bbox 925 1529 1068 1592; x_wconf 80' lang='grc' dir='ltr'>ἅπτεσθαι</span> <span class='ocrx_word' id='word_1_127' title='bbox 1090 1532 1168 1613; x_wconf 83' lang='grc' dir='ltr'>φιλεῖ</span> <span class='ocrx_word' id='word_1_128' title='bbox 1191 1530 1227 1592; x_wconf 80' lang='grc' dir='ltr'>τὰ</span> <span class='ocrx_word' id='word_1_129' title='bbox 1253 1532 1329 1593; x_wconf 88' lang='grc' dir='ltr'>κακά</span> <span class='ocrx_word' id='word_1_130' title='bbox 1354 1535 1478 1614; x_wconf 90' lang='grc' dir='ltr'>πρῶτων</span> 
     </span>
     <span class='ocr_line' id='line_1_13' title="bbox 116 1630 1476 1718; baseline 0.004 -26"><span class='ocrx_word' id='word_1_131' title='bbox 116 1631 136 1712; x_wconf 76' lang='grc' dir='ltr'><strong>ἢ</strong></span> <span class='ocrx_word' id='word_1_132' title='bbox 160 1630 208 1693; x_wconf 78' lang='grc' dir='ltr'>καὶ</span> <span class='ocrx_word' id='word_1_133' title='bbox 232 1632 337 1712; x_wconf 91' lang='grc' dir='ltr'>μόνων.</span> <span class='ocrx_word' id='word_1_134' title='bbox 375 1633 450 1695; x_wconf 84' lang='grc' dir='ltr'>κατὰ</span> <span class='ocrx_word' id='word_1_135' title='bbox 473 1633 510 1716; x_wconf 84' lang='grc' dir='ltr'>δὴ</span> <span class='ocrx_word' id='word_1_136' title='bbox 532 1632 600 1701; x_wconf 82' lang='grc' dir='ltr'>τοὺς</span> <span class='ocrx_word' id='word_1_137' title='bbox 622 1631 781 1716; x_wconf 87' lang='grc' dir='ltr'>λεχθέντας</span> <span class='ocrx_word' id='word_1_138' title='bbox 802 1631 927 1714; x_wconf 89' lang='grc' dir='ltr'>τρόπους</span> <span class='ocrx_word' id='word_1_139' title='bbox 949 1631 1018 1715; x_wconf 89' lang='grc' dir='ltr'>δίχα</span> <span class='ocrx_word' id='word_1_140' title='bbox 1041 1632 1150 1715; x_wconf 92' lang='grc' dir='ltr'>μυρίων</span> <span class='ocrx_word' id='word_1_141' title='bbox 1174 1632 1270 1695; x_wconf 89' lang='grc' dir='ltr'>ἀλλων</span> <span class='ocrx_word' id='word_1_142' title='bbox 1291 1634 1476 1718; x_wconf 82' lang='grc' dir='ltr'>βραχυτέρων</span> 
     </span>
     <span class='ocr_line' id='line_1_14' title="bbox 115 1733 1475 1820; baseline 0.001 -24"><span class='ocrx_word' id='word_1_143' title='bbox 115 1733 307 1816; x_wconf 82' lang='grc' dir='ltr'>φθειρομένου</span> <span class='ocrx_word' id='word_1_144' title='bbox 329 1739 380 1796; x_wconf 85' lang='grc' dir='ltr'>τοῦ</span> <span class='ocrx_word' id='word_1_145' title='bbox 403 1737 538 1798; x_wconf 87' lang='grc' dir='ltr'>πλείστου</span> <span class='ocrx_word' id='word_1_146' title='bbox 561 1734 665 1817; x_wconf 83' lang='grc' dir='ltr'>μέρους</span> <span class='ocrx_word' id='word_1_147' title='bbox 688 1733 852 1816; x_wconf 86' lang='grc' dir='ltr'>ἀνθρώπων</span> <span class='ocrx_word' id='word_1_148' title='bbox 869 1735 1023 1796; x_wconf 84' lang='grc' dir='ltr'>ἐπιλείπειν</span> <span class='ocrx_word' id='word_1_149' title='bbox 1040 1733 1070 1802; x_wconf 74' lang='grc' dir='ltr'>ἐξ</span> <span class='ocrx_word' id='word_1_150' title='bbox 1085 1734 1212 1816; x_wconf 81' lang='grc' dir='ltr'>ἀνάγκης</span> <span class='ocrx_word' id='word_1_151' title='bbox 1227 1735 1275 1797; x_wconf 88' lang='grc' dir='ltr'>καὶ</span> <span class='ocrx_word' id='word_1_152' title='bbox 1291 1735 1341 1803; x_wconf 88' lang='grc' dir='ltr'>τάς</span> <span class='ocrx_word' id='word_1_153' title='bbox 1357 1737 1475 1820; x_wconf 85' lang='grc' dir='ltr'>τέχνας·</span> 
     </span>
     <span class='ocr_line' id='line_1_15' title="bbox 115 1835 1477 1920; baseline 0.003 -24"><span class='ocrx_word' id='word_1_154' title='bbox 115 1835 186 1919; x_wconf 86' lang='grc' dir='ltr'>δίχα</span> <span class='ocrx_word' id='word_1_155' title='bbox 207 1837 262 1919; x_wconf 84' lang='grc' dir='ltr'>γὰρ</span> <span class='ocrx_word' id='word_1_156' title='bbox 283 1837 567 1917; x_wconf 79' lang='grc' dir='ltr'>τοῦμεθοδεόοντος</span> <span class='ocrx_word' id='word_1_157' title='bbox 589 1837 641 1900; x_wconf 83' lang='grc' dir='ltr'>οὐκ</span> <span class='ocrx_word' id='word_1_158' title='bbox 664 1836 735 1899; x_wconf 87' lang='grc' dir='ltr'>εἶναι</span> <span class='ocrx_word' id='word_1_159' title='bbox 763 1835 832 1899; x_wconf 83' lang='grc' dir='ltr'>καθ’</span> <span class='ocrx_word' id='word_1_160' title='bbox 859 1837 949 1920; x_wconf 79' lang='grc' dir='ltr'>αὑτὴν</span> <span class='ocrx_word' id='word_1_161' title='bbox 977 1836 1046 1898; x_wconf 82' lang='grc' dir='ltr'>ἰδεῖν</span> <span class='ocrx_word' id='word_1_162' title='bbox 1073 1837 1125 1919; x_wconf 77' lang='grc' dir='ltr'>τὴν</span> <span class='ocrx_word' id='word_1_163' title='bbox 1152 1837 1323 1920; x_wconf 81' lang='grc' dir='ltr'>ἐπιστήμην.</span> <span class='ocrx_word' id='word_1_164' title='bbox 1362 1838 1477 1900; x_wconf 86' lang='grc' dir='ltr'>ἐπειδὰν</span> 
     </span>
     <span class='ocr_line' id='line_1_16' title="bbox 115 1936 1516 2024; baseline 0.002 -25"><span class='ocrx_word' id='word_1_165' title='bbox 115 1936 143 1999; x_wconf 78' lang='grc' dir='ltr'>δ’</span> <span class='ocrx_word' id='word_1_166' title='bbox 172 1939 201 2000; x_wconf 79' lang='grc' dir='ltr'>αἱ</span> <span class='ocrx_word' id='word_1_167' title='bbox 226 1940 277 2019; x_wconf 82' lang='grc' dir='ltr'>μὲν</span> <span class='ocrx_word' id='word_1_168' title='bbox 301 1939 392 2001; x_wconf 81' lang='grc' dir='ltr'>κοιναὶ</span> <span class='ocrx_word' id='word_1_169' title='bbox 416 1940 495 2003; x_wconf 91' lang='grc' dir='ltr'>νόσοι</span> <span class='ocrx_word' id='word_1_170' title='bbox 519 1940 698 2024; x_wconf 85' lang='grc' dir='ltr'>χαλάσωσιν,</span> <span class='ocrx_word' id='word_1_171' title='bbox 721 1938 840 2022; x_wconf 74' lang='grc' dir='ltr'>ἄρξηται</span> <span class='ocrx_word' id='word_1_172' title='bbox 862 1937 889 2001; x_wconf 77' lang='grc' dir='ltr'>δ’</span> <span class='ocrx_word' id='word_1_173' title='bbox 918 1939 1027 2024; x_wconf 81' lang='grc' dir='ltr'>ἀνηβᾶν</span> <span class='ocrx_word' id='word_1_174' title='bbox 1051 1939 1098 2002; x_wconf 79' lang='grc' dir='ltr'>καὶ</span> <span class='ocrx_word' id='word_1_175' title='bbox 1115 1940 1281 2024; x_wconf 85' lang='grc' dir='ltr'>βλαστάνειν</span> <span class='ocrx_word' id='word_1_176' title='bbox 1296 1940 1329 2001; x_wconf 87' lang='grc' dir='ltr'>τὸ</span> <span class='ocrx_word' id='word_1_177' title='bbox 1344 1940 1425 2021; x_wconf 88' lang='grc' dir='ltr'>γένος</span> <span class='ocrx_word' id='word_1_178' title='bbox 1441 1940 1474 2002; x_wconf 88' lang='grc' dir='ltr'>ἐκ</span> <span class='ocrx_word' id='word_1_179' title='bbox 1494 1968 1516 2006; x_wconf 80' lang='lat' dir='ltr'>u</span> 
     </span>
     <span class='ocr_line' id='line_1_17' title="bbox 115 2041 1476 2127; baseline 0.002 -26"><span class='ocrx_word' id='word_1_180' title='bbox 115 2045 174 2102; x_wconf 91' lang='grc' dir='ltr'>τῶν</span> <span class='ocrx_word' id='word_1_181' title='bbox 198 2042 238 2124; x_wconf 79' lang='grc' dir='ltr'>μὴ</span> <span class='ocrx_word' id='word_1_182' title='bbox 262 2043 564 2127; x_wconf 83' lang='grc' dir='ltr'>προκαταληφθέντων</span> <span class='ocrx_word' id='word_1_183' title='bbox 587 2046 646 2110; x_wconf 87' lang='grc' dir='ltr'>τοῖς</span> <span class='ocrx_word' id='word_1_184' title='bbox 667 2041 831 2127; x_wconf 85' lang='grc' dir='ltr'>ἐπιβρίσασι</span> <span class='ocrx_word' id='word_1_185' title='bbox 846 2042 958 2118; x_wconf 85' lang='grc' dir='ltr'>δεινοῖς,</span> <span class='ocrx_word' id='word_1_186' title='bbox 981 2041 1124 2127; x_wconf 77' lang='grc' dir='ltr'>ἄρχεσθαι</span> <span class='ocrx_word' id='word_1_187' title='bbox 1144 2042 1192 2103; x_wconf 81' lang='grc' dir='ltr'>καὶ</span> <span class='ocrx_word' id='word_1_188' title='bbox 1207 2041 1258 2110; x_wconf 81' lang='grc' dir='ltr'>τὰς</span> <span class='ocrx_word' id='word_1_189' title='bbox 1273 2041 1377 2126; x_wconf 89' lang='grc' dir='ltr'>τέχνας</span> <span class='ocrx_word' id='word_1_190' title='bbox 1391 2043 1476 2104; x_wconf 89' lang='grc' dir='ltr'>πάλιν</span> 
     </span>
     <span class='ocr_line' id='line_1_18' title="bbox 113 2143 1476 2229; baseline 0.003 -25"><span class='ocrx_word' id='word_1_191' title='bbox 113 2143 316 2216; x_wconf 90' lang='grc' dir='ltr'>συνίστασθαι,</span> <span class='ocrx_word' id='word_1_192' title='bbox 340 2144 374 2207; x_wconf 82' lang='grc' dir='ltr'>οὐ</span> <span class='ocrx_word' id='word_1_193' title='bbox 396 2145 462 2209; x_wconf 90' lang='grc' dir='ltr'>τότε</span> <span class='ocrx_word' id='word_1_194' title='bbox 484 2149 598 2229; x_wconf 90' lang='grc' dir='ltr'>πρῶτον</span> <span class='ocrx_word' id='word_1_195' title='bbox 621 2143 789 2227; x_wconf 87' lang='grc' dir='ltr'>γενομένας,</span> <span class='ocrx_word' id='word_1_196' title='bbox 816 2143 950 2228; x_wconf 84' lang='grc' dir='ltr'>ἀλλάτῇ</span> <span class='ocrx_word' id='word_1_197' title='bbox 974 2147 1093 2228; x_wconf 88' lang='grc' dir='ltr'>μειώσει</span> <span class='ocrx_word' id='word_1_198' title='bbox 1115 2148 1173 2206; x_wconf 93' lang='grc' dir='ltr'>τῶν</span> <span class='ocrx_word' id='word_1_199' title='bbox 1196 2144 1325 2228; x_wconf 86' lang='grc' dir='ltr'>ἐχόντων</span> <span class='ocrx_word' id='word_1_200' title='bbox 1348 2146 1476 2209; x_wconf 87' lang='grc' dir='ltr'>ὑποσπα-</span> 
     </span>
     <span class='ocr_line' id='line_1_19' title="bbox 113 2245 269 2314; baseline 0.019 -9"><span class='ocrx_word' id='word_1_201' title='bbox 113 2245 269 2314; x_wconf 85' lang='grc' dir='ltr'>νισθείσας.</span> 
     </span>
    </p>
   </div>
   <div class='ocr_carea' id='block_1_3' title="bbox 111 2534 1517 3032">
    <p class='ocr_par' dir='ltr' id='par_1_3' title="bbox 111 2534 1517 3032">
     <span class='ocr_line' id='line_1_20' title="bbox 775 2534 814 2596; baseline 0 0"><span class='ocrx_word' id='word_1_202' title='bbox 775 2534 814 2596; x_wconf 84' lang='grc'>13</span> 
     </span>
     <span class='ocr_line' id='line_1_21' title="bbox 177 2637 1148 2705; baseline 0.004 -19"><span class='ocrx_word' id='word_1_203' title='bbox 177 2637 366 2702; x_wconf 81' lang='lat' dir='ltr'>Simplicius</span> <span class='ocrx_word' id='word_1_204' title='bbox 385 2643 411 2688; x_wconf 87' lang='lat' dir='ltr'>in</span> <span class='ocrx_word' id='word_1_205' title='bbox 431 2643 476 2687; x_wconf 82' lang='lat' dir='ltr'>Ar.</span> <span class='ocrx_word' id='word_1_206' title='bbox 496 2640 526 2688; x_wconf 89' lang='lat' dir='ltr'>de</span> <span class='ocrx_word' id='word_1_207' title='bbox 546 2642 618 2689; x_wconf 82' lang='lat' dir='ltr'>eaelo</span> <span class='ocrx_word' id='word_1_208' title='bbox 638 2658 661 2705; x_wconf 89' lang='grc' dir='ltr'>ρ.</span> <span class='ocrx_word' id='word_1_209' title='bbox 676 2639 784 2690; x_wconf 67' lang='lat'>510241</span> <span class='ocrx_word' id='word_1_210' title='bbox 799 2639 895 2689; x_wconf 79' lang='lat' dir='ltr'>Brund.</span> <span class='ocrx_word' id='word_1_211' title='bbox 915 2637 1024 2691; x_wconf 70' lang='lat'>252¹&gt;40</span> <span class='ocrx_word' id='word_1_212' title='bbox 1038 2641 1148 2690; x_wconf 78' lang='lat' dir='ltr'>Karsten</span> 
     </span>
     <span class='ocr_line' id='line_1_22' title="bbox 199 2740 1472 2826; baseline 0 -24"><span class='ocrx_word' id='word_1_213' title='bbox 199 2740 421 2823; x_wconf 80' lang='grc' dir='ltr'>Δημόκριτος</span> <span class='ocrx_word' id='word_1_214' title='bbox 444 2741 485 2811; x_wconf 85' lang='grc' dir='ltr'>δέ,</span> <span class='ocrx_word' id='word_1_215' title='bbox 510 2745 549 2810; x_wconf 89' lang='grc' dir='ltr'>ῶς</span> <span class='ocrx_word' id='word_1_216' title='bbox 572 2741 800 2826; x_wconf 89' lang='grc' dir='ltr'>Θεόφραστος</span> <span class='ocrx_word' id='word_1_217' title='bbox 823 2741 857 2802; x_wconf 88' lang='grc' dir='ltr'>ἐν</span> <span class='ocrx_word' id='word_1_218' title='bbox 880 2746 953 2810; x_wconf 89' lang='grc' dir='ltr'>τοῖς</span> <span class='ocrx_word' id='word_1_219' title='bbox 981 2743 1154 2812; x_wconf 84' lang='grc' dir='ltr'>Φυσικοῖς</span> <span class='ocrx_word' id='word_1_220' title='bbox 1176 2745 1293 2826; x_wconf 83' lang='grc' dir='ltr'>ἱστορεῖ,</span> <span class='ocrx_word' id='word_1_221' title='bbox 1317 2747 1356 2810; x_wconf 87' lang='grc' dir='ltr'>ῶς</span> <span class='ocrx_word' id='word_1_222' title='bbox 1380 2743 1472 2803; x_wconf 78' lang='grc' dir='ltr'>ἰδιω-</span> 
     </span>
     <span class='ocr_line' id='line_1_23' title="bbox 111 2842 1517 2930; baseline 0.006 -28"><span class='ocrx_word' id='word_1_223' title='bbox 111 2847 218 2909; x_wconf 88' lang='grc' dir='ltr'>τικῶς</span> <span class='ocrx_word' id='word_1_224' title='bbox 248 2842 495 2917; x_wconf 82' lang='grc' dir='ltr'>ἀποδιδόντων</span> <span class='ocrx_word' id='word_1_225' title='bbox 521 2847 587 2904; x_wconf 90' lang='grc' dir='ltr'>τῶν</span> <span class='ocrx_word' id='word_1_226' title='bbox 616 2844 703 2906; x_wconf 80' lang='grc' dir='ltr'>κατὰ</span> <span class='ocrx_word' id='word_1_227' title='bbox 728 2843 766 2907; x_wconf 87' lang='grc' dir='ltr'>τδ</span> <span class='ocrx_word' id='word_1_228' title='bbox 794 2843 927 2927; x_wconf 84' lang='grc' dir='ltr'>θερμὸν</span> <span class='ocrx_word' id='word_1_229' title='bbox 957 2846 1013 2907; x_wconf 89' lang='grc' dir='ltr'>καὶ</span> <span class='ocrx_word' id='word_1_230' title='bbox 1040 2847 1080 2907; x_wconf 88' lang='grc' dir='ltr'>τδ</span> <span class='ocrx_word' id='word_1_231' title='bbox 1102 2848 1239 2930; x_wconf 77' lang='grc' dir='ltr'>ψυχρὸν</span> <span class='ocrx_word' id='word_1_232' title='bbox 1263 2847 1319 2908; x_wconf 88' lang='grc' dir='ltr'>καὶ</span> <span class='ocrx_word' id='word_1_233' title='bbox 1342 2846 1383 2907; x_wconf 89' lang='grc' dir='ltr'>τά</span> <span class='ocrx_word' id='word_1_234' title='bbox 1405 2869 1473 2907; x_wconf 84' lang='grc' dir='ltr'>τοι·</span> <span class='ocrx_word' id='word_1_235' title='bbox 1493 2876 1517 2911; x_wconf 73' lang='lat' dir='ltr'>ee</span> 
     </span>
     <span class='ocr_line' id='line_1_24' title="bbox 111 2944 1010 3032; baseline 0.004 -27"><span class='ocrx_word' id='word_1_236' title='bbox 111 2948 200 3006; x_wconf 79' lang='grc' dir='ltr'>αὐτα</span> <span class='ocrx_word' id='word_1_237' title='bbox 222 2944 527 3026; x_wconf 86' lang='grc' dir='ltr'>αἰτιολογοόντων</span> <span class='ocrx_word' id='word_1_238' title='bbox 550 2945 608 3008; x_wconf 87' lang='grc' dir='ltr'>ἐπὶ</span> <span class='ocrx_word' id='word_1_239' title='bbox 631 2947 690 3015; x_wconf 88' lang='grc' dir='ltr'>τάς</span> <span class='ocrx_word' id='word_1_240' title='bbox 712 2946 867 3026; x_wconf 88' lang='grc' dir='ltr'>ἀτόμους</span> <span class='ocrx_word' id='word_1_241' title='bbox 890 2947 1010 3032; x_wconf 90' lang='grc' dir='ltr'>ἀνέβη.</span> 
     </span>
    </p>
   </div>
   <div class='ocr_carea' id='block_1_4' title="bbox 774 3339 813 3400">
    <p class='ocr_par' dir='ltr' id='par_1_4' title="bbox 774 3339 813 3400">
     <span class='ocr_line' id='line_1_25' title="bbox 774 3339 813 3400; baseline 0.026 -1"><span class='ocrx_word' id='word_1_242' title='bbox 774 3339 813 3400; x_wconf 86' lang='grc'>14</span> 
     </span>
    </p>
   </div>
   <div class='ocr_carea' id='block_1_5' title="bbox 175 3440 1170 3506">
    <p class='ocr_par' dir='ltr' id='par_1_5' title="bbox 175 3440 1170 3506">
     <span class='ocr_line' id='line_1_26' title="bbox 175 3440 1170 3506; baseline 0.002 -16"><span class='ocrx_word' id='word_1_243' title='bbox 175 3440 317 3490; x_wconf 80' lang='lat' dir='ltr'>Galenus</span> <span class='ocrx_word' id='word_1_244' title='bbox 337 3440 369 3487; x_wconf 92' lang='lat' dir='ltr'>de</span> <span class='ocrx_word' id='word_1_245' title='bbox 389 3440 521 3488; x_wconf 76' lang='lat' dir='ltr'>clement-ic</span> <span class='ocrx_word' id='word_1_246' title='bbox 540 3456 589 3489; x_wconf 79' lang='lat' dir='ltr'>ccc.</span> <span class='ocrx_word' id='word_1_247' title='bbox 610 3442 792 3505; x_wconf 77' lang='lat' dir='ltr'>Hippocratem</span> <span class='ocrx_word' id='word_1_248' title='bbox 805 3440 849 3490; x_wconf 80' lang='lat'>19</span> <span class='ocrx_word' id='word_1_249' title='bbox 868 3442 945 3490; x_wconf 80' lang='lat' dir='ltr'>vell</span> <span class='ocrx_word' id='word_1_250' title='bbox 965 3459 989 3506; x_wconf 90' lang='grc' dir='ltr'>ρ.</span> <span class='ocrx_word' id='word_1_251' title='bbox 1002 3442 1054 3494; x_wconf 76' lang='grc'>486</span> <span class='ocrx_word' id='word_1_252' title='bbox 1068 3444 1170 3493; x_wconf 88' lang='lat' dir='ltr'>Kuehu.</span> 
     </span>
    </p>
   </div>
   <div class='ocr_carea' id='block_1_6' title="bbox 108 3536 1475 3820">
    <p class='ocr_par' dir='ltr' id='par_1_6' title="bbox 108 3536 1475 3820">
     <span class='ocr_line' id='line_1_27' title="bbox 190 3536 1475 3629; baseline 0.005 -27"><span class='ocrx_word' id='word_1_253' title='bbox 190 3536 268 3602; x_wconf 81' lang='grc' dir='ltr'>Ὅσα</span> <span class='ocrx_word' id='word_1_254' title='bbox 289 3541 343 3623; x_wconf 83' lang='grc' dir='ltr'>γὰρ</span> <span class='ocrx_word' id='word_1_255' title='bbox 365 3540 438 3602; x_wconf 84' lang='grc' dir='ltr'>ἀλλα</span> <span class='ocrx_word' id='word_1_256' title='bbox 461 3546 524 3609; x_wconf 89' lang='grc' dir='ltr'>ταῖς</span> <span class='ocrx_word' id='word_1_257' title='bbox 546 3543 648 3625; x_wconf 78' lang='grc' dir='ltr'>ἀπαθῆ</span> <span class='ocrx_word' id='word_1_258' title='bbox 673 3543 724 3624; x_wconf 91' lang='grc' dir='ltr'>μέν</span> <span class='ocrx_word' id='word_1_259' title='bbox 747 3544 799 3626; x_wconf 79' lang='grc' dir='ltr'>τὴν</span> <span class='ocrx_word' id='word_1_260' title='bbox 823 3544 923 3606; x_wconf 82' lang='grc' dir='ltr'>οὐσίαν</span> <span class='ocrx_word' id='word_1_261' title='bbox 946 3543 1166 3625; x_wconf 82' lang='grc' dir='ltr'>ὑποτιθεμέναις</span> <span class='ocrx_word' id='word_1_262' title='bbox 1182 3545 1308 3627; x_wconf 87' lang='grc' dir='ltr'>αἱρέσεσι</span> <span class='ocrx_word' id='word_1_263' title='bbox 1331 3549 1475 3629; x_wconf 87' lang='grc' dir='ltr'>παραπλε-</span> 
     </span>
     <span class='ocr_line' id='line_1_28' title="bbox 112 3642 1474 3732; baseline 0.005 -28"><span class='ocrx_word' id='word_1_264' title='bbox 112 3642 232 3711; x_wconf 89' lang='grc' dir='ltr'>κοόσαις</span> <span class='ocrx_word' id='word_1_265' title='bbox 254 3643 286 3705; x_wconf 82' lang='grc' dir='ltr'>δὲ</span> <span class='ocrx_word' id='word_1_266' title='bbox 308 3644 341 3704; x_wconf 83' lang='grc' dir='ltr'>τὸ</span> <span class='ocrx_word' id='word_1_267' title='bbox 364 3643 445 3704; x_wconf 87' lang='grc' dir='ltr'>κενδν</span> <span class='ocrx_word' id='word_1_268' title='bbox 469 3643 644 3707; x_wconf 82' lang='grc' dir='ltr'>ἐναντιοῦται</span> <span class='ocrx_word' id='word_1_269' title='bbox 667 3645 703 3707; x_wconf 83' lang='grc' dir='ltr'>τὰ</span> <span class='ocrx_word' id='word_1_270' title='bbox 726 3645 777 3727; x_wconf 79' lang='grc' dir='ltr'>μὲν</span> <span class='ocrx_word' id='word_1_271' title='bbox 801 3647 858 3709; x_wconf 83' lang='grc' dir='ltr'>ὑπὸ</span> <span class='ocrx_word' id='word_1_272' title='bbox 877 3644 1090 3729; x_wconf 77' lang='grc' dir='ltr'>Ἀριστοτέλους</span> <span class='ocrx_word' id='word_1_273' title='bbox 1111 3669 1142 3707; x_wconf 91' lang='grc' dir='ltr'>τε</span> <span class='ocrx_word' id='word_1_274' title='bbox 1168 3648 1215 3708; x_wconf 80' lang='grc' dir='ltr'>καὶ</span> <span class='ocrx_word' id='word_1_275' title='bbox 1245 3646 1474 3732; x_wconf 88' lang='grc' dir='ltr'>Θεοφράστου</span> 
     </span>
     <span class='ocr_line' id='line_1_29' title="bbox 108 3744 443 3820; baseline 0.015 -14"><span class='ocrx_word' id='word_1_276' title='bbox 108 3745 252 3820; x_wconf 87' lang='grc' dir='ltr'>λέλεκται,</span> <span class='ocrx_word' id='word_1_277' title='bbox 275 3744 311 3807; x_wconf 85' lang='grc' dir='ltr'>τά</span> <span class='ocrx_word' id='word_1_278' title='bbox 333 3746 366 3808; x_wconf 84' lang='grc' dir='ltr'>δὲ</span> <span class='ocrx_word' id='word_1_279' title='bbox 382 3749 443 3811; x_wconf 90' lang='grc' dir='ltr'>κτλ.</span> 
     </span>
    </p>
   </div>
   <div class='ocr_carea' id='block_1_7' title="bbox 149 3909 1018 3921">
    <p class='ocr_par' dir='ltr' id='par_1_7' title="bbox 149 3909 1018 3921">
     <span class='ocr_line' id='line_1_30' title="bbox 149 3909 1018 3921; baseline 0.007 -5"><span class='ocrx_word' id='word_1_280' title='bbox 149 3909 308 3917; x_wconf 62' lang='lat'><em>----.——--</em></span> <span class='ocrx_word' id='word_1_281' title='bbox 818 3914 1018 3921; x_wconf 70' lang='grc'>-..-------</span> 
     </span>
    </p>
   </div>
   <div class='ocr_carea' id='block_1_8' title="bbox 103 3982 1472 5015">
    <p class='ocr_par' dir='ltr' id='par_1_8' title="bbox 103 3982 1472 4754">
     <span class='ocr_line' id='line_1_31' title="bbox 107 3982 1472 4058; baseline 0.007 -25"><span class='ocrx_word' id='word_1_282' title='bbox 107 3982 222 4051; x_wconf 86' lang='grc' dir='ltr'>κλυσμόν</span> <span class='ocrx_word' id='word_1_283' title='bbox 245 3988 345 4049; x_wconf 77' lang='lat' dir='ltr'>vulgari</span> <span class='ocrx_word' id='word_1_284' title='bbox 368 3991 461 4053; x_wconf 84' lang='lat' dir='ltr'>opinor</span> <span class='ocrx_word' id='word_1_285' title='bbox 479 4004 542 4037; x_wconf 76' lang='lat' dir='ltr'>voce</span> <span class='ocrx_word' id='word_1_286' title='bbox 561 3991 691 4053; x_wconf 81' lang='lat' dir='ltr'>explicere</span> <span class='ocrx_word' id='word_1_287' title='bbox 710 3998 762 4038; x_wconf 80' lang='grc' dir='ltr'>ιιιι-</span> <span class='ocrx_word' id='word_1_288' title='bbox 815 3987 931 4045; x_wconf 80' lang='grc' dir='ltr'>ἐναντίοις</span> <span class='ocrx_word' id='word_1_289' title='bbox 950 3993 978 4040; x_wconf 94' lang='grc' dir='ltr'>Μ</span> <span class='ocrx_word' id='word_1_290' title='bbox 999 3988 1012 4056; x_wconf 94' lang='grc' dir='ltr'>Η</span> <span class='ocrx_word' id='word_1_291' title='bbox 1032 3990 1149 4040; x_wconf 75' lang='grc' dir='ltr'>οἰκοῦντα</span> <span class='ocrx_word' id='word_1_292' title='bbox 1173 3993 1201 4040; x_wconf 98' lang='grc' dir='ltr'>Μ</span> <span class='ocrx_word' id='word_1_293' title='bbox 1222 3988 1235 4056; x_wconf 99' lang='grc' dir='ltr'>Η</span> <span class='ocrx_word' id='word_1_294' title='bbox 1259 3991 1289 4043; x_wconf 91' lang='grc'>10</span> <span class='ocrx_word' id='word_1_295' title='bbox 1312 3990 1381 4058; x_wconf 83' lang='grc' dir='ltr'>φόσιι</span> <span class='ocrx_word' id='word_1_296' title='bbox 1404 4004 1472 4043; x_wconf 87' lang='lat' dir='ltr'>reete</span> 
     </span>
     <span class='ocr_line' id='line_1_32' title="bbox 106 4073 1472 4146; baseline 0.002 -22"><span class='ocrx_word' id='word_1_297' title='bbox 106 4076 192 4125; x_wconf 76' lang='lat' dir='ltr'>debat.</span> <span class='ocrx_word' id='word_1_298' title='bbox 211 4076 329 4126; x_wconf 82' lang='lat' dir='ltr'>tuebatur</span> <span class='ocrx_word' id='word_1_299' title='bbox 341 4092 431 4124; x_wconf 83' lang='lat' dir='ltr'>vocem</span> <span class='ocrx_word' id='word_1_300' title='bbox 447 4076 590 4125; x_wconf 81' lang='lat' dir='ltr'>Buecheler</span> <span class='ocrx_word' id='word_1_301' title='bbox 607 4078 622 4125; x_wconf 91' lang='lat' dir='ltr'>l.</span> <span class='ocrx_word' id='word_1_302' title='bbox 637 4093 658 4124; x_wconf 84' lang='lat' dir='ltr'>e.</span> <span class='ocrx_word' id='word_1_303' title='bbox 672 4073 762 4140; x_wconf 81' lang='lat' dir='ltr'>p.443.</span> <span class='ocrx_word' id='word_1_304' title='bbox 819 4078 911 4141; x_wconf 81' lang='lat' dir='ltr'>vulgo:</span> <span class='ocrx_word' id='word_1_305' title='bbox 935 4078 996 4145; x_wconf 82' lang='grc' dir='ltr'>φησί</span> <span class='ocrx_word' id='word_1_306' title='bbox 1020 4081 1061 4128; x_wconf 83' lang='lat' dir='ltr'>hi:</span> <span class='ocrx_word' id='word_1_307' title='bbox 1085 4077 1189 4146; x_wconf 85' lang='grc' dir='ltr'>φυσικόν</span> <span class='ocrx_word' id='word_1_308' title='bbox 1212 4080 1354 4129; x_wconf 70' lang='lat' dir='ltr'>Buecheler</span> <span class='ocrx_word' id='word_1_309' title='bbox 1378 4075 1391 4144; x_wconf 93' lang='grc' dir='ltr'>Η</span> <span class='ocrx_word' id='word_1_310' title='bbox 1418 4078 1472 4145; x_wconf 82' lang='grc' dir='ltr'>περὶ</span> 
     </span>
     <span class='ocr_line' id='line_1_33' title="bbox 106 4159 1472 4234; baseline 0.003 -24"><span class='ocrx_word' id='word_1_311' title='bbox 106 4166 213 4213; x_wconf 89' lang='lat' dir='ltr'>omnino</span> <span class='ocrx_word' id='word_1_312' title='bbox 240 4165 271 4214; x_wconf 83' lang='lat' dir='ltr'>cl.</span> <span class='ocrx_word' id='word_1_313' title='bbox 294 4179 372 4228; x_wconf 81' lang='lat' dir='ltr'>cupre</span> <span class='ocrx_word' id='word_1_314' title='bbox 390 4180 415 4226; x_wconf 89' lang='lat' dir='ltr'>p.</span> <span class='ocrx_word' id='word_1_315' title='bbox 434 4161 494 4222; x_wconf 68' lang='lat' dir='ltr'>luc,</span> <span class='ocrx_word' id='word_1_316' title='bbox 508 4162 538 4213; x_wconf 83' lang='grc'>14</span> <span class='ocrx_word' id='word_1_317' title='bbox 560 4160 572 4228; x_wconf 95' lang='grc' dir='ltr'>Η</span> <span class='ocrx_word' id='word_1_318' title='bbox 596 4163 606 4213; x_wconf 95' lang='grc'>1</span> <span class='ocrx_word' id='word_1_319' title='bbox 632 4159 763 4229; x_wconf 75' lang='grc' dir='ltr'>καταοθρει</span> <span class='ocrx_word' id='word_1_320' title='bbox 816 4164 844 4212; x_wconf 87' lang='grc' dir='ltr'>Μ</span> <span class='ocrx_word' id='word_1_321' title='bbox 870 4162 882 4226; x_wconf 85' lang='grc' dir='ltr'>Η</span> <span class='ocrx_word' id='word_1_322' title='bbox 911 4165 939 4216; x_wconf 91' lang='grc'>11</span> <span class='ocrx_word' id='word_1_323' title='bbox 961 4163 1026 4232; x_wconf 87' lang='grc' dir='ltr'>φιλεῖ</span> <span class='ocrx_word' id='word_1_324' title='bbox 1044 4169 1085 4217; x_wconf 86' lang='lat' dir='ltr'>M:</span> <span class='ocrx_word' id='word_1_325' title='bbox 1110 4164 1187 4234; x_wconf 88' lang='grc' dir='ltr'>φιλεῖν</span> <span class='ocrx_word' id='word_1_326' title='bbox 1211 4170 1288 4231; x_wconf 84' lang='lat' dir='ltr'>vulgo</span> <span class='ocrx_word' id='word_1_327' title='bbox 1313 4163 1327 4232; x_wconf 96' lang='grc' dir='ltr'>Η</span> <span class='ocrx_word' id='word_1_328' title='bbox 1354 4164 1386 4215; x_wconf 74' lang='lat'>12</span> <span class='ocrx_word' id='word_1_329' title='bbox 1409 4163 1472 4233; x_wconf 83' lang='grc' dir='ltr'>ἤγι</span> 
     </span>
     <span class='ocr_line' id='line_1_34' title="bbox 106 4247 1471 4320; baseline 0.003 -22"><span class='ocrx_word' id='word_1_330' title='bbox 106 4267 137 4299; x_wconf 86' lang='lat' dir='ltr'>o:</span> <span class='ocrx_word' id='word_1_331' title='bbox 156 4247 343 4319; x_wconf 77' lang='grc' dir='ltr'>κατασίιρηΜι</span> <span class='ocrx_word' id='word_1_332' title='bbox 367 4266 432 4301; x_wconf 90' lang='lat' dir='ltr'>eorr.</span> <span class='ocrx_word' id='word_1_333' title='bbox 447 4251 590 4301; x_wconf 85' lang='lat' dir='ltr'>Buecheler</span> <span class='ocrx_word' id='word_1_334' title='bbox 610 4248 622 4316; x_wconf 96' lang='grc' dir='ltr'>Η</span> <span class='ocrx_word' id='word_1_335' title='bbox 643 4255 764 4317; x_wconf 87' lang='grc' dir='ltr'>ποταμῶν</span> <span class='ocrx_word' id='word_1_336' title='bbox 817 4248 900 4316; x_wconf 89' lang='grc' dir='ltr'>μόνων</span> <span class='ocrx_word' id='word_1_337' title='bbox 924 4256 1014 4316; x_wconf 79' lang='lat' dir='ltr'>vulgo:</span> <span class='ocrx_word' id='word_1_338' title='bbox 1038 4252 1185 4320; x_wconf 75' lang='grc' dir='ltr'>ἡγουμένων</span> <span class='ocrx_word' id='word_1_339' title='bbox 1208 4256 1249 4304; x_wconf 82' lang='grc' dir='ltr'>Μι</span> <span class='ocrx_word' id='word_1_340' title='bbox 1274 4255 1373 4304; x_wconf 80' lang='lat' dir='ltr'>correxi</span> <span class='ocrx_word' id='word_1_341' title='bbox 1400 4252 1412 4317; x_wconf 91' lang='grc' dir='ltr'>Η</span> <span class='ocrx_word' id='word_1_342' title='bbox 1441 4251 1471 4302; x_wconf 80' lang='grc'>13</span> 
     </span>
     <span class='ocr_line' id='line_1_35' title="bbox 106 4335 1472 4410; baseline 0.003 -26"><span class='ocrx_word' id='word_1_343' title='bbox 106 4336 150 4387; x_wconf 77' lang='grc' dir='ltr'>καὶ</span> <span class='ocrx_word' id='word_1_344' title='bbox 173 4337 316 4405; x_wconf 87' lang='grc' dir='ltr'>χειμάρρων</span> <span class='ocrx_word' id='word_1_345' title='bbox 340 4339 389 4387; x_wconf 89' lang='lat' dir='ltr'>hoe</span> <span class='ocrx_word' id='word_1_346' title='bbox 414 4340 503 4388; x_wconf 88' lang='lat' dir='ltr'>ordine</span> <span class='ocrx_word' id='word_1_347' title='bbox 527 4341 573 4388; x_wconf 85' lang='grc' dir='ltr'>σΜ</span> <span class='ocrx_word' id='word_1_348' title='bbox 601 4336 614 4404; x_wconf 73' lang='lat' dir='ltr'>li</span> <span class='ocrx_word' id='word_1_349' title='bbox 640 4337 762 4405; x_wconf 72' lang='grc' dir='ltr'>θπρυσυ-</span> <span class='ocrx_word' id='word_1_350' title='bbox 804 4335 934 4410; x_wconf 82' lang='grc' dir='ltr'>Ιἐπιλιπεῖν</span> <span class='ocrx_word' id='word_1_351' title='bbox 956 4342 1016 4390; x_wconf 78' lang='lat' dir='ltr'>cM:</span> <span class='ocrx_word' id='word_1_352' title='bbox 1040 4358 1106 4391; x_wconf 85' lang='lat' dir='ltr'>corr.</span> <span class='ocrx_word' id='word_1_353' title='bbox 1130 4342 1272 4392; x_wconf 86' lang='lat' dir='ltr'>Buecheler</span> <span class='ocrx_word' id='word_1_354' title='bbox 1294 4337 1307 4405; x_wconf 96' lang='grc' dir='ltr'>Η</span> <span class='ocrx_word' id='word_1_355' title='bbox 1336 4340 1366 4390; x_wconf 88' lang='grc'>14</span> <span class='ocrx_word' id='word_1_356' title='bbox 1388 4338 1435 4407; x_wconf 81' lang='grc' dir='ltr'>τὴν</span> <span class='ocrx_word' id='word_1_357' title='bbox 1456 4356 1472 4386; x_wconf 86' lang='grc' dir='ltr'>ιι</span> 
     </span>
     <span class='ocr_line' id='line_1_36' title="bbox 105 4419 1471 4496; baseline 0.003 -25"><span class='ocrx_word' id='word_1_358' title='bbox 105 4419 764 4494; x_wconf 76' lang='grc' dir='ltr'>περβαλλόντωναιπροσεπιβαλλόντωνΜΗθδπερ</span> <span class='ocrx_word' id='word_1_359' title='bbox 817 4427 907 4489; x_wconf 78' lang='lat' dir='ltr'>vulgo:</span> <span class='ocrx_word' id='word_1_360' title='bbox 932 4443 982 4477; x_wconf 89' lang='lat' dir='ltr'>om.</span> <span class='ocrx_word' id='word_1_361' title='bbox 1000 4431 1029 4479; x_wconf 90' lang='lat' dir='ltr'>M</span> <span class='ocrx_word' id='word_1_362' title='bbox 1054 4443 1066 4492; x_wconf 72' lang='grc' dir='ltr'>γ,</span> <span class='ocrx_word' id='word_1_363' title='bbox 1095 4429 1125 4482; x_wconf 76' lang='lat' dir='ltr'>lu*</span> <span class='ocrx_word' id='word_1_364' title='bbox 1145 4429 1180 4496; x_wconf 78' lang='grc' dir='ltr'>μὴ</span> <span class='ocrx_word' id='word_1_365' title='bbox 1204 4423 1471 4495; x_wconf 65' lang='grc' dir='ltr'>προκαταληφθέντων</span> 
     </span>
     <span class='ocr_line' id='line_1_37' title="bbox 104 4506 1469 4584; baseline 0.002 -25"><span class='ocrx_word' id='word_1_366' title='bbox 104 4507 242 4559; x_wconf 79' lang='grc' dir='ltr'>ποδώντιυν</span> <span class='ocrx_word' id='word_1_367' title='bbox 261 4513 290 4561; x_wconf 92' lang='grc' dir='ltr'><strong>Μ</strong></span> <span class='ocrx_word' id='word_1_368' title='bbox 310 4506 324 4578; x_wconf 94' lang='grc' dir='ltr'>Η</span> <span class='ocrx_word' id='word_1_369' title='bbox 345 4512 362 4563; x_wconf 90' lang='grc'>4</span> <span class='ocrx_word' id='word_1_370' title='bbox 380 4509 577 4581; x_wconf 75' lang='grc' dir='ltr'>ιἰπερβλησαντες</span> <span class='ocrx_word' id='word_1_371' title='bbox 596 4515 625 4562; x_wconf 90' lang='grc' dir='ltr'>Μ</span> <span class='ocrx_word' id='word_1_372' title='bbox 649 4510 662 4579; x_wconf 97' lang='grc' dir='ltr'>Η</span> <span class='ocrx_word' id='word_1_373' title='bbox 687 4512 764 4565; x_wconf 85' lang='grc' dir='ltr'>5πε-</span> <span class='ocrx_word' id='word_1_374' title='bbox 816 4514 858 4563; x_wconf 84' lang='grc' dir='ltr'>Μι</span> <span class='ocrx_word' id='word_1_375' title='bbox 885 4512 1167 4584; x_wconf 82' lang='grc' dir='ltr'>προσκαταλειφθέντων</span> <span class='ocrx_word' id='word_1_376' title='bbox 1195 4534 1223 4565; x_wconf 87' lang='lat' dir='ltr'>o:</span> <span class='ocrx_word' id='word_1_377' title='bbox 1252 4525 1319 4565; x_wconf 83' lang='lat' dir='ltr'>recte</span> <span class='ocrx_word' id='word_1_378' title='bbox 1349 4516 1425 4577; x_wconf 83' lang='lat' dir='ltr'>vulgo</span> <span class='ocrx_word' id='word_1_379' title='bbox 1456 4509 1469 4579; x_wconf 95' lang='grc' dir='ltr'>Η</span> 
     </span>
     <span class='ocr_line' id='line_1_38' title="bbox 103 4594 1468 4669; baseline 0.004 -24"><span class='ocrx_word' id='word_1_380' title='bbox 103 4594 194 4664; x_wconf 76' lang='grc' dir='ltr'>λάγους</span> <span class='ocrx_word' id='word_1_381' title='bbox 216 4601 294 4661; x_wconf 81' lang='lat' dir='ltr'>vulgo</span> <span class='ocrx_word' id='word_1_382' title='bbox 319 4600 416 4659; x_wconf 81' lang='lat' dir='ltr'>(deficit</span> <span class='ocrx_word' id='word_1_383' title='bbox 438 4600 477 4661; x_wconf 82' lang='lat' dir='ltr'>a):</span> <span class='ocrx_word' id='word_1_384' title='bbox 505 4597 600 4668; x_wconf 85' lang='grc' dir='ltr'>πελάγη</span> <span class='ocrx_word' id='word_1_385' title='bbox 625 4603 666 4663; x_wconf 87' lang='grc' dir='ltr'>Μ,</span> <span class='ocrx_word' id='word_1_386' title='bbox 692 4602 760 4652; x_wconf 87' lang='lat' dir='ltr'>unde</span> <span class='ocrx_word' id='word_1_387' title='bbox 816 4599 848 4651; x_wconf 81' lang='lat'>17</span> <span class='ocrx_word' id='word_1_388' title='bbox 872 4599 1017 4654; x_wconf 80' lang='grc' dir='ltr'>ἀνίστασθαι</span> <span class='ocrx_word' id='word_1_389' title='bbox 1040 4622 1056 4653; x_wconf 87' lang='lat' dir='ltr'><strong><em>a</em></strong></span> <span class='ocrx_word' id='word_1_390' title='bbox 1083 4601 1095 4669; x_wconf 82' lang='grc' dir='ltr'>Η</span> <span class='ocrx_word' id='word_1_391' title='bbox 1129 4603 1159 4655; x_wconf 80' lang='grc'>11</span> <span class='ocrx_word' id='word_1_392' title='bbox 1183 4601 1212 4653; x_wconf 75' lang='grc' dir='ltr'>οὺ</span> <span class='ocrx_word' id='word_1_393' title='bbox 1234 4601 1291 4653; x_wconf 87' lang='grc' dir='ltr'>τότε</span> <span class='ocrx_word' id='word_1_394' title='bbox 1313 4602 1468 4652; x_wconf 82' lang='lat' dir='ltr'>Buecheler:</span> 
     </span>
     <span class='ocr_line' id='line_1_39' title="bbox 105 4681 1054 4754; baseline 0.008 -20"><span class='ocrx_word' id='word_1_395' title='bbox 105 4681 226 4752; x_wconf 81' lang='grc' dir='ltr'>μεγέθους</span> <span class='ocrx_word' id='word_1_396' title='bbox 255 4685 363 4753; x_wconf 77' lang='grc' dir='ltr'>ἀχανοῦς</span> <span class='ocrx_word' id='word_1_397' title='bbox 396 4684 490 4754; x_wconf 79' lang='grc' dir='ltr'>πελάγη</span> <span class='ocrx_word' id='word_1_398' title='bbox 519 4690 586 4737; x_wconf 85' lang='lat' dir='ltr'>coni.</span> <span class='ocrx_word' id='word_1_399' title='bbox 609 4689 760 4739; x_wconf 80' lang='lat' dir='ltr'>Buecheler.</span> <span class='ocrx_word' id='word_1_400' title='bbox 813 4684 842 4737; x_wconf 76' lang='grc' dir='ltr'>οδ</span> <span class='ocrx_word' id='word_1_401' title='bbox 855 4686 883 4738; x_wconf 88' lang='grc' dir='ltr'>τὸ</span> <span class='ocrx_word' id='word_1_402' title='bbox 902 4706 930 4739; x_wconf 85' lang='lat' dir='ltr'>a:</span> <span class='ocrx_word' id='word_1_403' title='bbox 950 4687 1006 4741; x_wconf 69' lang='grc' dir='ltr'>οὗτε</span> <span class='ocrx_word' id='word_1_404' title='bbox 1026 4694 1054 4742; x_wconf 91' lang='grc' dir='ltr'>Μ</span> 
     </span>
    </p>

    <p class='ocr_par' dir='ltr' id='par_1_9' title="bbox 103 4774 1470 4928">
     <span class='ocr_line' id='line_1_40' title="bbox 103 4774 1470 4843; baseline 0.004 -22"><span class='ocrx_word' id='word_1_405' title='bbox 103 4774 149 4822; x_wconf 82' lang='lat' dir='ltr'>sed</span> <span class='ocrx_word' id='word_1_406' title='bbox 175 4776 288 4838; x_wconf 83' lang='lat' dir='ltr'>poscitur</span> <span class='ocrx_word' id='word_1_407' title='bbox 310 4776 447 4838; x_wconf 80' lang='lat' dir='ltr'>singularis</span> <span class='ocrx_word' id='word_1_408' title='bbox 471 4786 575 4839; x_wconf 79' lang='lat' dir='ltr'>propter</span> <span class='ocrx_word' id='word_1_409' title='bbox 597 4779 759 4836; x_wconf 79' lang='lat' dir='ltr'>seutentiam,</span> <span class='ocrx_word' id='word_1_410' title='bbox 851 4774 1470 4843; x_wconf 61' lang='lat' dir='ltr'>luendamsimilitorsimplieiuslu.p.511·‘l3.</span> 
     </span>
     <span class='ocr_line' id='line_1_41' title="bbox 103 4855 980 4928; baseline 0.01 -21"><span class='ocrx_word' id='word_1_411' title='bbox 103 4869 130 4908; x_wconf 83' lang='lat' dir='ltr'>et</span> <span class='ocrx_word' id='word_1_412' title='bbox 145 4855 252 4926; x_wconf 87' lang='grc' dir='ltr'>πέλαγος</span> <span class='ocrx_word' id='word_1_413' title='bbox 264 4860 354 4928; x_wconf 80' lang='grc' dir='ltr'>ἀχανές</span> <span class='ocrx_word' id='word_1_414' title='bbox 365 4865 451 4911; x_wconf 87' lang='lat' dir='ltr'>tritum</span> <span class='ocrx_word' id='word_1_415' title='bbox 463 4871 501 4911; x_wconf 81' lang='lat' dir='ltr'>est</span> <span class='ocrx_word' id='word_1_416' title='bbox 511 4864 581 4911; x_wconf 80' lang='lat' dir='ltr'>velut</span> <span class='ocrx_word' id='word_1_417' title='bbox 594 4864 733 4913; x_wconf 76' lang='lat' dir='ltr'>Plutarcho</span> <span class='ocrx_word' id='word_1_418' title='bbox 744 4860 758 4928; x_wconf 97' lang='grc' dir='ltr'>Η</span> <span class='ocrx_word' id='word_1_419' title='bbox 813 4861 923 4916; x_wconf 72' lang='lat'>515125</span> <span class='ocrx_word' id='word_1_420' title='bbox 936 4866 980 4917; x_wconf 88' lang='lat' dir='ltr'>Br.</span> 
     </span>
    </p>

    <p class='ocr_par' dir='ltr' id='par_1_10' title="bbox 103 4943 760 5015">
     <span class='ocr_line' id='line_1_42' title="bbox 103 4943 760 5015; baseline 0.009 -20"><span class='ocrx_word' id='word_1_421' title='bbox 103 4943 232 4998; x_wconf 75' lang='grc' dir='ltr'>ῖπολλῶν</span> <span class='ocrx_word' id='word_1_422' title='bbox 253 4950 295 4999; x_wconf 82' lang='lat' dir='ltr'>M:</span> <span class='ocrx_word' id='word_1_423' title='bbox 322 4953 375 4999; x_wconf 85' lang='grc' dir='ltr'>τῶν</span> <span class='ocrx_word' id='word_1_424' title='bbox 398 4947 499 5000; x_wconf 87' lang='grc' dir='ltr'>πολλῶν</span> <span class='ocrx_word' id='word_1_425' title='bbox 524 4952 600 5013; x_wconf 78' lang='lat' dir='ltr'>vulgo</span> <span class='ocrx_word' id='word_1_426' title='bbox 625 4946 639 5015; x_wconf 91' lang='grc' dir='ltr'>Η</span> <span class='ocrx_word' id='word_1_427' title='bbox 664 4951 681 5000; x_wconf 76' lang='grc' dir='ltr'>ὃ</span> <span class='ocrx_word' id='word_1_428' title='bbox 702 4949 760 5008; x_wconf 80' lang='grc' dir='ltr'>τοὺς</span> 
     </span>
    </p>
   </div>
   <div class='ocr_carea' id='block_1_9' title="bbox 0 0 1726 5588">
    <p class='ocr_par' dir='ltr' id='par_1_11' title="bbox 0 0 1726 5588">
     <span class='ocr_line' id='line_1_43' title="bbox 0 0 1726 5588; baseline 0 5"><span class='ocrx_word' id='word_1_429' title='bbox 0 0 1726 5588; x_wconf 95' lang='lat' dir='ltr'> </span> 
     </span>
    </p>
   </div>
  </div>
 </body>
</html>
