3442 5588
179 334 243 398 5⁶24
565 334 822 387 rnnornensrr
841 333 979 386 rursm.
999 335 1159 387 ονιιιιοιι.

231 509 282 568 τοῦ
305 507 402 590 φωτὸς
424 506 444 589 ἢ
468 506 527 569 άπδ
549 504 638 570 ἄλλου
660 505 735 574 τινδς
759 508 850 568 ποιεῖν
877 505 910 567 rb
940 506 1053 570 λευκόν.
1098 506 1155 588 [διὸ
1183 506 1231 569 καὶ
1258 505 1311 588 τὴν
1340 503 1503 588 παχύτητα

179 619 209 670 81
232 614 283 672 τοῦ
299 610 384 694 ἀέρος
399 609 524 672 αἰτιᾶται
539 607 611 691 πρὸς
632 607 665 669 rb
688 607 843 691 φαίνεσθαι
871 608 985 691 μέλαν]
1138 606 1181 670 ἔτι
1203 609 1236 672 δέ
1258 610 1323 676 πῶς
1350 607 1383 670 rb
1406 604 1501 689 μέλαν

230 711 416 789 ἀποδίδωσιν,
438 712 472 775 οῦ
497 709 594 796 βοίδιον
617 698 813 792 καταμαθεῖν·
840 711 859 794 ἡ
882 710 950 774 σκιά
971 709 1025 794 γὰρ
1048 709 1138 791 μέλαν
1160 734 1186 773 τι
1208 710 1256 773 καὶ
1283 708 1501 793 ἐπιπρόσθησίς

230 815 290 877 ἐστι
312 819 364 877 τοῦ
387 818 508 878 λευκοῦ·
537 814 581 876 διδ
604 817 719 897 πρῶτον
740 814 774 876 rb
796 814 899 876 λευκδν
922 814 975 896 τὴν
997 812 1091 897 φύσιν.
1137 812 1199 895 ἅμα
1226 811 1260 875 δέ
1285 811 1320 875 οδ
1348 810 1436 893 μόνον
1463 811 1501 873 rb

229 918 413 994 ἐπισκιάζειν,
436 916 511 980 ἀλλά
534 917 582 979 καλ
605 916 657 999 τὴν
679 916 834 1001 παχύτητα
855 920 907 978 τοῦ
929 915 1014 999 ἀέρος
1036 916 1085 978 καὶ
1106 921 1159 999 τῆς
1180 914 1327 998 εἰσιούσης
1346 915 1500 998 ἀπορροῆς
1532 940 1545 976 ι

232 1019 358 1082 αἰτιᾶται
381 1021 429 1083 καὶ
452 1021 504 1103 τὴν
526 1020 657 1104 ταραχὴν
680 1023 731 1082 τοῦ
751 1019 917 1103 ὀφθαλμοῦ.
962 1017 1081 1101 πότερον
1105 1018 1138 1081 δὲ
1159 1022 1250 1081 ταῦτα
1269 1016 1419 1102 συμβαίνει
1446 1015 1501 1079 διά

228 1123 261 1185 rb
286 1124 327 1206 μὴ
351 1122 499 1186 εδδίοπτον
523 1122 543 1206 ῆ
567 1122 615 1184 καὶ
638 1119 719 1206 άλλιρ
741 1118 840 1203 γίνοιτ’
868 1119 903 1184 ἀν
925 1122 973 1184 καὶ
996 1121 1072 1206 ποίιμ
1096 1122 1129 1205 [rb
1145 1121 1260 1203 μέλαν],
1288 1119 1322 1182 οδ
1346 1121 1496 1204 διασαφεῖ.

180 1232 214 1286 82
324 1224 431 1289 ἄτοπον
447 1226 479 1288 δὲ
494 1225 541 1289 καὶ
556 1226 590 1286 rb
605 1228 656 1287 τοῦ
672 1227 790 1309 χλωροῦ
803 1223 843 1306 μὴ
859 1223 1017 1287 ἀποδοῦναι
1033 1226 1158 1309 μορφήν,
1180 1224 1256 1287 ἀλλὰ
1278 1223 1364 1304 μόνον
1387 1221 1422 1285 ἐκ
1443 1223 1500 1283 τοῦ

234 1332 351 1411 στερεοῦ
374 1328 496 1391 καὶτοῦ
519 1331 603 1390 κενοῦ
626 1331 727 1390 ποιεῖν.
772 1325 854 1389 κοινά
880 1325 935 1410 γὰρ
963 1327 1055 1389 ταῦτά
1082 1350 1116 1409 γε
1142 1328 1256 1389 πάντων
1283 1325 1331 1389 καὶ
1360 1323 1498 1394 ἐίδποί·

231 1453 271 1492 ων
287 1429 338 1493 οῦν
361 1429 442 1494 ἔσται
465 1432 635 1515 σχημάτων.
674 1434 749 1514 χρῆν
772 1425 799 1491 δ’
820 1429 919 1511 ῶσπερ
941 1429 994 1492 κάν
1016 1433 1076 1499 τοῖς
1097 1429 1196 1499 ἀλλοις
1218 1427 1290 1493 ἴδιόν
1312 1452 1339 1491 τι
1362 1432 1497 1511 ποιῆσαι,
1517 1451 1544 1490 ιο

232 1533 280 1595 καὶ
304 1533 329 1596 εἰ
353 1535 404 1615 μὲν
427 1533 552 1596 ἐναντίον
574 1537 616 1617 τῷ
640 1532 767 1616 ἐρυθρῷ,
789 1530 923 1614 καθάπερ
945 1532 978 1593 rb
1002 1533 1091 1615 μέλαν
1107 1538 1150 1618 τῷ
1166 1534 1274 1617 λευκῷ,
1295 1531 1348 1616 τὴν
1364 1529 1497 1594 ἐναντίαν

231 1632 310 1719 ἔχειν
334 1639 463 1721 μορφήν·
494 1634 519 1698 εί
542 1636 574 1698 δέ
598 1635 637 1717 μῆ
661 1634 798 1709 ἐναντίον,
820 1633 892 1697 αῦτδ
914 1631 992 1696 τοῦτ’
1021 1633 1055 1697 ἄν
1082 1658 1125 1704 τις
1153 1635 1343 1717 θαυμάσειεν,
1371 1634 1415 1698 ὅτι
1445 1632 1497 1703 τάς

231 1737 324 1822 ἀρχὰς
347 1738 401 1802 οῦκ
428 1738 556 1807 ἐναντίας
582 1741 672 1800 ποιεῖ·
699 1738 780 1799 δοκεῖ
804 1735 858 1819 γὰρ
884 1735 914 1799 ἐν
945 1739 1031 1800 πᾶσιν
1057 1738 1144 1800 οὕτω.
1190 1739 1314 1820 μάλιστα
1340 1735 1365 1800 δ’
1399 1737 1494 1822 ἐχρῆν

230 1844 315 1903 τοῦτο
338 1841 512 1924 διακριβοῦν,
534 1844 604 1903 ποῖα
625 1842 684 1902 τῶν
706 1839 872 1924 χρωμάτων
895 1840 975 1902 ἁπλᾶ
997 1840 1045 1902 καὶ
1069 1840 1116 1903 διὰ
1138 1841 1167 1903 τί
1180 1840 1217 1904 τὰ
1233 1841 1285 1923 μὲν
1301 1839 1438 1918 σύνθετα,
1459 1839 1498 1902 τὰ

230 1942 262 2005 δὲ
284 1942 442 2006 ἀσύνθετα·
468 1943 587 2026 πλείστη
609 1942 663 2025 γὰρ
686 1941 793 2026 ἀπορία
814 1941 879 2025 περί
901 1946 959 2004 τῶν
983 1943 1094 2028 ἀρχῶν.
1140 1944 1216 2007 ἀλλά
1236 1947 1321 2007 τοῦτο
1345 1944 1398 2026 μὲν
1422 1940 1495 2012 ἴσως
1516 1966 1540 2005 ιι

227 2043 368 2127 χαλεπόν.
411 2047 473 2110 ἐπεὶ
510 2048 558 2109 καὶ
591 2049 649 2107 τῶν
681 2049 785 2129 χυμῶν
820 2042 851 2107 εί
879 2066 921 2114 τις
948 2044 1062 2108 δύναιτο
1088 2046 1155 2116 τοῦς
1184 2048 1294 2117 ἁπλοῦς
1321 2047 1494 2121 ἀποδοῦναι,

230 2148 339 2227 μᾶλλον
373 2148 408 2211 ἀν
442 2150 493 2213 ῦδε
518 2149 606 2231 λέγοι.
649 2148 713 2232 περὶ
739 2147 772 2210 δὲ
801 2147 897 2231 δσμῆς
923 2149 1144 2233 προσαφορίζειν
1174 2153 1304 2234 παρῆκεν
1337 2149 1414 2232 πλὴν
1448 2170 1495 2210 το

230 2251 342 2326 σοῦτον,
365 2250 409 2314 δτι
431 2254 464 2314 τὸ
486 2252 589 2315 λεπτδν
612 2250 753 2335 ἀπορρέον
781 2251 840 2313 ἀπὸ
861 2253 920 2312 τῶν
943 2250 1056 2335 βαρέων
1078 2256 1157 2315 ποιεῖ
1181 2254 1233 2336 τὴν
1261 2253 1364 2337 ὀδμήν.
1409 2255 1494 2314 ποῖον

227 2349 260 2412 δέ
287 2374 313 2413 τι
341 2353 393 2436 τὴν
420 2355 505 2438 φύσιν
535 2355 566 2418 δν
596 2354 653 2417 ύπδ
675 2353 750 2422 τίνος
771 2354 891 2438 πάσχει,
918 2352 1015 2416 οδκέτι
1042 2354 1239 2439 προσέθηκεν,
1268 2355 1339 2440 ὅπερ
1362 2352 1433 2423 ἴσως
1456 2352 1494 2437 ῆν

179 2461 213 2514 83
232 2458 416 2539 κυριώτατον.
461 2458 683 2541 Δημόκριτος
706 2456 757 2539 μὲν
779 2455 830 2520 οῦν
853 2457 945 2527 οῦτως
967 2455 1028 2520 ἔνια
1049 2458 1230 2542 παραλείπει.
1511 2484 1536 2523 ω

329 2559 475 2624 Πλάτων
505 2563 537 2625 δέ
564 2561 673 2645 θερμδν
703 2560 755 2642 μὲν
783 2558 857 2623 εἶναί
882 2582 954 2644 φησι
981 2560 1013 2623 rb
1041 2561 1183 2644 διακρῖνον
1211 2558 1248 2623 δι’
1282 2558 1405 2644 δίύτητα
1431 2563 1493 2621 τῶν

224 2666 350 2744 γωνιῶν·
379 2664 491 2747 ψυχρδν
519 2665 552 2727 δέ
580 2665 648 2727 ὅταν
678 2660 714 2726 δι’
736 2662 878 2747 ὑγρότητα
900 2663 1066 2746 ἐκκρίνοντα
1087 2662 1123 2725 rb
1145 2661 1257 2726 ἐλάττω
1279 2665 1327 2727 καὶ
1352 2664 1393 2746 μὴ
1409 2664 1493 2726 δυνά-

229 2787 300 2845 μενα
323 2765 440 2829 εἰσιέναι
462 2766 498 2829 τά
522 2767 613 2849 μείζω
635 2766 734 2850 κύκλῳ
756 2766 905 2850 περιωθῆ·
928 2769 966 2847 τῆ
986 2764 1040 2848 γάρ
1057 2765 1142 2849 μάχη
1157 2764 1262 2850 τρόμον
1279 2766 1327 2831 καὶ
1342 2772 1384 2852 τῷ
1401 2766 1493 2829 πάθει

229 2867 307 2951 ρῖγος
329 2866 401 2931 εἶναι
425 2866 525 2952 ὄνομα.
570 2868 696 2952 σκληρὸν
719 2865 787 2952 (θέλ
810 2865 835 2952 ᾦ
859 2868 893 2932 ἀν
916 2869 936 2951 ἡ
959 2866 1029 2952 σάρέ
1052 2867 1169 2950 ύπείκη,
1193 2869 1323 2950 μαλακὸν
1345 2869 1393 2946 δέ,
1416 2869 1432 2932 δ
1457 2867 1492 2931 ἀν

225 2973 263 3050 τῆ
286 2970 386 3053 σαρκί,
413 2972 461 3034 καὶ
490 2972 562 3056 πρὸς
588 2971 702 3055 άλληλα
728 2970 846 3054 ὁμοίως.
892 2970 1017 3034 ὑπείκειν
1046 2970 1078 3033 δὲ
1105 2972 1139 3034 rb
1168 2971 1271 3054 μικράν
1299 2969 1369 3057 ἔχον
1396 2972 1491 3058 βάσιν.
1511 2997 1536 3036 τι

229 3072 302 3156 βαρῦ
325 3073 428 3137 δὲκαὶ
451 3077 559 3158 κοῦρον
582 3079 624 3159 τῷ
649 3075 701 3155 μὲν
723 3073 784 3137 ἅνω
807 3074 855 3137 καὶ
878 3075 958 3136 κάτω
981 3074 1112 3157 διορίζειν
1135 3073 1169 3136 οδ
1192 3075 1261 3151 δεῖν,
1283 3074 1317 3137 οδ
1340 3074 1394 3159 γὰρ
1416 3072 1491 3138 εἶναι

227 3175 363 3239 τοιούτων
391 3176 492 3261 φύσιν·
528 3176 603 3241 ἀλλά
629 3181 736 3262 κοῦφον
767 3177 820 3259 μὲν
846 3175 918 3240 εἶναι
947 3177 980 3239 τὸ
1014 3176 1055 3246 είς
1087 3176 1136 3239 τδν
1170 3176 1249 3260 παρὰ
1282 3176 1366 3261 φύσιν
1399 3178 1490 3241 τύπον

230 3278 336 3362 ῥηιδίως
358 3279 530 3361 ἑλκόμενον,
553 3280 626 3364 βαρύ
649 3280 682 3342 δὲ
702 3280 735 3342 τὸ
763 3282 911 3365 χαλεπῶς.
954 3280 1048 3364 τραχύ
1076 3280 1108 3343 δέ
1134 3280 1182 3343 καὶ
1212 3281 1288 3342 λεῖον
1317 3284 1358 3349 ῶς
1385 3281 1494 3350 ἱκανῶς

179 3469 189 3518 l
201 3464 353 3535 διδ-μέλαν
363 3471 461 3519 removi
476 3470 507 3518 cf.
524 3487 548 3519 v.
560 3465 601 3536 511
613 3467 628 3519 2
638 3464 762 3519 eludebat
772 3469 828 3520 PF:
882 3469 955 3519 odor.
969 3468 1002 3521 64
1014 3471 1026 3534 γΙ
1042 3467 1073 3519 18
1082 3472 1134 3520 τῶν
1143 3465 1244 3537 θερμῶν
1254 3471 1364 3521 Usener.
1376 3473 1429 3520 τῶν
1439 3468 1544 3538 παχέων

175 3573 240 3608 corr.
259 3557 401 3609 Schneider
420 3555 434 3624 ΙΙ
455 3553 490 3613 ῶς
508 3558 565 3607 PF:
584 3572 649 3607 corr.
663 3558 774 3607 Usener:
794 3554 829 3613 οἶς
881 3553 1104 3625 Μυ11οσ1ι11δδμὴν
1111 3559 1165 3610 PF.
1179 3561 1279 3608 servavi
1289 3567 1316 3608 υι
1326 3559 1520 3608 Democriteum
1529 3554 1542 3624 Η

173 3648 299 3696 Wimmer
315 3642 328 3712 11
345 3642 676 3709 ’ίάλλωςτυΙροιυοττεπί
693 3640 829 3710 βὴμίλαν
884 3644 915 3696 19
946 3640 1030 3712 ῶσπερ
1060 3642 1120 3702 ἴσως
1149 3647 1206 3697 PF:
1244 3660 1311 3695 corr.
1346 3645 1497 3711 Stephanus
1529 3643 1543 3710 ΙΙ

174 3733 231 3784 PF:
245 3735 345 3785 induxi.
361 3731 390 3784 rb
400 3730 477 3799 μέλαν
487 3736 554 3783 eoni.
565 3736 697 3783 Wimmer.
717 3727 830 3798 ἢμέλανι
886 3729 920 3783 θθ
944 3728 1012 3788 ὅπως
1035 3729 1086 3782 ἐνια
1114 3733 1170 3784 PFr
1199 3749 1264 3783 corr.
1291 3733 1438 3798 Stephanus
1467 3729 1482 3799 ΙΙ
1511 3730 1542 3784 θλ

175 3819 321 3885 Stephanus
333 3817 345 3888 Η
358 3818 421 3884 ere,
430 3818 459 3871 rb
469 3817 569 3889 χλωρὸν
579 3822 636 3872 PF:
650 3836 715 3871 corr.
725 3819 832 3871 Schnei-
885 3821 961 3870 Plato
979 3822 1046 3870 Tim.
1065 3837 1090 3885 p.
1103 3820 1159 3873 612
1178 3818 1225 3887 τὴν
1242 3817 1381 3888 λεπτότητα
1400 3825 1454 3871 τῶν
1472 3817 1544 3872 πλευ

175 3909 229 3959 der.
249 3905 277 3958 rb
294 3906 403 3977 χλωρῶν
416 3910 561 3974 Stephanus
575 3905 617 3974 119
635 3909 714 3958 ταῦτα
731 3923 759 3957 τε
777 3906 833 3958 PF:
887 3910 938 3973 ρῶν
956 3905 999 3956 καὶ
1021 3912 1119 3973 γωνιῶν
1142 3904 1249 3976 ὀξύτητα
1274 3903 1287 3975 ΙΙ
1311 3906 1345 3959 θθ
1368 3909 1430 3959 ibid.
1449 3906 1543 3974 p.621

175 4011 240 4046 corr.
265 3997 365 4048 Cemot.
384 4000 460 4048 Voss,
479 3994 558 4047 ταῦτά
580 4013 608 4047 τε
620 3998 744 4046 Wimmer
766 3991 780 4063 11
802 3993 834 4046 10
885 3993 917 4044 τὰ
935 3993 981 4062 γάρ
1000 3992 1031 4063 δὴ
1051 3999 1104 4045 τῶν
1122 3995 1176 4063 περὶ
1194 3994 1223 4047 τὸ
1242 4000 1315 4063 σῶμα
1335 3993 1418 4066 ύγρῶν
1436 3993 1542 4064 μεγαλα·

174 4081 218 4133 καλ
240 4087 292 4140 τοῖς
316 4088 406 4149 vulgo:
430 4087 531 4137 correxi
551 4081 565 4151 11
592 4083 621 4135 11
648 4081 751 4134 ἐναντίω
775 4084 832 4135 PF:
886 4081 1019 4150 μερέστιρα
1038 4080 1157 4146 τίσιόντοι,
1175 4082 1207 4134 τὰ
1225 4082 1374 4152 σμικρότερα
1391 4079 1545 4146 ἐξωθοῦντα,

176 4186 241 4220 corr.
260 4172 403 4223 Schneider
422 4168 437 4238 Η
459 4170 490 4223 12
510 4169 562 4239 ἔχει
580 4173 637 4223 PF:
657 4175 759 4223 correxi
779 4168 793 4239 ΙΙ
811 4171 832 4223 εί
885 4167 919 4226 είς
945 4169 989 4227 τάς
1017 4169 1119 4221 ἐκείνων
1142 4167 1171 4221 οῦ
1200 4169 1321 4238 δυνάμενα
1348 4169 1420 4240 ἕδρας
1449 4169 1545 4224 ἐνδῦναι

174 4253 276 4324 δ’ἠμὴ
287 4260 344 4308 PF:
366 4263 474 4310 correxi.
500 4255 552 4309 τίδ’
565 4256 649 4326 εἴημὴ
663 4254 830 4326 δυθιιείἀετΗ
885 4253 1044 4316 Ευνωθοῦντα
1069 4257 1143 4326 ἡμῶν
1165 4257 1194 4309 τὸ
1217 4258 1392 4328 νοτερὸν-τη
1416 4257 1449 4329 δὴ
1474 4261 1545 4330 μάχη

178 4341 209 4394 13
241 4342 339 4395 ἐναντία
376 4347 433 4398 PF:
476 4362 542 4397 corr.
579 4347 721 4397 Schneider
755 4338 771 4411 11
806 4342 832 4395 ἐν
883 4346 930 4397 καὶ
947 4345 984 4413 τῷ
1004 4351 1095 4414 σεισμῷ
1114 4344 1196 4414 τούτῳ
1216 4345 1307 4415 τρόμος
1321 4347 1365 4397 καλ
1379 4345 1447 4415 ῥῖγος
1461 4343 1546 4416 ἐτίθη.

174 4434 247 4480 πᾶσιν
265 4433 299 4482 Ρ;
319 4430 349 4482 ἐκ
367 4437 440 4484 πᾶσιν
458 4436 493 4484 F:
517 4436 632 4498 suspicor
651 4430 741 4483 ἅπασιν
761 4426 775 4499 ΙΙ
798 4428 829 4484 15
884 4435 953 4485 unde
977 4433 1121 4484 Schneider
1143 4432 1175 4483 τὰ
1201 4431 1264 4502 ῦγρά
1286 4436 1330 4485 τοῦ
1354 4432 1476 4501 σώματος
1498 4452 1545 4500 pro

173 4516 270 4587 ἀπειρία
289 4521 349 4571 PF:
372 4538 437 4573 corr.
462 4523 594 4573 Cemotius
615 4516 628 4587 ΙΙ
656 4520 687 4574 16
712 4516 831 4570 ἁπλ..σ
885 4517 918 4571 δι’
940 4518 1078 4589 ύγράτητα,
1101 4523 1226 4572 Wimmer
1248 4523 1389 4589 simplicius
1407 4525 1455 4591 τῆς
1474 4520 1545 4590 ῦγρύ

174 4623 212 4671 pr.
225 4608 255 4668 F,
274 4609 319 4658 sed
332 4610 422 4659 eadem
434 4611 460 4659 in
475 4624 538 4674 ταις.
558 4606 651 4666 ἁπλοῦς
664 4603 678 4676 ΙΙ
695 4607 726 4661 17
746 4604 829 4676 εἴρηκέ
883 4623 967 4676 τητος.
993 4609 1038 4659 sed
1060 4612 1148 4661 omnir
1165 4620 1302 4661 sanarunt
1320 4606 1334 4677 ΙΙ
1353 4609 1397 4661 καλ
1414 4609 1453 4680 μὴ
1471 4609 1543 4662 euve·

172 4710 200 4761 γε
231 4697 290 4747 PF:
323 4697 436 4763 παρῆκεν
463 4696 613 4748 Schneider.
655 4692 829 4764 προσαφορίζιι
883 4713 945 4763 μενα
963 4698 1040 4747 bisF
1065 4691 1079 4763 Η
1103 4694 1137 4747 θθ
1155 4692 1268 4765 περιωθῆ
1288 4700 1321 4749 F:
1346 4695 1508 4767 περιωθεῑΡ
1529 4693 1543 4764 ΙΙ

172 4779 271 4849 (σχεδὸν
288 4779 382 4850 δμοίως
399 4788 450 4841 τοῖς
466 4782 595 4842 πλείστοις.
615 4781 685 4834 υῦδέν
697 4783 743 4851 γὰρ
757 4781 828 4844 ἴδιον)
880 4790 917 4853 τῷ
939 4785 1014 4851 πάχει
1034 4786 1092 4836 PF:
1118 4801 1182 4835 corr.
1206 4786 1348 4838 Schneider
1369 4784 1382 4854 ΙΙ
1408 4785 1444 4839 24
1468 4785 1544 4855 βῆγος

172 4867 495 4937 εἷρηκέγεΜυΙλεσλ,ηυοι1
504 4875 621 4924 ultimum
631 4874 719 4935 utique
729 4868 826 4937 εἴρηκεν
879 4874 924 4925 PF
943 4869 957 4939 ΙΙ
976 4870 1003 4924 δέ
1022 4888 1072 4923 om.
1092 4873 1148 4924 PF:
1173 4889 1239 4924 corr.
1258 4873 1402 4926 Schneider
1423 4870 1436 4942 ΙΙ
1457 4873 1492 4928 26
1511 4876 1543 4927 ef·

173 4961 336 5011 scribendum
357 4971 419 5013 eret.
450 4970 562 5012 ceterum
584 4961 615 5010 ef.
638 4960 769 5025 Theophr.
793 4960 825 5010 de
877 4962 954 5012 Piero
972 4963 989 5013 l.
1003 4978 1024 5012 c.
1044 4979 1069 5029 p.
1082 4957 1138 5014 631³
