<?xml version="1.0" encoding="UTF-8"?>
<!DOCTYPE html PUBLIC "-//W3C//DTD XHTML 1.0 Transitional//EN"
    "http://www.w3.org/TR/xhtml1/DTD/xhtml1-transitional.dtd">
<html xmlns="http://www.w3.org/1999/xhtml" xml:lang="en" lang="en">
 <head>
  <title>
</title>
<meta http-equiv="Content-Type" content="text/html;charset=utf-8" />
  <meta name='ocr-system' content='tesseract 3.04.00' />
  <meta name='ocr-capabilities' content='ocr_page ocr_carea ocr_par ocr_line ocrx_word'/>
</head>
<body>
  <div class='ocr_page' id='page_1' title='image "./doxographigraec00dielgoog/doxographigraec00dielgoog_0122.png"; bbox 0 0 3442 5588; ppageno 0'>
   <div class='ocr_carea' id='block_1_1' title="bbox 643 275 1456 369">
    <p class='ocr_par' dir='ltr' id='par_1_1' title="bbox 643 275 1456 386">
     <span class='ocr_line' id='line_1_1' title="bbox 643 275 1456 369; baseline 0.01 -8"><span class='ocrx_word' id='word_1_1' title='bbox 643 309 919 362; x_wconf 78' lang='lat' dir='ltr'>raonucouurvs</span> <span class='ocrx_word' id='word_1_2' title='bbox 1058 275 1217 386; x_wconf 39' lang='grc' dir='ltr'>’Ἑςζῖῃχ</span> <span class='ocrx_word' id='word_1_3' title='bbox 1397 306 1456 369; x_wconf 87' lang='grc'>101</span> 
     </span>
    </p>
   </div>
   <div class='ocr_carea' id='block_1_2' title="bbox 83 462 1531 4458">
    <p class='ocr_par' dir='ltr' id='par_1_2' title="bbox 83 462 1531 4458">
     <span class='ocr_line' id='line_1_2' title="bbox 94 462 1460 573; baseline -0.004 -27"><span class='ocrx_word' id='word_1_4' title='bbox 94 482 356 568; x_wconf 87' lang='lat' dir='ltr'>imperatoribus,</span> <span class='ocrx_word' id='word_1_5' title='bbox 378 501 441 564; x_wconf 95' lang='lat' dir='ltr'>quo</span> <span class='ocrx_word' id='word_1_6' title='bbox 465 488 610 565; x_wconf 89' lang='lat' dir='ltr'>tempore</span> <span class='ocrx_word' id='word_1_7' title='bbox 632 478 824 563; x_wconf 83' lang='lat' dir='ltr'>Thrasyllus</span> <span class='ocrx_word' id='word_1_8' title='bbox 846 477 987 560; x_wconf 74' lang='lat' dir='ltr'>liberio,</span> <span class='ocrx_word' id='word_1_9' title='bbox 1011 478 1102 544; x_wconf 88' lang='lat' dir='ltr'>Sulla</span> <span class='ocrx_word' id='word_1_10' title='bbox 1124 462 1323 573; x_wconf 71' lang='lat' dir='ltr'>Caligulae,</span> <span class='ocrx_word' id='word_1_11' title='bbox 1334 476 1460 560; x_wconf 87' lang='lat' dir='ltr'>Serapa</span> 
     </span>
     <span class='ocr_line' id='line_1_3' title="bbox 96 572 1461 664; baseline -0.006 -13"><span class='ocrx_word' id='word_1_12' title='bbox 96 584 334 651; x_wconf 71' lang='lat' dir='ltr'>ibimalcbioni</span> <span class='ocrx_word' id='word_1_13' title='bbox 357 584 550 650; x_wconf 84' lang='lat' dir='ltr'>exstiterunt</span> <span class='ocrx_word' id='word_1_14' title='bbox 572 602 722 648; x_wconf 82' lang='lat' dir='ltr'>suasores</span> <span class='ocrx_word' id='word_1_15' title='bbox 736 580 951 664; x_wconf 88' lang='lat' dir='ltr'>Maniliusque</span> <span class='ocrx_word' id='word_1_16' title='bbox 972 580 1025 664; x_wconf 91' lang='lat' dir='ltr'>qui</span> <span class='ocrx_word' id='word_1_17' title='bbox 1046 579 1163 646; x_wconf 90' lang='lat' dir='ltr'>dicitur</span> <span class='ocrx_word' id='word_1_18' title='bbox 1183 572 1461 664; x_wconf 68' lang='lat' dir='ltr'>artem3versibus</span> 
     </span>
     <span class='ocr_line' id='line_1_4' title="bbox 94 684 1458 771; baseline -0.003 -17"><span class='ocrx_word' id='word_1_19' title='bbox 94 688 241 771; x_wconf 77' lang='lat' dir='ltr'>inclusit,</span> <span class='ocrx_word' id='word_1_20' title='bbox 270 686 429 752; x_wconf 84' lang='lat' dir='ltr'>inferum</span> <span class='ocrx_word' id='word_1_21' title='bbox 456 685 559 768; x_wconf 85' lang='lat' dir='ltr'>magis</span> <span class='ocrx_word' id='word_1_22' title='bbox 583 691 615 750; x_wconf 94' lang='lat' dir='ltr'>et</span> <span class='ocrx_word' id='word_1_23' title='bbox 636 684 799 769; x_wconf 80' lang='lat' dir='ltr'>publicam</span> <span class='ocrx_word' id='word_1_24' title='bbox 823 685 928 748; x_wconf 88' lang='lat' dir='ltr'>lucem</span> <span class='ocrx_word' id='word_1_25' title='bbox 951 689 1115 766; x_wconf 90' lang='lat' dir='ltr'>protracta</span> <span class='ocrx_word' id='word_1_26' title='bbox 1137 690 1197 767; x_wconf 92' lang='lat' dir='ltr'>est,</span> <span class='ocrx_word' id='word_1_27' title='bbox 1220 690 1328 750; x_wconf 91' lang='lat' dir='ltr'>tamen</span> <span class='ocrx_word' id='word_1_28' title='bbox 1343 695 1458 766; x_wconf 78' lang='lat' dir='ltr'>neque</span> 
     </span>
     <span class='ocr_line' id='line_1_5' title="bbox 93 784 1511 876; baseline -0.006 -19"><span class='ocrx_word' id='word_1_29' title='bbox 93 791 185 876; x_wconf 90' lang='lat' dir='ltr'>prius</span> <span class='ocrx_word' id='word_1_30' title='bbox 207 790 297 876; x_wconf 89' lang='lat' dir='ltr'>apud</span> <span class='ocrx_word' id='word_1_31' title='bbox 319 789 462 855; x_wconf 84' lang='lat' dir='ltr'>Graecos</span> <span class='ocrx_word' id='word_1_32' title='bbox 485 789 711 870; x_wconf 89' lang='lat' dir='ltr'>Romanosque</span> <span class='ocrx_word' id='word_1_33' title='bbox 735 784 785 873; x_wconf 86' lang='lat' dir='ltr'>[cf.</span> <span class='ocrx_word' id='word_1_34' title='bbox 809 786 924 852; x_wconf 82' lang='lat' dir='ltr'>Caton.</span> <span class='ocrx_word' id='word_1_35' title='bbox 942 785 973 851; x_wconf 95' lang='lat' dir='ltr'>d.</span> <span class='ocrx_word' id='word_1_36' title='bbox 989 807 1014 850; x_wconf 86' lang='lat' dir='ltr'>r.</span> <span class='ocrx_word' id='word_1_37' title='bbox 1037 793 1115 851; x_wconf 87' lang='lat' dir='ltr'>rust.</span> <span class='ocrx_word' id='word_1_38' title='bbox 1132 784 1163 873; x_wconf 83' lang='lat'>5]</span> <span class='ocrx_word' id='word_1_39' title='bbox 1185 806 1291 870; x_wconf 92' lang='lat' dir='ltr'>neque</span> <span class='ocrx_word' id='word_1_40' title='bbox 1312 785 1466 870; x_wconf 41' lang='lat' dir='ltr'>profecto,</span> <span class='ocrx_word' id='word_1_41' title='bbox 1502 840 1511 866; x_wconf 69' lang='lat'>,</span> 
     </span>
     <span class='ocr_line' id='line_1_6' title="bbox 93 883 1531 978; baseline -0.004 -19"><span class='ocrx_word' id='word_1_42' title='bbox 93 901 212 978; x_wconf 87' lang='lat' dir='ltr'>postea</span> <span class='ocrx_word' id='word_1_43' title='bbox 234 891 296 958; x_wconf 90' lang='lat' dir='ltr'>ooli</span> <span class='ocrx_word' id='word_1_44' title='bbox 319 891 425 958; x_wconf 90' lang='lat' dir='ltr'>desita</span> <span class='ocrx_word' id='word_1_45' title='bbox 447 898 506 958; x_wconf 89' lang='lat' dir='ltr'>est.</span> <span class='ocrx_word' id='word_1_46' title='bbox 540 910 617 974; x_wconf 81' lang='lat' dir='ltr'>ergo</span> <span class='ocrx_word' id='word_1_47' title='bbox 640 889 714 955; x_wconf 90' lang='lat' dir='ltr'>binc</span> <span class='ocrx_word' id='word_1_48' title='bbox 736 888 864 971; x_wconf 91' lang='lat' dir='ltr'>quidem</span> <span class='ocrx_word' id='word_1_49' title='bbox 887 887 966 953; x_wconf 87' lang='lat' dir='ltr'>nihil</span> <span class='ocrx_word' id='word_1_50' title='bbox 989 889 1159 954; x_wconf 89' lang='lat' dir='ltr'>lucramur.</span> <span class='ocrx_word' id='word_1_51' title='bbox 1192 888 1296 954; x_wconf 89' lang='lat' dir='ltr'>maius</span> <span class='ocrx_word' id='word_1_52' title='bbox 1318 883 1461 954; x_wconf 70' lang='lat' dir='ltr'>momen-l</span> <span class='ocrx_word' id='word_1_53' title='bbox 1475 916 1481 966; x_wconf 72' lang='grc' dir='ltr'><strong>χ</strong></span> <span class='ocrx_word' id='word_1_54' title='bbox 1526 971 1531 975; x_wconf 72' lang='lat'>.</span> 
     </span>
     <span class='ocr_line' id='line_1_7' title="bbox 91 990 1458 1074; baseline -0.004 -13"><span class='ocrx_word' id='word_1_55' title='bbox 91 1004 162 1061; x_wconf 88' lang='lat' dir='ltr'>tum</span> <span class='ocrx_word' id='word_1_56' title='bbox 192 1014 232 1060; x_wconf 85' lang='lat' dir='ltr'>ex</span> <span class='ocrx_word' id='word_1_57' title='bbox 262 994 417 1060; x_wconf 91' lang='lat' dir='ltr'>orationis</span> <span class='ocrx_word' id='word_1_58' title='bbox 444 993 672 1060; x_wconf 89' lang='lat' dir='ltr'>observatione</span> <span class='ocrx_word' id='word_1_59' title='bbox 699 991 843 1058; x_wconf 84' lang='lat' dir='ltr'>eflicitur.</span> <span class='ocrx_word' id='word_1_60' title='bbox 887 990 968 1056; x_wconf 92' lang='lat' dir='ltr'>nibil</span> <span class='ocrx_word' id='word_1_61' title='bbox 996 990 1068 1056; x_wconf 89' lang='lat' dir='ltr'>dico</span> <span class='ocrx_word' id='word_1_62' title='bbox 1091 991 1133 1057; x_wconf 94' lang='lat' dir='ltr'>de</span> <span class='ocrx_word' id='word_1_63' title='bbox 1155 991 1351 1056; x_wconf 90' lang='lat' dir='ltr'>Placitorum</span> <span class='ocrx_word' id='word_1_64' title='bbox 1374 1010 1458 1074; x_wconf 90' lang='lat' dir='ltr'>quae</span> 
     </span>
     <span class='ocr_line' id='line_1_8' title="bbox 93 1095 1456 1183; baseline -0.004 -19"><span class='ocrx_word' id='word_1_65' title='bbox 93 1098 227 1183; x_wconf 90' lang='lat' dir='ltr'>proprie</span> <span class='ocrx_word' id='word_1_66' title='bbox 248 1098 321 1163; x_wconf 92' lang='lat' dir='ltr'>dico</span> <span class='ocrx_word' id='word_1_67' title='bbox 346 1096 507 1164; x_wconf 87' lang='lat' dir='ltr'>brevitate</span> <span class='ocrx_word' id='word_1_68' title='bbox 529 1104 561 1163; x_wconf 91' lang='lat' dir='ltr'>et</span> <span class='ocrx_word' id='word_1_69' title='bbox 584 1096 742 1161; x_wconf 83' lang='lat' dir='ltr'>siccitate:</span> <span class='ocrx_word' id='word_1_70' title='bbox 776 1096 958 1158; x_wconf 79' lang='grc'><strong>6111611166</strong></span> <span class='ocrx_word' id='word_1_71' title='bbox 980 1097 1052 1175; x_wconf 78' lang='lat' dir='ltr'>ipso</span> <span class='ocrx_word' id='word_1_72' title='bbox 1072 1105 1153 1159; x_wconf 83' lang='lat' dir='ltr'>octat</span> <span class='ocrx_word' id='word_1_73' title='bbox 1176 1104 1320 1158; x_wconf 80' lang='lat' dir='ltr'>contento</span> <span class='ocrx_word' id='word_1_74' title='bbox 1341 1095 1456 1158; x_wconf 80' lang='lat' dir='ltr'>doceri.</span> 
     </span>
     <span class='ocr_line' id='line_1_9' title="bbox 93 1196 1456 1285; baseline -0.004 -20"><span class='ocrx_word' id='word_1_75' title='bbox 93 1207 240 1266; x_wconf 90' lang='lat' dir='ltr'>ceterum</span> <span class='ocrx_word' id='word_1_76' title='bbox 262 1201 418 1285; x_wconf 90' lang='lat' dir='ltr'>pleraque</span> <span class='ocrx_word' id='word_1_77' title='bbox 439 1206 514 1266; x_wconf 89' lang='lat' dir='ltr'>sunt</span> <span class='ocrx_word' id='word_1_78' title='bbox 534 1197 642 1265; x_wconf 88' lang='lat' dir='ltr'>verbis</span> <span class='ocrx_word' id='word_1_79' title='bbox 664 1199 796 1282; x_wconf 90' lang='lat' dir='ltr'>paulum</span> <span class='ocrx_word' id='word_1_80' title='bbox 825 1196 956 1261; x_wconf 91' lang='lat' dir='ltr'>mutatis</span> <span class='ocrx_word' id='word_1_81' title='bbox 984 1216 1024 1262; x_wconf 85' lang='lat' dir='ltr'>ex</span> <span class='ocrx_word' id='word_1_82' title='bbox 1056 1196 1289 1280; x_wconf 89' lang='lat' dir='ltr'>antiquioribus</span> <span class='ocrx_word' id='word_1_83' title='bbox 1314 1196 1456 1262; x_wconf 84' lang='lat' dir='ltr'>lontibus</span> 
     </span>
     <span class='ocr_line' id='line_1_10' title="bbox 95 1299 1456 1386; baseline -0.003 -18"><span class='ocrx_word' id='word_1_84' title='bbox 95 1303 268 1386; x_wconf 84' lang='lat' dir='ltr'>translata,</span> <span class='ocrx_word' id='word_1_85' title='bbox 291 1321 375 1386; x_wconf 92' lang='lat' dir='ltr'>quae</span> <span class='ocrx_word' id='word_1_86' title='bbox 397 1301 557 1368; x_wconf 82' lang='lat' dir='ltr'>breviavit</span> <span class='ocrx_word' id='word_1_87' title='bbox 577 1301 707 1383; x_wconf 92' lang='lat' dir='ltr'>quidem</span> <span class='ocrx_word' id='word_1_88' title='bbox 730 1300 788 1367; x_wconf 93' lang='lat' dir='ltr'>sed</span> <span class='ocrx_word' id='word_1_89' title='bbox 808 1319 880 1365; x_wconf 90' lang='lat' dir='ltr'>raro</span> <span class='ocrx_word' id='word_1_90' title='bbox 896 1299 1042 1365; x_wconf 91' lang='lat' dir='ltr'>mutavit.</span> <span class='ocrx_word' id='word_1_91' title='bbox 1076 1307 1200 1366; x_wconf 81' lang='lat' dir='ltr'>restant</span> <span class='ocrx_word' id='word_1_92' title='bbox 1213 1300 1312 1382; x_wconf 82' lang='lat' dir='ltr'>igitur</span> <span class='ocrx_word' id='word_1_93' title='bbox 1326 1307 1456 1384; x_wconf 89' lang='lat' dir='ltr'>praeter</span> 
     </span>
     <span class='ocr_line' id='line_1_11' title="bbox 90 1402 1456 1490; baseline -0.002 -19"><span class='ocrx_word' id='word_1_94' title='bbox 90 1404 222 1471; x_wconf 85' lang='lat' dir='ltr'>Placita</span> <span class='ocrx_word' id='word_1_95' title='bbox 231 1405 406 1490; x_wconf 91' lang='lat' dir='ltr'>ampliores</span> <span class='ocrx_word' id='word_1_96' title='bbox 421 1404 555 1487; x_wconf 83' lang='lat' dir='ltr'>eclogae</span> <span class='ocrx_word' id='word_1_97' title='bbox 571 1403 750 1469; x_wconf 89' lang='lat' dir='ltr'>Stoicorum</span> <span class='ocrx_word' id='word_1_98' title='bbox 769 1409 802 1468; x_wconf 93' lang='lat' dir='ltr'>et</span> <span class='ocrx_word' id='word_1_99' title='bbox 814 1402 1045 1487; x_wconf 74' lang='lat' dir='ltr'>Epicureorum</span> <span class='ocrx_word' id='word_1_100' title='bbox 1061 1409 1159 1486; x_wconf 90' lang='lat' dir='ltr'>atque</span> <span class='ocrx_word' id='word_1_101' title='bbox 1174 1403 1276 1487; x_wconf 90' lang='lat' dir='ltr'>ipsius</span> <span class='ocrx_word' id='word_1_102' title='bbox 1291 1403 1456 1486; x_wconf 89' lang='lat' dir='ltr'>scriptoris</span> 
     </span>
     <span class='ocr_line' id='line_1_12' title="bbox 90 1505 1455 1593; baseline -0.003 -18"><span class='ocrx_word' id='word_1_103' title='bbox 90 1509 271 1593; x_wconf 90' lang='lat' dir='ltr'>prooemia.</span> <span class='ocrx_word' id='word_1_104' title='bbox 304 1513 403 1591; x_wconf 89' lang='lat' dir='ltr'>atque</span> <span class='ocrx_word' id='word_1_105' title='bbox 424 1505 459 1570; x_wconf 96' lang='lat' dir='ltr'>in</span> <span class='ocrx_word' id='word_1_106' title='bbox 480 1506 538 1571; x_wconf 94' lang='lat' dir='ltr'>illo</span> <span class='ocrx_word' id='word_1_107' title='bbox 561 1525 694 1571; x_wconf 91' lang='lat' dir='ltr'>numero</span> <span class='ocrx_word' id='word_1_108' title='bbox 718 1505 935 1572; x_wconf 89' lang='lat' dir='ltr'>memorabilis</span> <span class='ocrx_word' id='word_1_109' title='bbox 958 1513 1008 1572; x_wconf 89' lang='lat' dir='ltr'>est</span> <span class='ocrx_word' id='word_1_110' title='bbox 1022 1505 1211 1591; x_wconf 83' lang='lat' dir='ltr'>Epicureus,</span> <span class='ocrx_word' id='word_1_111' title='bbox 1234 1505 1275 1571; x_wconf 88' lang='lat' dir='ltr'>de</span> <span class='ocrx_word' id='word_1_112' title='bbox 1296 1527 1359 1588; x_wconf 91' lang='lat' dir='ltr'>quo</span> <span class='ocrx_word' id='word_1_113' title='bbox 1375 1506 1455 1571; x_wconf 89' lang='lat' dir='ltr'>satis</span> 
     </span>
     <span class='ocr_line' id='line_1_13' title="bbox 89 1608 1455 1696; baseline -0.001 -20"><span class='ocrx_word' id='word_1_114' title='bbox 89 1631 193 1696; x_wconf 85' lang='lat' dir='ltr'>supra</span> <span class='ocrx_word' id='word_1_115' title='bbox 215 1632 247 1696; x_wconf 90' lang='lat' dir='ltr'>p.</span> <span class='ocrx_word' id='word_1_116' title='bbox 264 1611 305 1676; x_wconf 76' lang='grc'>18</span> <span class='ocrx_word' id='word_1_117' title='bbox 327 1609 447 1675; x_wconf 92' lang='lat' dir='ltr'>dictum</span> <span class='ocrx_word' id='word_1_118' title='bbox 471 1614 530 1674; x_wconf 89' lang='lat' dir='ltr'>est.</span> <span class='ocrx_word' id='word_1_119' title='bbox 563 1608 617 1674; x_wconf 94' lang='lat' dir='ltr'>ubi</span> <span class='ocrx_word' id='word_1_120' title='bbox 640 1609 772 1675; x_wconf 89' lang='lat' dir='ltr'>insolita</span> <span class='ocrx_word' id='word_1_121' title='bbox 793 1608 852 1674; x_wconf 88' lang='lat' dir='ltr'>illa</span> <span class='ocrx_word' id='word_1_122' title='bbox 874 1609 1011 1681; x_wconf 73' lang='grc' dir='ltr'>ἀτενίζων</span> <span class='ocrx_word' id='word_1_123' title='bbox 1033 1611 1129 1695; x_wconf 81' lang='grc' dir='ltr'>ἑαυτῷ</span> <span class='ocrx_word' id='word_1_124' title='bbox 1154 1615 1186 1674; x_wconf 92' lang='lat' dir='ltr'>et</span> <span class='ocrx_word' id='word_1_125' title='bbox 1209 1609 1377 1695; x_wconf 75' lang='grc' dir='ltr'>μοιχαλίδος</span> <span class='ocrx_word' id='word_1_126' title='bbox 1402 1608 1455 1674; x_wconf 87' lang='lat' dir='ltr'>ob</span> 
     </span>
     <span class='ocr_line' id='line_1_14' title="bbox 89 1710 1454 1797; baseline -0.002 -18"><span class='ocrx_word' id='word_1_127' title='bbox 89 1712 240 1797; x_wconf 87' lang='lat' dir='ltr'>servavi,</span> <span class='ocrx_word' id='word_1_128' title='bbox 275 1731 359 1797; x_wconf 91' lang='lat' dir='ltr'>quae</span> <span class='ocrx_word' id='word_1_129' title='bbox 387 1710 507 1776; x_wconf 92' lang='lat' dir='ltr'>homini</span> <span class='ocrx_word' id='word_1_130' title='bbox 539 1712 700 1795; x_wconf 79' lang='lat' dir='ltr'>ceteroqui</span> <span class='ocrx_word' id='word_1_131' title='bbox 730 1711 855 1777; x_wconf 87' lang='lat' dir='ltr'>erudite</span> <span class='ocrx_word' id='word_1_132' title='bbox 884 1717 917 1778; x_wconf 93' lang='lat' dir='ltr'>et</span> <span class='ocrx_word' id='word_1_133' title='bbox 944 1732 1083 1780; x_wconf 84' lang='lat' dir='ltr'>nervose</span> <span class='ocrx_word' id='word_1_134' title='bbox 1112 1711 1264 1778; x_wconf 85' lang='lat' dir='ltr'>scribenti</span> <span class='ocrx_word' id='word_1_135' title='bbox 1292 1711 1346 1777; x_wconf 88' lang='lat' dir='ltr'>vix</span> <span class='ocrx_word' id='word_1_136' title='bbox 1377 1718 1454 1777; x_wconf 90' lang='lat' dir='ltr'>ante</span> 
     </span>
     <span class='ocr_line' id='line_1_15' title="bbox 88 1813 1454 1900; baseline -0.001 -20"><span class='ocrx_word' id='word_1_137' title='bbox 88 1815 231 1900; x_wconf 88' lang='lat' dir='ltr'>primum</span> <span class='ocrx_word' id='word_1_138' title='bbox 247 1837 279 1900; x_wconf 90' lang='lat' dir='ltr'>p.</span> <span class='ocrx_word' id='word_1_139' title='bbox 295 1813 370 1880; x_wconf 73' lang='lat' dir='ltr'>(ihr.</span> <span class='ocrx_word' id='word_1_140' title='bbox 387 1813 552 1879; x_wconf 86' lang='lat' dir='ltr'>saeculum</span> <span class='ocrx_word' id='word_1_141' title='bbox 568 1813 712 1897; x_wconf 85' lang='lat' dir='ltr'>prolerre</span> <span class='ocrx_word' id='word_1_142' title='bbox 727 1813 856 1880; x_wconf 91' lang='lat' dir='ltr'>licebat.</span> <span class='ocrx_word' id='word_1_143' title='bbox 883 1813 1092 1881; x_wconf 86' lang='lat' dir='ltr'>Philodemus</span> <span class='ocrx_word' id='word_1_144' title='bbox 1107 1814 1236 1899; x_wconf 91' lang='lat' dir='ltr'>quidem</span> <span class='ocrx_word' id='word_1_145' title='bbox 1252 1814 1305 1897; x_wconf 92' lang='lat' dir='ltr'>qui</span> <span class='ocrx_word' id='word_1_146' title='bbox 1322 1821 1454 1898; x_wconf 92' lang='lat' dir='ltr'>propter</span> 
     </span>
     <span class='ocr_line' id='line_1_16' title="bbox 88 1914 1453 2002; baseline -0.002 -17"><span class='ocrx_word' id='word_1_147' title='bbox 88 1916 222 1985; x_wconf 86' lang='lat' dir='ltr'>dicendi</span> <span class='ocrx_word' id='word_1_148' title='bbox 243 1914 482 2000; x_wconf 82' lang='lat' dir='ltr'>neglegentiam</span> <span class='ocrx_word' id='word_1_149' title='bbox 498 1917 655 2000; x_wconf 79' lang='lat' dir='ltr'>vapulare</span> <span class='ocrx_word' id='word_1_150' title='bbox 678 1917 771 2002; x_wconf 90' lang='lat' dir='ltr'>solet,</span> <span class='ocrx_word' id='word_1_151' title='bbox 793 1918 873 1983; x_wconf 87' lang='lat' dir='ltr'>talia</span> <span class='ocrx_word' id='word_1_152' title='bbox 894 1917 984 1983; x_wconf 91' lang='lat' dir='ltr'>baud</span> <span class='ocrx_word' id='word_1_153' title='bbox 1005 1937 1105 1983; x_wconf 88' lang='lat' dir='ltr'>ausus</span> <span class='ocrx_word' id='word_1_154' title='bbox 1127 1923 1186 1984; x_wconf 93' lang='lat' dir='ltr'>est.</span> <span class='ocrx_word' id='word_1_155' title='bbox 1221 1936 1328 2000; x_wconf 90' lang='lat' dir='ltr'>neque</span> <span class='ocrx_word' id='word_1_156' title='bbox 1350 1916 1453 1999; x_wconf 83' lang='lat' dir='ltr'>magis</span> 
     </span>
     <span class='ocr_line' id='line_1_17' title="bbox 89 2017 1451 2105; baseline -0.001 -18"><span class='ocrx_word' id='word_1_157' title='bbox 89 2040 132 2087; x_wconf 89' lang='lat' dir='ltr'>ea</span> <span class='ocrx_word' id='word_1_158' title='bbox 152 2021 292 2086; x_wconf 87' lang='lat' dir='ltr'>alterum</span> <span class='ocrx_word' id='word_1_159' title='bbox 314 2039 345 2103; x_wconf 91' lang='lat' dir='ltr'>p.</span> <span class='ocrx_word' id='word_1_160' title='bbox 370 2017 446 2084; x_wconf 80' lang='lat' dir='ltr'>(ihr.</span> <span class='ocrx_word' id='word_1_161' title='bbox 468 2018 633 2083; x_wconf 90' lang='lat' dir='ltr'>saeculum</span> <span class='ocrx_word' id='word_1_162' title='bbox 659 2019 789 2104; x_wconf 88' lang='lat' dir='ltr'>decent,</span> <span class='ocrx_word' id='word_1_163' title='bbox 819 2041 881 2104; x_wconf 93' lang='lat' dir='ltr'>quo</span> <span class='ocrx_word' id='word_1_164' title='bbox 908 2020 1072 2086; x_wconf 84' lang='lat' dir='ltr'>indefesso</span> <span class='ocrx_word' id='word_1_165' title='bbox 1100 2020 1316 2105; x_wconf 86' lang='lat' dir='ltr'>sophistarum</span> <span class='ocrx_word' id='word_1_166' title='bbox 1344 2019 1451 2086; x_wconf 91' lang='lat' dir='ltr'>studio</span> 
     </span>
     <span class='ocr_line' id='line_1_18' title="bbox 88 2119 1451 2206; baseline 0 -18"><span class='ocrx_word' id='word_1_167' title='bbox 88 2129 180 2190; x_wconf 86' lang='lat' dir='ltr'>recte</span> <span class='ocrx_word' id='word_1_168' title='bbox 201 2120 363 2188; x_wconf 90' lang='lat' dir='ltr'>scribendi</span> <span class='ocrx_word' id='word_1_169' title='bbox 386 2120 458 2185; x_wconf 87' lang='lat' dir='ltr'>laus</span> <span class='ocrx_word' id='word_1_170' title='bbox 480 2119 548 2186; x_wconf 87' lang='grc'><strong>1616</strong></span> <span class='ocrx_word' id='word_1_171' title='bbox 570 2121 714 2204; x_wconf 84' lang='lat' dir='ltr'>vulgaris</span> <span class='ocrx_word' id='word_1_172' title='bbox 736 2128 815 2188; x_wconf 89' lang='lat' dir='ltr'>erat.</span> <span class='ocrx_word' id='word_1_173' title='bbox 859 2143 936 2206; x_wconf 81' lang='lat' dir='ltr'>ergo</span> <span class='ocrx_word' id='word_1_174' title='bbox 958 2123 1196 2206; x_wconf 89' lang='lat' dir='ltr'>comparandus</span> <span class='ocrx_word' id='word_1_175' title='bbox 1215 2122 1451 2206; x_wconf 90' lang='lat' dir='ltr'>quodammodo</span> 
     </span>
     <span class='ocr_line' id='line_1_19' title="bbox 87 2222 1452 2308; baseline -0.001 -18"><span class='ocrx_word' id='word_1_176' title='bbox 87 2244 162 2290; x_wconf 90' lang='lat' dir='ltr'>cum</span> <span class='ocrx_word' id='word_1_177' title='bbox 184 2224 333 2308; x_wconf 80' lang='lat' dir='ltr'>Longino</span> <span class='ocrx_word' id='word_1_178' title='bbox 356 2222 447 2289; x_wconf 87' lang='lat' dir='ltr'>ouius</span> <span class='ocrx_word' id='word_1_179' title='bbox 468 2223 569 2289; x_wconf 83' lang='lat' dir='ltr'>fertur</span> <span class='ocrx_word' id='word_1_180' title='bbox 596 2224 638 2291; x_wconf 91' lang='lat' dir='ltr'>de</span> <span class='ocrx_word' id='word_1_181' title='bbox 660 2223 855 2291; x_wconf 86' lang='lat' dir='ltr'>sublimitate</span> <span class='ocrx_word' id='word_1_182' title='bbox 882 2225 1012 2291; x_wconf 90' lang='lat' dir='ltr'>libellus</span> <span class='ocrx_word' id='word_1_183' title='bbox 1040 2223 1216 2290; x_wconf 90' lang='lat' dir='ltr'>cultissimo</span> <span class='ocrx_word' id='word_1_184' title='bbox 1242 2224 1391 2307; x_wconf 90' lang='lat' dir='ltr'>scriptori</span> <span class='ocrx_word' id='word_1_185' title='bbox 1419 2232 1452 2290; x_wconf 90' lang='lat' dir='ltr'>et</span> 
     </span>
     <span class='ocr_line' id='line_1_20' title="bbox 87 2325 1450 2412; baseline 0 -20"><span class='ocrx_word' id='word_1_186' title='bbox 87 2326 227 2412; x_wconf 87' lang='lat' dir='ltr'>perinde</span> <span class='ocrx_word' id='word_1_187' title='bbox 248 2326 385 2410; x_wconf 85' lang='lat' dir='ltr'>fervido,</span> <span class='ocrx_word' id='word_1_188' title='bbox 408 2325 523 2392; x_wconf 88' lang='lat' dir='ltr'>sedin</span> <span class='ocrx_word' id='word_1_189' title='bbox 546 2326 736 2409; x_wconf 89' lang='lat' dir='ltr'>quibusdam</span> <span class='ocrx_word' id='word_1_190' title='bbox 759 2328 924 2393; x_wconf 90' lang='lat' dir='ltr'>mendoso.</span> <span class='ocrx_word' id='word_1_191' title='bbox 959 2327 992 2392; x_wconf 92' lang='lat' dir='ltr'>in</span> <span class='ocrx_word' id='word_1_192' title='bbox 1015 2327 1194 2393; x_wconf 88' lang='lat' dir='ltr'>Stoicorum</span> <span class='ocrx_word' id='word_1_193' title='bbox 1212 2325 1371 2409; x_wconf 87' lang='lat' dir='ltr'>capitibus</span> <span class='ocrx_word' id='word_1_194' title='bbox 1385 2346 1450 2392; x_wconf 88' lang='lat' dir='ltr'>non</span> 
     </span>
     <span class='ocr_line' id='line_1_21' title="bbox 86 2428 1451 2514; baseline -0.001 -20"><span class='ocrx_word' id='word_1_195' title='bbox 86 2436 154 2494; x_wconf 90' lang='lat' dir='ltr'>tam</span> <span class='ocrx_word' id='word_1_196' title='bbox 186 2428 322 2513; x_wconf 84' lang='lat' dir='ltr'>aetatis,</span> <span class='ocrx_word' id='word_1_197' title='bbox 352 2447 448 2511; x_wconf 89' lang='lat' dir='ltr'>quam</span> <span class='ocrx_word' id='word_1_198' title='bbox 478 2429 541 2494; x_wconf 90' lang='lat' dir='ltr'>loci</span> <span class='ocrx_word' id='word_1_199' title='bbox 563 2437 642 2494; x_wconf 91' lang='lat' dir='ltr'>nota</span> <span class='ocrx_word' id='word_1_200' title='bbox 666 2431 825 2514; x_wconf 90' lang='lat' dir='ltr'>impressa</span> <span class='ocrx_word' id='word_1_201' title='bbox 850 2437 900 2495; x_wconf 94' lang='lat' dir='ltr'>est</span> <span class='ocrx_word' id='word_1_202' title='bbox 928 2429 1073 2512; x_wconf 81' lang='lat' dir='ltr'>insignis.</span> <span class='ocrx_word' id='word_1_203' title='bbox 1117 2430 1161 2495; x_wconf 91' lang='lat' dir='ltr'>IV</span> <span class='ocrx_word' id='word_1_204' title='bbox 1185 2430 1261 2492; x_wconf 75' lang='lat'>115</span> <span class='ocrx_word' id='word_1_205' title='bbox 1287 2430 1386 2513; x_wconf 78' lang='grc' dir='ltr'>ὥσπερ</span> <span class='ocrx_word' id='word_1_206' title='bbox 1414 2430 1451 2493; x_wconf 85' lang='grc' dir='ltr'>τὰ</span> 
     </span>
     <span class='ocr_line' id='line_1_22' title="bbox 86 2530 1450 2618; baseline 0.001 -24"><span class='ocrx_word' id='word_1_207' title='bbox 86 2532 237 2616; x_wconf 76' lang='grc' dir='ltr'>δηνάρια</span> <span class='ocrx_word' id='word_1_208' title='bbox 259 2532 308 2594; x_wconf 82' lang='grc' dir='ltr'>καὶ</span> <span class='ocrx_word' id='word_1_209' title='bbox 330 2533 359 2594; x_wconf 83' lang='grc' dir='ltr'>οἱ</span> <span class='ocrx_word' id='word_1_210' title='bbox 381 2536 521 2616; x_wconf 78' lang='grc' dir='ltr'>στατῆρες</span> <span class='ocrx_word' id='word_1_211' title='bbox 545 2533 620 2597; x_wconf 78' lang='grc' dir='ltr'>αὐτὰ</span> <span class='ocrx_word' id='word_1_212' title='bbox 643 2534 695 2615; x_wconf 77' lang='grc' dir='ltr'>μὲν</span> <span class='ocrx_word' id='word_1_213' title='bbox 717 2532 785 2596; x_wconf 74' lang='grc' dir='ltr'>καθ’</span> <span class='ocrx_word' id='word_1_214' title='bbox 808 2532 883 2596; x_wconf 82' lang='grc' dir='ltr'>αὐτὰ</span> <span class='ocrx_word' id='word_1_215' title='bbox 909 2535 1034 2618; x_wconf 80' lang='grc' dir='ltr'>ὑπάρχει</span> <span class='ocrx_word' id='word_1_216' title='bbox 1062 2534 1184 2615; x_wconf 80' lang='grc' dir='ltr'>δηνάρια</span> <span class='ocrx_word' id='word_1_217' title='bbox 1205 2530 1279 2615; x_wconf 80' lang='grc' dir='ltr'>(καὶ)</span> <span class='ocrx_word' id='word_1_218' title='bbox 1300 2536 1450 2616; x_wconf 76' lang='grc' dir='ltr'>στατῆρες,</span> 
     </span>
     <span class='ocr_line' id='line_1_23' title="bbox 86 2632 1450 2737; baseline 0.001 -40"><span class='ocrx_word' id='word_1_219' title='bbox 86 2634 138 2697; x_wconf 81' lang='grc' dir='ltr'>ἐὰν</span> <span class='ocrx_word' id='word_1_220' title='bbox 163 2635 198 2697; x_wconf 78' lang='grc' dir='ltr'>δὲ</span> <span class='ocrx_word' id='word_1_221' title='bbox 223 2633 265 2703; x_wconf 78' lang='grc' dir='ltr'>εἰς</span> <span class='ocrx_word' id='word_1_222' title='bbox 288 2632 397 2696; x_wconf 77' lang='grc' dir='ltr'>πλοίων</span> <span class='ocrx_word' id='word_1_223' title='bbox 424 2635 501 2717; x_wconf 67' lang='grc' dir='ltr'>δοθῇ</span> <span class='ocrx_word' id='word_1_224' title='bbox 525 2635 684 2717; x_wconf 78' lang='grc' dir='ltr'>μίσθωσιν,</span> <span class='ocrx_word' id='word_1_225' title='bbox 710 2639 866 2718; x_wconf 81' lang='grc' dir='ltr'>τηνικαῦτα</span> <span class='ocrx_word' id='word_1_226' title='bbox 892 2635 963 2737; x_wconf 81' lang='grc' dir='ltr'>πρὸς</span> <span class='ocrx_word' id='word_1_227' title='bbox 984 2639 1027 2719; x_wconf 84' lang='grc' dir='ltr'>τῷ</span> <span class='ocrx_word' id='word_1_228' title='bbox 1051 2636 1173 2718; x_wconf 79' lang='grc' dir='ltr'>δηνάρια</span> <span class='ocrx_word' id='word_1_229' title='bbox 1194 2632 1266 2697; x_wconf 78' lang='grc' dir='ltr'>εἶναι</span> <span class='ocrx_word' id='word_1_230' title='bbox 1289 2635 1336 2698; x_wconf 83' lang='grc' dir='ltr'>καὶ</span> <span class='ocrx_word' id='word_1_231' title='bbox 1359 2636 1450 2698; x_wconf 82' lang='grc' dir='ltr'>ναῦλα</span> 
     </span>
     <span class='ocr_line' id='line_1_24' title="bbox 87 2735 1450 2820; baseline 0.001 -22"><span class='ocrx_word' id='word_1_232' title='bbox 87 2736 209 2818; x_wconf 74' lang='grc' dir='ltr'>λέγεται.</span> <span class='ocrx_word' id='word_1_233' title='bbox 255 2735 333 2818; x_wconf 92' lang='lat' dir='ltr'>quid</span> <span class='ocrx_word' id='word_1_234' title='bbox 365 2735 547 2803; x_wconf 83' lang='lat' dir='ltr'>interfuerit</span> <span class='ocrx_word' id='word_1_235' title='bbox 579 2745 615 2802; x_wconf 94' lang='lat' dir='ltr'>ut</span> <span class='ocrx_word' id='word_1_236' title='bbox 647 2737 768 2820; x_wconf 84' lang='lat' dir='ltr'>duplex</span> <span class='ocrx_word' id='word_1_237' title='bbox 801 2757 970 2803; x_wconf 87' lang='lat' dir='ltr'>numerum</span> <span class='ocrx_word' id='word_1_238' title='bbox 1007 2756 1109 2820; x_wconf 83' lang='lat' dir='ltr'>genus</span> <span class='ocrx_word' id='word_1_239' title='bbox 1140 2736 1324 2819; x_wconf 86' lang='lat' dir='ltr'>afferretur,</span> <span class='ocrx_word' id='word_1_240' title='bbox 1361 2735 1450 2801; x_wconf 91' lang='lat' dir='ltr'>baud</span> 
     </span>
     <span class='ocr_line' id='line_1_25' title="bbox 88 2836 1449 2922; baseline 0.001 -21"><span class='ocrx_word' id='word_1_241' title='bbox 88 2836 235 2921; x_wconf 83' lang='lat' dir='ltr'>dispicio.</span> <span class='ocrx_word' id='word_1_242' title='bbox 274 2839 464 2905; x_wconf 82' lang='lat' dir='ltr'>alterutrum</span> <span class='ocrx_word' id='word_1_243' title='bbox 492 2840 588 2905; x_wconf 91' lang='lat' dir='ltr'>credo</span> <span class='ocrx_word' id='word_1_244' title='bbox 616 2840 696 2904; x_wconf 89' lang='lat' dir='ltr'>satis</span> <span class='ocrx_word' id='word_1_245' title='bbox 723 2846 802 2905; x_wconf 89' lang='lat' dir='ltr'>erat.</span> <span class='ocrx_word' id='word_1_246' title='bbox 850 2860 912 2905; x_wconf 91' lang='lat' dir='ltr'>nec</span> <span class='ocrx_word' id='word_1_247' title='bbox 938 2839 1070 2904; x_wconf 93' lang='lat' dir='ltr'>dubium</span> <span class='ocrx_word' id='word_1_248' title='bbox 1097 2839 1174 2922; x_wconf 93' lang='lat' dir='ltr'>quin</span> <span class='ocrx_word' id='word_1_249' title='bbox 1199 2859 1263 2906; x_wconf 89' lang='lat' dir='ltr'>uno</span> <span class='ocrx_word' id='word_1_250' title='bbox 1293 2846 1449 2905; x_wconf 89' lang='lat' dir='ltr'>staterum</span> 
     </span>
     <span class='ocr_line' id='line_1_26' title="bbox 88 2940 1448 3027; baseline 0.001 -23"><span class='ocrx_word' id='word_1_251' title='bbox 88 2940 240 3024; x_wconf 83' lang='lat' dir='ltr'>exemplo</span> <span class='ocrx_word' id='word_1_252' title='bbox 263 2948 436 3007; x_wconf 88' lang='lat' dir='ltr'>contentus</span> <span class='ocrx_word' id='word_1_253' title='bbox 457 2941 554 3008; x_wconf 85' lang='lat' dir='ltr'>fuerit</span> <span class='ocrx_word' id='word_1_254' title='bbox 569 2942 749 3025; x_wconf 89' lang='lat' dir='ltr'>quicunque</span> <span class='ocrx_word' id='word_1_255' title='bbox 765 2942 945 3009; x_wconf 88' lang='lat' dir='ltr'>Stoicorum</span> <span class='ocrx_word' id='word_1_256' title='bbox 967 2942 1025 3009; x_wconf 92' lang='grc'><strong>1116</strong></span> <span class='ocrx_word' id='word_1_257' title='bbox 1047 2943 1235 3027; x_wconf 87' lang='lat' dir='ltr'>composuit.</span> <span class='ocrx_word' id='word_1_258' title='bbox 1268 2943 1448 3008; x_wconf 90' lang='lat' dir='ltr'>Romanum</span> 
     </span>
     <span class='ocr_line' id='line_1_27' title="bbox 86 3042 1449 3130; baseline 0.003 -24"><span class='ocrx_word' id='word_1_259' title='bbox 86 3042 181 3126; x_wconf 79' lang='lat' dir='ltr'>igitur</span> <span class='ocrx_word' id='word_1_260' title='bbox 204 3063 298 3107; x_wconf 91' lang='lat' dir='ltr'>usum</span> <span class='ocrx_word' id='word_1_261' title='bbox 321 3044 491 3127; x_wconf 87' lang='lat' dir='ltr'>spectabat</span> <span class='ocrx_word' id='word_1_262' title='bbox 505 3044 617 3110; x_wconf 76' lang='lat' dir='ltr'>A&#39;etius</span> <span class='ocrx_word' id='word_1_263' title='bbox 638 3044 701 3108; x_wconf 92' lang='lat' dir='ltr'>nisi</span> <span class='ocrx_word' id='word_1_264' title='bbox 717 3046 926 3111; x_wconf 82' lang='lat' dir='ltr'>Plutarchum</span> <span class='ocrx_word' id='word_1_265' title='bbox 947 3046 1162 3130; x_wconf 89' lang='lat' dir='ltr'>interpolasse</span> <span class='ocrx_word' id='word_1_266' title='bbox 1178 3045 1316 3111; x_wconf 90' lang='lat' dir='ltr'>credis.¹</span> <span class='ocrx_word' id='word_1_267' title='bbox 1348 3051 1449 3112; x_wconf 89' lang='lat' dir='ltr'>restat</span> 
     </span>
     <span class='ocr_line' id='line_1_28' title="bbox 87 3145 1449 3233; baseline 0.003 -25"><span class='ocrx_word' id='word_1_268' title='bbox 87 3145 156 3229; x_wconf 86' lang='lat' dir='ltr'>ipsa</span> <span class='ocrx_word' id='word_1_269' title='bbox 178 3145 267 3211; x_wconf 74' lang='lat' dir='ltr'>Accii</span> <span class='ocrx_word' id='word_1_270' title='bbox 292 3146 405 3212; x_wconf 89' lang='lat' dir='ltr'>oratio.</span> <span class='ocrx_word' id='word_1_271' title='bbox 450 3147 492 3212; x_wconf 93' lang='lat' dir='ltr'>de</span> <span class='ocrx_word' id='word_1_272' title='bbox 514 3166 579 3230; x_wconf 88' lang='lat' dir='ltr'>qua</span> <span class='ocrx_word' id='word_1_273' title='bbox 601 3149 779 3214; x_wconf 91' lang='lat' dir='ltr'>nonnulla</span> <span class='ocrx_word' id='word_1_274' title='bbox 804 3168 902 3233; x_wconf 89' lang='lat' dir='ltr'>supra</span> <span class='ocrx_word' id='word_1_275' title='bbox 925 3148 1156 3232; x_wconf 74' lang='lat' dir='ltr'>pihnotavi.</span> <span class='ocrx_word' id='word_1_276' title='bbox 1193 3154 1280 3214; x_wconf 89' lang='lat' dir='ltr'>certe</span> <span class='ocrx_word' id='word_1_277' title='bbox 1301 3147 1449 3230; x_wconf 89' lang='lat' dir='ltr'>quamvis</span> 
     </span>
     <span class='ocr_line' id='line_1_29' title="bbox 88 3246 1447 3335; baseline 0.004 -24"><span class='ocrx_word' id='word_1_278' title='bbox 88 3246 225 3330; x_wconf 82' lang='lat' dir='ltr'>exiguus</span> <span class='ocrx_word' id='word_1_279' title='bbox 247 3248 291 3312; x_wconf 91' lang='lat' dir='ltr'>sit</span> <span class='ocrx_word' id='word_1_280' title='bbox 310 3248 439 3314; x_wconf 90' lang='lat' dir='ltr'>illorum</span> <span class='ocrx_word' id='word_1_281' title='bbox 461 3248 618 3333; x_wconf 87' lang='lat' dir='ltr'>ambitus,</span> <span class='ocrx_word' id='word_1_282' title='bbox 641 3258 751 3317; x_wconf 89' lang='lat' dir='ltr'>tamen</span> <span class='ocrx_word' id='word_1_283' title='bbox 773 3271 815 3317; x_wconf 92' lang='lat' dir='ltr'>ne</span> <span class='ocrx_word' id='word_1_284' title='bbox 837 3251 883 3317; x_wconf 90' lang='lat' dir='ltr'>sic</span> <span class='ocrx_word' id='word_1_285' title='bbox 905 3251 1035 3335; x_wconf 91' lang='lat' dir='ltr'>quidem</span> <span class='ocrx_word' id='word_1_286' title='bbox 1058 3249 1195 3315; x_wconf 92' lang='lat' dir='ltr'>eundem</span> <span class='ocrx_word' id='word_1_287' title='bbox 1217 3249 1447 3316; x_wconf 91' lang='lat' dir='ltr'>vocabulorum</span> 
     </span>
     <span class='ocr_line' id='line_1_30' title="bbox 87 3350 1446 3439; baseline 0.004 -25"><span class='ocrx_word' id='word_1_288' title='bbox 87 3369 201 3433; x_wconf 74' lang='lat' dir='ltr'>gyrum</span> <span class='ocrx_word' id='word_1_289' title='bbox 225 3350 352 3416; x_wconf 88' lang='lat' dir='ltr'>vitavit.</span> <span class='ocrx_word' id='word_1_290' title='bbox 386 3353 517 3417; x_wconf 91' lang='lat' dir='ltr'>omnino</span> <span class='ocrx_word' id='word_1_291' title='bbox 540 3372 624 3435; x_wconf 91' lang='lat' dir='ltr'>quae</span> <span class='ocrx_word' id='word_1_292' title='bbox 646 3353 774 3436; x_wconf 88' lang='lat' dir='ltr'>placitis</span> <span class='ocrx_word' id='word_1_293' title='bbox 797 3354 981 3439; x_wconf 84' lang='lat' dir='ltr'>explicandi</span> <span class='ocrx_word' id='word_1_294' title='bbox 1003 3352 1108 3436; x_wconf 79' lang='lat' dir='ltr'>gratia</span> <span class='ocrx_word' id='word_1_295' title='bbox 1130 3352 1292 3417; x_wconf 89' lang='lat' dir='ltr'>adduntur</span> <span class='ocrx_word' id='word_1_296' title='bbox 1310 3354 1446 3419; x_wconf 91' lang='lat' dir='ltr'>velutin</span> 
     </span>
     <span class='ocr_line' id='line_1_31' title="bbox 86 3452 1446 3540; baseline 0.004 -24"><span class='ocrx_word' id='word_1_297' title='bbox 86 3452 252 3534; x_wconf 89' lang='lat' dir='ltr'>prooemio</span> <span class='ocrx_word' id='word_1_298' title='bbox 275 3455 331 3535; x_wconf 72' lang='lat'>§3</span> <span class='ocrx_word' id='word_1_299' title='bbox 353 3454 495 3520; x_wconf 90' lang='lat' dir='ltr'>taedium</span> <span class='ocrx_word' id='word_1_300' title='bbox 522 3463 650 3540; x_wconf 90' lang='lat' dir='ltr'>parant.</span> <span class='ocrx_word' id='word_1_301' title='bbox 693 3456 770 3538; x_wconf 91' lang='lat' dir='ltr'>quid</span> <span class='ocrx_word' id='word_1_302' title='bbox 797 3457 839 3522; x_wconf 92' lang='lat' dir='ltr'>de</span> <span class='ocrx_word' id='word_1_303' title='bbox 865 3457 979 3523; x_wconf 90' lang='lat' dir='ltr'>ordine</span> <span class='ocrx_word' id='word_1_304' title='bbox 1005 3454 1077 3522; x_wconf 88' lang='lat' dir='ltr'>libri</span> <span class='ocrx_word' id='word_1_305' title='bbox 1104 3462 1202 3539; x_wconf 91' lang='lat' dir='ltr'>atque</span> <span class='ocrx_word' id='word_1_306' title='bbox 1223 3454 1446 3539; x_wconf 70' lang='lat' dir='ltr'>dispositione,</span> 
     </span>
     <span class='ocr_line' id='line_1_32' title="bbox 83 3556 1447 3645; baseline 0.004 -26"><span class='ocrx_word' id='word_1_307' title='bbox 83 3562 245 3637; x_wconf 83' lang='lat' dir='ltr'>quotanus</span> <span class='ocrx_word' id='word_1_308' title='bbox 267 3556 361 3622; x_wconf 68' lang='lat' dir='ltr'>Actio</span> <span class='ocrx_word' id='word_1_309' title='bbox 383 3557 583 3640; x_wconf 84' lang='lat' dir='ltr'>iniungenda</span> <span class='ocrx_word' id='word_1_310' title='bbox 604 3565 664 3641; x_wconf 88' lang='lat' dir='ltr'>est,</span> <span class='ocrx_word' id='word_1_311' title='bbox 685 3558 892 3623; x_wconf 91' lang='lat' dir='ltr'>iudicandum</span> <span class='ocrx_word' id='word_1_312' title='bbox 917 3567 1013 3645; x_wconf 90' lang='lat' dir='ltr'>esset,</span> <span class='ocrx_word' id='word_1_313' title='bbox 1035 3558 1154 3624; x_wconf 90' lang='lat' dir='ltr'>ibidem</span> <span class='ocrx_word' id='word_1_314' title='bbox 1178 3557 1323 3642; x_wconf 83' lang='lat' dir='ltr'>exposui.</span> <span class='ocrx_word' id='word_1_315' title='bbox 1361 3558 1447 3624; x_wconf 88' lang='lat' dir='ltr'>unde</span> 
     </span>
     <span class='ocr_line' id='line_1_33' title="bbox 83 3656 1446 3745; baseline 0.001 -23"><span class='ocrx_word' id='word_1_316' title='bbox 83 3656 107 3721; x_wconf 92' lang='lat' dir='ltr'>si</span> <span class='ocrx_word' id='word_1_317' title='bbox 128 3656 171 3722; x_wconf 88' lang='lat' dir='ltr'>dc</span> <span class='ocrx_word' id='word_1_318' title='bbox 195 3678 317 3741; x_wconf 83' lang='lat' dir='ltr'>genere</span> <span class='ocrx_word' id='word_1_319' title='bbox 341 3658 507 3742; x_wconf 87' lang='lat' dir='ltr'>scriptoris</span> <span class='ocrx_word' id='word_1_320' title='bbox 529 3659 763 3743; x_wconf 89' lang='lat' dir='ltr'>coniciendum,</span> <span class='ocrx_word' id='word_1_321' title='bbox 785 3658 854 3725; x_wconf 88' lang='grc'><strong>11611</strong></span> <span class='ocrx_word' id='word_1_322' title='bbox 875 3681 941 3726; x_wconf 92' lang='lat' dir='ltr'>non</span> <span class='ocrx_word' id='word_1_323' title='bbox 960 3661 1078 3745; x_wconf 91' lang='lat' dir='ltr'>poterit</span> <span class='ocrx_word' id='word_1_324' title='bbox 1092 3661 1170 3744; x_wconf 92' lang='lat' dir='ltr'>quin</span> <span class='ocrx_word' id='word_1_325' title='bbox 1191 3662 1446 3725; x_wconf 79' lang='lat' dir='ltr'>scholasticorum</span> 
     </span>
     <span class='ocr_line' id='line_1_34' title="bbox 83 3763 1446 3848; baseline 0.003 -24"><span class='ocrx_word' id='word_1_326' title='bbox 83 3764 166 3824; x_wconf 78' lang='lat' dir='ltr'>sotio</span> <span class='ocrx_word' id='word_1_327' title='bbox 195 3763 325 3826; x_wconf 74' lang='lat' dir='ltr'>modam</span> <span class='ocrx_word' id='word_1_328' title='bbox 351 3765 462 3844; x_wconf 71' lang='lat' dir='ltr'>pinque?</span> <span class='ocrx_word' id='word_1_329' title='bbox 488 3763 716 3845; x_wconf 83' lang='lat' dir='ltr'>adgnoscatur.</span> <span class='ocrx_word' id='word_1_330' title='bbox 767 3781 843 3845; x_wconf 81' lang='lat' dir='ltr'>ergo</span> <span class='ocrx_word' id='word_1_331' title='bbox 871 3764 1037 3848; x_wconf 89' lang='lat' dir='ltr'>scriptoris</span> <span class='ocrx_word' id='word_1_332' title='bbox 1065 3765 1178 3831; x_wconf 89' lang='lat' dir='ltr'>eadem</span> <span class='ocrx_word' id='word_1_333' title='bbox 1206 3771 1256 3830; x_wconf 92' lang='lat' dir='ltr'>est</span> <span class='ocrx_word' id='word_1_334' title='bbox 1281 3763 1382 3828; x_wconf 87' lang='grc'><strong>166166</strong></span> <span class='ocrx_word' id='word_1_335' title='bbox 1405 3782 1446 3828; x_wconf 89' lang='grc'>66</span> 
     </span>
     <span class='ocr_line' id='line_1_35' title="bbox 84 3862 1446 3950; baseline 0.002 -23"><span class='ocrx_word' id='word_1_336' title='bbox 84 3862 281 3948; x_wconf 91' lang='lat' dir='ltr'>philosophi,</span> <span class='ocrx_word' id='word_1_337' title='bbox 304 3884 402 3947; x_wconf 90' lang='lat' dir='ltr'>quam</span> <span class='ocrx_word' id='word_1_338' title='bbox 425 3863 517 3929; x_wconf 93' lang='lat' dir='ltr'>initio</span> <span class='ocrx_word' id='word_1_339' title='bbox 533 3864 648 3947; x_wconf 91' lang='lat' dir='ltr'>capitis</span> <span class='ocrx_word' id='word_1_340' title='bbox 662 3865 785 3948; x_wconf 89' lang='lat' dir='ltr'>aperui.</span> <span class='ocrx_word' id='word_1_341' title='bbox 820 3872 990 3948; x_wconf 90' lang='lat' dir='ltr'>utrumque</span> <span class='ocrx_word' id='word_1_342' title='bbox 1004 3867 1130 3950; x_wconf 85' lang='lat' dir='ltr'>suadet,</span> <span class='ocrx_word' id='word_1_343' title='bbox 1153 3872 1298 3950; x_wconf 90' lang='lat' dir='ltr'>utquam</span> <span class='ocrx_word' id='word_1_344' title='bbox 1314 3865 1446 3931; x_wconf 92' lang='lat' dir='ltr'>minimo</span> 
     </span>
     <span class='ocr_line' id='line_1_36' title="bbox 83 3964 1446 4052; baseline 0.005 -25"><span class='ocrx_word' id='word_1_345' title='bbox 83 3964 256 4032; x_wconf 88' lang='lat' dir='ltr'>intervallo</span> <span class='ocrx_word' id='word_1_346' title='bbox 276 3965 320 4032; x_wconf 90' lang='lat' dir='ltr'>ab</span> <span class='ocrx_word' id='word_1_347' title='bbox 347 3967 449 4031; x_wconf 87' lang='lat' dir='ltr'>altero</span> <span class='ocrx_word' id='word_1_348' title='bbox 477 3966 613 4031; x_wconf 91' lang='lat' dir='ltr'>termino</span> <span class='ocrx_word' id='word_1_349' title='bbox 636 3966 720 4030; x_wconf 74' lang='lat' dir='ltr'>Astii</span> <span class='ocrx_word' id='word_1_350' title='bbox 743 3973 884 4033; x_wconf 88' lang='lat' dir='ltr'>aetatem</span> <span class='ocrx_word' id='word_1_351' title='bbox 911 3968 1156 4051; x_wconf 88' lang='lat' dir='ltr'>suspendamus.</span> <span class='ocrx_word' id='word_1_352' title='bbox 1201 3968 1316 4052; x_wconf 91' lang='lat' dir='ltr'>quodsi</span> <span class='ocrx_word' id='word_1_353' title='bbox 1343 3970 1446 4034; x_wconf 90' lang='lat' dir='ltr'>altero</span> 
     </span>
     <span class='ocr_line' id='line_1_37' title="bbox 84 4067 1446 4153; baseline 0.003 -22"><span class='ocrx_word' id='word_1_354' title='bbox 84 4067 147 4133; x_wconf 87' lang='grc'><strong>1616</strong></span> <span class='ocrx_word' id='word_1_355' title='bbox 171 4068 282 4135; x_wconf 90' lang='lat' dir='ltr'>medio</span> <span class='ocrx_word' id='word_1_356' title='bbox 305 4069 437 4134; x_wconf 90' lang='lat' dir='ltr'>saeculo</span> <span class='ocrx_word' id='word_1_357' title='bbox 455 4068 651 4133; x_wconf 89' lang='lat' dir='ltr'>Placitorum</span> <span class='ocrx_word' id='word_1_358' title='bbox 668 4067 774 4133; x_wconf 83' lang='lat' dir='ltr'>extitit</span> <span class='ocrx_word' id='word_1_359' title='bbox 795 4071 945 4153; x_wconf 84' lang='lat' dir='ltr'>epitome,</span> <span class='ocrx_word' id='word_1_360' title='bbox 968 4070 1044 4153; x_wconf 93' lang='lat' dir='ltr'>quid</span> <span class='ocrx_word' id='word_1_361' title='bbox 1062 4071 1168 4137; x_wconf 88' lang='lat' dir='ltr'>obstat</span> <span class='ocrx_word' id='word_1_362' title='bbox 1190 4091 1232 4136; x_wconf 91' lang='lat' dir='ltr'>ne</span> <span class='ocrx_word' id='word_1_363' title='bbox 1254 4069 1313 4135; x_wconf 88' lang='lat' dir='ltr'>sub</span> <span class='ocrx_word' id='word_1_364' title='bbox 1334 4071 1446 4136; x_wconf 82' lang='lat' dir='ltr'>exiens</span> 
     </span>
     <span class='ocr_line' id='line_1_38' title="bbox 86 4169 1445 4256; baseline 0.001 -22"><span class='ocrx_word' id='word_1_365' title='bbox 86 4170 220 4248; x_wconf 86' lang='lat' dir='ltr'>primum</span> <span class='ocrx_word' id='word_1_366' title='bbox 245 4171 315 4237; x_wconf 92' lang='lat' dir='ltr'>sive</span> <span class='ocrx_word' id='word_1_367' title='bbox 337 4171 473 4236; x_wconf 90' lang='lat' dir='ltr'>alterius</span> <span class='ocrx_word' id='word_1_368' title='bbox 495 4169 620 4236; x_wconf 92' lang='lat' dir='ltr'>initium</span> <span class='ocrx_word' id='word_1_369' title='bbox 635 4170 764 4234; x_wconf 75' lang='lat' dir='ltr'>Alitium</span> <span class='ocrx_word' id='word_1_370' title='bbox 785 4171 908 4238; x_wconf 83' lang='lat' dir='ltr'>vixisse</span> <span class='ocrx_word' id='word_1_371' title='bbox 930 4173 1147 4239; x_wconf 83' lang='lat' dir='ltr'>coniciamus?</span> <span class='ocrx_word' id='word_1_372' title='bbox 1172 4193 1285 4238; x_wconf 93' lang='lat' dir='ltr'>verum</span> <span class='ocrx_word' id='word_1_373' title='bbox 1301 4192 1362 4256; x_wconf 81' lang='lat' dir='ltr'>ego</span> <span class='ocrx_word' id='word_1_374' title='bbox 1385 4171 1445 4237; x_wconf 88' lang='lat' dir='ltr'>bas</span> 
     </span>
     <span class='ocr_line' id='line_1_39' title="bbox 84 4271 1444 4361; baseline 0.002 -26"><span class='ocrx_word' id='word_1_375' title='bbox 84 4271 292 4356; x_wconf 88' lang='lat' dir='ltr'>ratiunculas,</span> <span class='ocrx_word' id='word_1_376' title='bbox 315 4293 398 4356; x_wconf 89' lang='lat' dir='ltr'>quae</span> <span class='ocrx_word' id='word_1_377' title='bbox 422 4292 517 4356; x_wconf 88' lang='lat' dir='ltr'>quam</span> <span class='ocrx_word' id='word_1_378' title='bbox 540 4273 683 4339; x_wconf 87' lang='lat' dir='ltr'>incertae</span> <span class='ocrx_word' id='word_1_379' title='bbox 706 4273 771 4338; x_wconf 91' lang='lat' dir='ltr'>sint</span> <span class='ocrx_word' id='word_1_380' title='bbox 792 4275 908 4359; x_wconf 89' lang='lat' dir='ltr'>sentio,</span> <span class='ocrx_word' id='word_1_381' title='bbox 931 4277 1007 4341; x_wconf 92' lang='lat' dir='ltr'>nolo</span> <span class='ocrx_word' id='word_1_382' title='bbox 1030 4274 1180 4361; x_wconf 91' lang='lat' dir='ltr'>persequi</span> <span class='ocrx_word' id='word_1_383' title='bbox 1203 4274 1395 4340; x_wconf 89' lang='lat' dir='ltr'>laudaturus</span> <span class='ocrx_word' id='word_1_384' title='bbox 1418 4273 1444 4339; x_wconf 91' lang='lat' dir='ltr'>si</span> 
     </span>
     <span class='ocr_line' id='line_1_40' title="bbox 85 4373 1444 4458; baseline 0.001 -20"><span class='ocrx_word' id='word_1_385' title='bbox 85 4373 149 4456; x_wconf 91' lang='lat' dir='ltr'>quis</span> <span class='ocrx_word' id='word_1_386' title='bbox 173 4373 314 4439; x_wconf 87' lang='lat' dir='ltr'>mcliora</span> <span class='ocrx_word' id='word_1_387' title='bbox 335 4374 473 4440; x_wconf 90' lang='lat' dir='ltr'>docebit.</span> <span class='ocrx_word' id='word_1_388' title='bbox 519 4393 580 4439; x_wconf 87' lang='lat' dir='ltr'>nec</span> <span class='ocrx_word' id='word_1_389' title='bbox 601 4374 746 4458; x_wconf 86' lang='lat' dir='ltr'>profecto</span> <span class='ocrx_word' id='word_1_390' title='bbox 770 4397 809 4442; x_wconf 83' lang='lat' dir='ltr'>ex</span> <span class='ocrx_word' id='word_1_391' title='bbox 832 4385 976 4444; x_wconf 88' lang='lat' dir='ltr'>aetatum</span> <span class='ocrx_word' id='word_1_392' title='bbox 999 4378 1181 4445; x_wconf 87' lang='lat' dir='ltr'>discrimine</span> <span class='ocrx_word' id='word_1_393' title='bbox 1204 4377 1257 4443; x_wconf 89' lang='lat' dir='ltr'>vel</span> <span class='ocrx_word' id='word_1_394' title='bbox 1279 4374 1444 4441; x_wconf 91' lang='lat' dir='ltr'>nominum</span> 
     </span>
    </p>
   </div>
   <div class='ocr_carea' id='block_1_3' title="bbox 82 4640 1444 4973">
    <p class='ocr_par' dir='ltr' id='par_1_3' title="bbox 82 4640 1444 4973">
     <span class='ocr_line' id='line_1_41' title="bbox 148 4640 1444 4708; baseline 0.001 -16"><span class='ocrx_word' id='word_1_395' title='bbox 148 4640 156 4671; x_wconf 92' lang='lat'>¹</span> <span class='ocrx_word' id='word_1_396' title='bbox 175 4644 267 4692; x_wconf 86' lang='lat' dir='ltr'>omisit</span> <span class='ocrx_word' id='word_1_397' title='bbox 288 4642 355 4692; x_wconf 79' lang='lat' dir='ltr'>hanc</span> <span class='ocrx_word' id='word_1_398' title='bbox 377 4658 431 4691; x_wconf 89' lang='lat' dir='ltr'>rem</span> <span class='ocrx_word' id='word_1_399' title='bbox 449 4642 579 4701; x_wconf 87' lang='lat' dir='ltr'>Bsckius,</span> <span class='ocrx_word' id='word_1_400' title='bbox 599 4644 687 4706; x_wconf 92' lang='lat' dir='ltr'>quiin</span> <span class='ocrx_word' id='word_1_401' title='bbox 708 4644 839 4693; x_wconf 84' lang='lat' dir='ltr'>Plutarchi</span> <span class='ocrx_word' id='word_1_402' title='bbox 858 4661 975 4695; x_wconf 86' lang='lat' dir='ltr'>sermonc</span> <span class='ocrx_word' id='word_1_403' title='bbox 998 4646 1102 4695; x_wconf 83' lang='lat' dir='ltr'>latinam</span> <span class='ocrx_word' id='word_1_404' title='bbox 1123 4647 1237 4708; x_wconf 81' lang='lat' dir='ltr'>linguam</span> <span class='ocrx_word' id='word_1_405' title='bbox 1256 4645 1378 4695; x_wconf 87' lang='lat' dir='ltr'>odoratus</span> <span class='ocrx_word' id='word_1_406' title='bbox 1397 4655 1444 4706; x_wconf 85' lang='lat' dir='ltr'>est,</span> 
     </span>
     <span class='ocr_line' id='line_1_42' title="bbox 82 4727 1443 4796; baseline 0.004 -21"><span class='ocrx_word' id='word_1_407' title='bbox 82 4727 145 4778; x_wconf 76' lang='grc'><strong>61166</strong></span> <span class='ocrx_word' id='word_1_408' title='bbox 163 4744 221 4778; x_wconf 76' lang='lat' dir='ltr'>aon</span> <span class='ocrx_word' id='word_1_409' title='bbox 247 4728 399 4792; x_wconf 69' lang='lat' dir='ltr'>impositam</span> <span class='ocrx_word' id='word_1_410' title='bbox 415 4729 506 4794; x_wconf 79' lang='lat' dir='ltr'>fuisse</span> <span class='ocrx_word' id='word_1_411' title='bbox 530 4737 662 4777; x_wconf 80' lang='lat' dir='ltr'>auctorem</span> <span class='ocrx_word' id='word_1_412' title='bbox 675 4727 759 4793; x_wconf 83' lang='lat' dir='ltr'>facilc</span> <span class='ocrx_word' id='word_1_413' title='bbox 775 4739 856 4792; x_wconf 77' lang='lat' dir='ltr'>patet.</span> <span class='ocrx_word' id='word_1_414' title='bbox 881 4750 942 4782; x_wconf 89' lang='lat' dir='ltr'>num</span> <span class='ocrx_word' id='word_1_415' title='bbox 966 4734 1045 4782; x_wconf 84' lang='lat' dir='ltr'>latine</span> <span class='ocrx_word' id='word_1_416' title='bbox 1068 4735 1145 4782; x_wconf 84' lang='lat' dir='ltr'>fuerit</span> <span class='ocrx_word' id='word_1_417' title='bbox 1162 4733 1254 4782; x_wconf 87' lang='lat' dir='ltr'>doctus</span> <span class='ocrx_word' id='word_1_418' title='bbox 1273 4735 1374 4793; x_wconf 66' lang='lat' dir='ltr'>Aetius,</span> <span class='ocrx_word' id='word_1_419' title='bbox 1394 4748 1443 4796; x_wconf 84' lang='lat' dir='ltr'>ego</span> 
     </span>
     <span class='ocr_line' id='line_1_43' title="bbox 83 4816 1442 4881; baseline 0.003 -17"><span class='ocrx_word' id='word_1_420' title='bbox 83 4817 170 4866; x_wconf 80' lang='lat' dir='ltr'>nescio.</span> <span class='ocrx_word' id='word_1_421' title='bbox 191 4817 282 4880; x_wconf 70' lang='lat' dir='ltr'>graeci</span> <span class='ocrx_word' id='word_1_422' title='bbox 302 4825 369 4865; x_wconf 79' lang='lat' dir='ltr'>certe</span> <span class='ocrx_word' id='word_1_423' title='bbox 388 4819 497 4881; x_wconf 90' lang='lat' dir='ltr'>peritior</span> <span class='ocrx_word' id='word_1_424' title='bbox 514 4818 562 4866; x_wconf 83' lang='lat' dir='ltr'>init</span> <span class='ocrx_word' id='word_1_425' title='bbox 580 4816 678 4865; x_wconf 79' lang='lat' dir='ltr'>Becltio</span> <span class='ocrx_word' id='word_1_426' title='bbox 697 4819 741 4879; x_wconf 92' lang='lat' dir='ltr'>qui</span> <span class='ocrx_word' id='word_1_427' title='bbox 765 4820 861 4868; x_wconf 87' lang='lat' dir='ltr'>scilicet</span> <span class='ocrx_word' id='word_1_428' title='bbox 885 4821 933 4870; x_wconf 90' lang='lat' dir='ltr'>bos</span> <span class='ocrx_word' id='word_1_429' title='bbox 957 4823 1056 4870; x_wconf 84' lang='lat' dir='ltr'>notavit</span> <span class='ocrx_word' id='word_1_430' title='bbox 1080 4819 1226 4870; x_wconf 82' lang='lat' dir='ltr'>idiotismos</span> <span class='ocrx_word' id='word_1_431' title='bbox 1245 4819 1358 4871; x_wconf 75' lang='lat' dir='ltr'>luticios:</span> <span class='ocrx_word' id='word_1_432' title='bbox 1382 4817 1442 4879; x_wconf 79' lang='grc' dir='ltr'>ἰδίας</span> 
     </span>
     <span class='ocr_line' id='line_1_44' title="bbox 82 4900 1170 4973; baseline 0.004 -21"><span class='ocrx_word' id='word_1_433' title='bbox 82 4900 166 4973; x_wconf 67' lang='lat' dir='ltr'>lurion,</span> <span class='ocrx_word' id='word_1_434' title='bbox 185 4919 252 4954; x_wconf 75' lang='lat' dir='ltr'>suos</span> <span class='ocrx_word' id='word_1_435' title='bbox 273 4917 393 4969; x_wconf 77' lang='lat' dir='ltr'>qaccqcc</span> <span class='ocrx_word' id='word_1_436' title='bbox 412 4904 451 4954; x_wconf 90' lang='lat' dir='ltr'>IV</span> <span class='ocrx_word' id='word_1_437' title='bbox 473 4903 508 4957; x_wconf 90' lang='grc'>10</span> <span class='ocrx_word' id='word_1_438' title='bbox 525 4913 537 4951; x_wconf 78' lang='lat' dir='ltr'>t</span> <span class='ocrx_word' id='word_1_439' title='bbox 556 4912 581 4956; x_wconf 86' lang='lat' dir='ltr'>ct</span> <span class='ocrx_word' id='word_1_440' title='bbox 600 4903 948 4971; x_wconf 71' lang='lat' dir='ltr'>cuvdqcu13ccopcrci.</span> <span class='ocrx_word' id='word_1_441' title='bbox 967 4925 990 4959; x_wconf 89' lang='grc'>6.</span> <span class='ocrx_word' id='word_1_442' title='bbox 1010 4908 1170 4959; x_wconf 83' lang='lat' dir='ltr'>concludere.</span> 
     </span>
    </p>
   </div>
   <div class='ocr_carea' id='block_1_4' title="bbox 0 0 1726 5588">
    <p class='ocr_par' dir='ltr' id='par_1_4' title="bbox 0 0 1726 5588">
     <span class='ocr_line' id='line_1_45' title="bbox 0 0 1726 5588; baseline 0 4"><span class='ocrx_word' id='word_1_443' title='bbox 0 0 1726 5588; x_wconf 95' lang='lat' dir='ltr'> </span> 
     </span>
    </p>
   </div>
  </div>
 </body>
</html>
