3442 5588
652 322 928 389 ruoiucoucuu
1403 331 1465 394 203

100 512 256 574 rationem
278 512 311 571 iu
334 509 436 588 capite
456 509 537 570 siem
558 510 591 570 in
613 527 687 572 arce
707 511 812 588 posuit
833 516 862 570 et
884 508 964 570 duas
981 514 1088 587 partes
1103 508 1132 568 ei
1146 524 1261 585 parere
1274 507 1371 567 coluit
1385 507 1468 566 ircm

101 622 132 676 et
159 611 361 694 cupiditatem
389 629 467 691 quas
494 611 571 673 locis
598 613 664 672 suis
692 612 773 673 iram
797 612 830 672 in
858 620 982 691 pectore
1010 609 1209 689 cupiditatem
1236 608 1341 671 subter
1369 625 1467 688 proe-

102 715 216 778 cordia
239 714 363 777 locauit.

146 823 180 877 tl
219 815 485 879 Dicaearchus
508 822 610 877 cutem
631 816 663 877 iu
686 834 722 879 eo
744 835 885 879 sermone
900 861 908 877 .
925 860 933 875 .
951 861 958 875 .
975 811 1007 899 [a
1030 812 1186 879 Cicerone
1208 832 1226 878 e
1249 831 1308 877 sua
1330 810 1468 876 lectione

102 914 240 1003 inserta]

148 1019 381 1083 Aristoteles
405 1020 493 1099 lonpe
515 1018 655 1081 omuibus
683 1055 724 1064 -
753 1021 912 1083 Platonem
941 1039 1061 1099 semper
1087 1022 1210 1099 excipio
1235 1055 1276 1063 -
1304 1026 1470 1098 praestans

104 1130 134 1184 et
157 1124 280 1204 inperio
303 1130 333 1184 et
355 1122 517 1201 dilipeutic
549 1140 617 1182 cum
640 1131 785 1203 quattuor¹
815 1132 890 1186 notu
915 1125 973 1186 illa
1001 1141 1116 1203 ponera
1140 1123 1366 1202 principiorum
1393 1128 1471 1180 esset

104 1225 286 1306 complemus
301 1244 317 1286 e
332 1222 442 1305 quibem
464 1224 569 1285 omnia
591 1234 754 1286 orerentur
776 1228 913 1306 quintam
936 1225 1092 1307 quondam
1116 1234 1260 1285 naturam
1283 1232 1382 1285 censet
1404 1241 1471 1283 esse
1587 1282 1590 1287 .

105 1347 123 1389 e
146 1346 210 1409 oua
231 1329 272 1389 sit
293 1345 387 1389 mens.
427 1327 564 1406 capitato
585 1328 665 1389 euim
687 1337 715 1389 et
735 1330 901 1407 procidere
923 1337 952 1391 et
974 1328 1093 1389 discere
1111 1335 1140 1388 et
1159 1328 1270 1390 docere
1292 1335 1320 1389 et
1334 1326 1472 1388 inuenire

104 1429 230 1510 aimoini
251 1439 280 1492 et
303 1439 365 1492 tam
385 1429 483 1490 multa
509 1427 576 1489 alia
596 1431 768 1493 meminisse
784 1450 890 1493 amore
905 1432 1008 1494 cause
1023 1450 1134 1511 cupere
1149 1432 1255 1493 timere
1271 1431 1343 1509 onpi
1359 1428 1471 1490 laetari

103 1532 184 1595 tusc
207 1541 236 1594 et
256 1532 374 1595 simma
395 1549 502 1592 eorum
524 1532 558 1592 iu
579 1532 688 1594 borum
710 1541 855 1614 quattuor
876 1552 1020 1614 cenerum
1034 1535 1135 1596 inesse
1150 1534 1235 1595 nullo
1249 1541 1355 1613 putat:
1377 1532 1471 1611 quin-

103 1642 170 1696 tum
191 1654 287 1715 purus
308 1633 572 1695 minervarum
596 1635 719 1697 nomine
741 1644 770 1697 et
788 1638 835 1698 sic
856 1638 956 1717 ipsum
979 1637 1113 1697 animum
1129 1634 1309 1720 ἐνδελέχειαν
1333 1634 1472 1714 appellat

104 1756 190 1800 uoco
212 1739 334 1801 nomiae
355 1737 446 1817 quasi
470 1737 628 1817 quondam
650 1739 862 1800 continuatam
883 1740 1047 1800 motionem
1068 1747 1097 1800 et
1118 1758 1290 1819 perennem.

195 1840 252 1903 xl.
297 1840 360 1902 uisi
381 1858 461 1920 quae
483 1858 530 1901 me
551 1840 634 1920 sorte
655 1840 777 1921 inpium
798 1842 874 1903 lraec
895 1849 966 1904 stent
987 1841 1054 1920 [erc
1076 1842 1115 1903 de
1136 1845 1240 1906 auimo
1262 1844 1439 1905 senterttiae.

152 1942 407 2004 Democritum
429 1942 509 2003 euim
540 1960 683 2023 mapuum
703 1944 790 2006 illum
819 1946 940 2026 quidem
966 1946 1067 2005 cirum
1091 1945 1147 2006 sed
1174 1945 1289 2007 levibus
1312 1956 1340 2007 et
1360 1955 1472 2007 rotun-

106 2043 160 2107 dis
189 2045 385 2124 corpusculis
414 2044 594 2124 efficientem
624 2048 759 2108 animum
786 2066 938 2109 concursu
967 2046 1100 2129 quodam
1128 2048 1260 2127 fortuito
1290 2050 1472 2110 omittamus.

106 2147 255 2209 utibilest
277 2147 357 2209 enim
378 2147 464 2228 apud
485 2149 562 2210 istos
584 2149 668 2230 quod
689 2168 752 2211 non
775 2158 946 2212 atomorum
970 2148 1061 2212 turba
1083 2151 1237 2230 conficiat.

197 2247 357 2313 Eximium
380 2246 465 2313 hano
490 2248 678 2332 opinionum
700 2248 844 2315 tabulam
867 2271 933 2316 uon
955 2250 1026 2334 ipse
1049 2250 1229 2335 composuit
1251 2250 1373 2316 Cicero.
1397 2271 1473 2316 nam

108 2350 144 2414 in
175 2349 267 2416 istius
294 2349 394 2416 libros
422 2369 495 2415 curn
525 2351 665 2418 mammo
687 2352 843 2418 Varronis
865 2351 1017 2435 querelae
1039 2352 1167 2418 cadunt.
1212 2353 1321 2435 itaque
1343 2360 1474 2437 praeter

108 2452 349 2519 Dicaearchum
379 2454 512 2517 delicias
546 2473 622 2517 suus
648 2453 773 2536 reliqua
798 2455 832 2520 in
859 2456 968 2521 alieno
998 2475 1077 2537 agro
1104 2454 1250 2538 invenit,
1284 2453 1474 2539 praesertim

109 2574 152 2622 ea
186 2573 271 2639 quus
296 2554 480 2621 nominibus
513 2555 640 2621 omissis
669 2558 759 2622 velut
785 2557 895 2622 furtim
926 2557 1093 2622 strinxit¹
1141 2556 1260 2622 etenim
1287 2557 1473 2642 opinionum

109 2659 307 2725 minumum
328 2655 497 2722 ieiunitate
521 2657 662 2723 lecturos
684 2679 726 2725 ne
748 2659 941 2726 obtunderet
963 2659 1143 2724 verebatur.
1185 2659 1227 2725 de
1249 2659 1328 2744 ipsis
1353 2657 1473 2743 opinio·

109 2761 208 2827 nibus
229 2765 378 2845 poteram
399 2758 446 2824 uti
468 2759 559 2825 soleo
576 2765 758 2825 ceterorum
773 2762 998 2829 similitudines
1013 2761 1181 2845 adnoture,
1205 2762 1292 2845 quod
1313 2761 1355 2827 ub
1377 2761 1473 2826 iuter-

110 2862 258 2948 pretibus
279 2881 346 2927 non
368 2860 450 2927 satis
471 2867 623 2926 accurate
643 2861 766 2927 iactum
787 2862 894 2929 video.
928 2865 985 2930 sed
1006 2864 1118 2929 omitto
1134 2864 1210 2947 quia
1225 2864 1362 2930 eundem
1385 2861 1473 2946 apud

109 2966 309 3051 posteriores
331 2963 500 3031 materiam
528 2964 608 3029 sutis
636 2984 797 3049 superque
824 2967 1018 3050 repetiturus
1044 2987 1124 3050 sum,
1150 2967 1237 3032 unde
1260 2967 1335 3049 quid
1359 2966 1400 3031 de
1424 2964 1473 3030 Oi·

108 3069 288 3136 ceroniuno
309 3067 382 3132 loco
403 3064 611 3131 iudicandum
641 3064 684 3130 sit
711 3066 810 3132 etiam
839 3069 957 3134 clarius
979 3067 1202 3152 perspicietur.
1248 3067 1431 3151 proficiscor
1453 3085 1473 3130 a

110 3164 376 3238 Tertulliani’
398 3167 439 3232 de
461 3167 571 3232 anima
593 3165 676 3232 libro
699 3169 841 3235 selectae
863 3169 1053 3236 eruditionis
1074 3169 1271 3252 plenissimo.

153 3272 684 3353 (t.15....mlr'seqrteecctriusecus
696 3272 796 3354 api-l
867 3273 955 3338 Pluc.
977 3273 1023 3338 IV
1042 3273 1062 3336 3
1084 3280 1116 3332 lt
1165 3271 1384 3356 Ἡράκλειτος
1422 3273 1474 3355 τὴν

108 3378 175 3441 turi
195 3385 284 3458 putes
305 3375 482 3456 principale
503 3375 588 3437 istud
600 3377 769 3438 secuudum
793 3379 795 3424 :
821 3377 873 3458 μὲν
896 3380 947 3438 τοῦ
968 3376 1079 3457 κόσμου
1101 3378 1199 3460 ψυχήν
1220 3398 1228 3414 ·
1253 3418 1262 3432 .
1284 3422 1291 3437 .
1315 3377 1367 3459 τὴν
1390 3376 1422 3437 δὲ
1444 3375 1474 3437 ἐν

109 3479 352 3543 Heraclitum
792 3465 796 3557 i
820 3483 879 3547 τοῖς
911 3473 998 3562 ζῴοις
1024 3481 1082 3541 ἀπὸ
1110 3483 1161 3561 τῆς
1188 3479 1270 3547 ἐκτὸς
1299 3479 1346 3541 καὶ
1370 3482 1421 3559 τῆς
1444 3477 1474 3539 ἐν

155 3600 253 3663 neque
278 3600 337 3661 per
350 3587 460 3642 -tctum
488 3597 602 3658 corpus
624 3581 769 3643 ventilari
793 3560 796 3671 l
820 3580 917 3649 αὐτοῖς
940 3581 1162 3661 ἀναθυμιάσεως
1186 3582 1310 3663 ὁμογενῆ

107 3686 280 3750 secuudum
302 3682 553 3746 iloscbionem
793 3694 796 3755 t

154 3808 254 3871 neque
271 3788 305 3849 irs
323 3788 424 3867 capite
439 3784 583 3846 concludi
601 3787 769 3849 secuudum
863 3784 977 3849 IVt'tl
1013 3785 1160 3849 Πλάτων
1179 3786 1357 3868 Δημόκριτος
1373 3785 1403 3846 ἐν
1419 3784 1475 3866 ὅλῃ

109 3893 309 3955 Platonem
821 3894 858 3970 τῇ
881 3892 995 3973 κεφαλῇ
1020 3884 1207 3973 [Plutarcb.]

156 4015 255 4077 neque
276 3996 310 4056 in
331 3993 444 4054 uertice
464 3994 569 4072 potius
588 3995 769 4073 praesidere

109 4098 280 4162 secuntum
302 4095 545 4159 Xenocratem

156 4221 255 4282 nepus
275 4202 309 4262 iu
331 4197 457 4260 coeebrc
473 4197 588 4260 cubare
602 4198 770 4260 secundum
864 4196 942 4261 ive
964 4207 974 4257 l
1005 4194 1234 4278 Ἱπποκράτης
1257 4239 1264 4254 .
1287 4235 1294 4250 .
1316 4240 1323 4255 .
1347 4195 1376 4256 ἐν
1400 4193 1476 4275 ἐγκε-

109 4305 384 4385 Hippocratem
793 4286 796 4373 l
820 4300 1012 4382 palummum
1037 4298 1170 4382 ἱδρῦσθαι
1193 4295 1414 4378 [Theodorou]

154 4407 212 4470 sed
226 4425 283 4469 nec
297 4406 384 4467 circa
403 4404 521 4466 cerebri
535 4405 768 4483 fundumentum
793 4376 795 4469 i
863 4399 979 4464 IV54
1004 4400 1192 4485 Ἡρόφιλος
1215 4402 1245 4462 ἐν
1266 4405 1304 4479 τῇ
1328 4404 1378 4461 τοῦ
1399 4399 1476 4482 ἐγκε-

110 4519 146 4571 ut
168 4509 395 4588 Heropbilus
793 4514 795 4581 λ
820 4504 914 4585 φάλον
936 4503 1030 4586 κοιλίᾳ
1052 4506 1114 4588 ἥτις
1138 4504 1197 4565 ἐστὶ
1221 4502 1268 4563 καὶ
1292 4501 1372 4582 βάσις

119 4624 160 4630 --
192 4623 347 4630 ——-.-..-.

186 4661 194 4693 ¹
215 4664 247 4713 ci.
266 4662 338 4713 Sext.
357 4663 416 4712 cdv.
436 4663 556 4714 msthem.
575 4665 628 4713 vn
646 4661 706 4714 313.
731 4664 789 4713 vide
809 4663 876 4712 infra
894 4678 919 4725 p.
933 4658 992 4712 209.

186 4748 197 4781 ²
216 4752 249 4801 ci.
267 4751 339 4800 Tert.
352 4750 385 4799 de
398 4764 491 4799 resurr.
505 4765 575 4799 curn.
592 4747 631 4800 15.
651 4749 698 4799 sed
716 4748 766 4799 etsi
785 4748 815 4797 iu
832 4749 937 4798 cercbm
955 4747 997 4797 oel
1015 4748 1044 4797 in
1062 4747 1147 4796 aredio
1166 4743 1367 4812 superciliorum
1386 4744 1478 4795 discri-

108 4839 180 4889 mine
197 4835 242 4888 sel
258 4835 351 4887 ubiubi
366 4834 528 4900 pbilosophis
553 4833 636 4900 placet
652 4835 841 4901 principalitas
859 4850 983 4886 sensuum
1008 4843 1160 4886 consecrata
1179 4843 1216 4883 est
1239 4831 1309 4898 preool
1332 4831 1479 4899 ἡγεμονικόν

107 4923 278 4995 appellatur,
299 4940 361 4976 caro
380 4925 432 4977 erit
450 4939 528 4973 omne
545 4922 649 4973 animae
667 4922 856 4992 copitatorium.
