3442 5588
172 315 238 377 510
559 316 815 368 'rnnornnssrr
833 315 971 368 rnrsrc.
990 316 1151 368 crunon.

227 484 279 565 μὲν
301 482 363 560 οὖν,
386 485 485 567 ὥσπερ
508 482 632 566 ἐλέχθη,
654 486 753 567 κοινήν
780 507 842 547 τινα
869 483 975 566 ταύτην
1003 484 1052 547 καί
1078 484 1204 548 παλαιὰν
1225 481 1311 552 δόξαν
1340 480 1493 566 ἀναφέρει·

227 587 302 670 πλὴν
326 586 405 654 ἰδίως
427 586 475 648 ἐπὶ
497 587 603 653 πάσαις
624 584 700 666 λέγει
721 589 784 653 ταῖς
806 586 960 670 αἰσθήσεσι
983 586 1031 649 καὶ
1054 586 1178 667 μαλιστα
1199 584 1247 647 έπί
1262 584 1302 667 τῇ
1316 580 1392 669 ὄψει,
1415 581 1493 646 διότι

226 688 259 749 τδ
283 687 358 770 μέγα
379 687 590 770 αἰσθανόμενόν
612 686 699 764 ἐστιν,
721 686 755 751 οἰι
778 688 863 770 δηλοῖ
883 688 916 750 δὲ
937 687 989 756 τὰς
1011 687 1255 772 σωματικωτέρας
1276 685 1442 770 αἰσθήσεις·

176 795 210 848 38
327 786 529 872 Κλείδημος
559 790 593 851 δὲ
622 788 709 870 μόνος
735 788 816 859 ἰδίιυς
845 787 943 872 εἴρηκε
972 789 1038 872 περί
1066 794 1120 873 τῆς
1149 787 1257 874 όψειυς·
1292 785 1490 852 αἰσθάνεσθαι

225 890 279 974 γάρ
294 912 366 976 φησι
388 895 447 960 τοῖς
469 891 633 976 ὀφθαλμοῖς
656 890 742 972 μόνον
758 892 801 955 ὅτι
815 892 975 975 διαφανεῖς·
998 889 1088 974 ταῖς(
1106 888 1132 974 ’>
1146 891 1258 968 ἀκοαῖς,
1275 890 1318 954 ότι
1332 889 1487 972 ὀμπίπτισν
1507 913 1521 953 τ

223 993 239 1055 ὀ
262 993 320 1076 ἀὴρ
334 997 421 1056 κινεῖ·
448 996 511 1061 ταῖς
526 993 559 1055 δὲ
574 993 646 1077 ῥισὶν
661 991 871 1077 ἐφελκομένους
892 994 941 1056 τδν
964 992 1047 1077 ἀέρα,
1069 996 1169 1054 τοῦτον
1190 992 1245 1076 γάρ
1260 990 1488 1074 ἀναμίγνυσθαι·

224 1094 264 1175 τῇ
290 1095 322 1156 δὲ
344 1097 464 1177 γλώσση
486 1094 553 1163 τοὺς
579 1094 691 1178 χυμοδς
713 1096 761 1158 καί
787 1096 820 1158 τδ
848 1095 957 1179 θερμόν
985 1094 1033 1157 καί
1055 1094 1088 1156 τδ
1111 1095 1222 1178 ψυχρδν
1244 1095 1293 1158 διὰ
1313 1094 1347 1156 τδ
1370 1093 1491 1177 σομφὴν

224 1194 309 1259 εἰναι·
339 1197 383 1280 τῷ
410 1197 444 1259 δὲ
469 1195 551 1280 ἀλλιμ
578 1198 691 1279 σώματι
713 1197 793 1281 παρά
815 1197 866 1278 μὲν
889 1194 969 1260 ταῦτ’
997 1195 1101 1272 οόθέν,
1130 1196 1226 1259 αὐτῶν
1252 1195 1286 1259 δέ
1307 1196 1418 1258 τούτων
1441 1195 1491 1258 καί

225 1299 258 1360 τδ
281 1299 390 1382 θερμδν
417 1298 466 1360 καὶ
492 1298 529 1361 τά
554 1297 627 1381 ὑγρά
653 1299 701 1361 καί
727 1298 764 1361 τὰ
790 1298 917 1362 ἐναντία·
944 1299 1031 1381 μόνον
1057 1299 1090 1361 δὲ
1120 1298 1172 1368 τάς
1199 1297 1289 1366 ἀκοάς
1316 1296 1406 1366 αότάς
1435 1296 1491 1379 μέν

223 1398 307 1463 οόδὲν
322 1400 437 1483 κρίνειν,
459 1400 500 1469 εἰς
523 1401 556 1463 δὲ
577 1401 626 1463 τδν
648 1399 714 1463 νοῦν
736 1401 918 1484 διαπέμπειν,
941 1400 999 1485 οόχ
1021 1401 1120 1484 ὥσπερ
1131 1397 1365 1483 Ἀναξαγόρας
1386 1399 1488 1484 ἀρχὴν
1508 1423 1533 1462 ιο

225 1505 303 1563 ποιεῖ
322 1503 436 1566 πάντων
458 1503 507 1565 τδν
529 1506 606 1565 νοῦν.

175 1611 209 1664 39
327 1603 498 1686 Διογένης
520 1602 546 1666 δ’
575 1604 674 1686 ὥσπερ
695 1602 728 1666 τὸ
751 1607 803 1686 ίῖγν
825 1604 873 1666 καί
889 1603 922 1666 τδ
938 1608 1052 1687 φρονεῖν
1067 1603 1112 1689 τῷ
1126 1602 1189 1687 ἀέρι
1204 1603 1253 1666 καί
1267 1601 1319 1672 τάς
1332 1603 1490 1688 αἰσθήσεις

228 1706 361 1768 ἀνάπτει·
390 1707 435 1769 διδ
463 1707 511 1769 καί
539 1706 645 1774 δόξειεν
673 1705 708 1768 ἀν
737 1707 782 1791 τῷ
812 1706 906 1790 ὁμοίῳ
935 1711 1026 1769 ποιεῖν
1056 1703 1140 1791 (οόδό
1167 1704 1221 1789 γὰρ
1241 1706 1276 1768 τδ
1299 1710 1391 1769 ποιεῖν
1412 1704 1489 1769 εἶναι

230 1809 278 1870 καὶ
306 1809 445 1892 πάσχειν,
474 1808 500 1870 εἰ
527 1808 568 1890 μὴ
595 1808 688 1870 πάντα
717 1806 753 1892 ἦν
784 1807 813 1876 ἰί
842 1805 935 1892 ένός)·
965 1808 1017 1891 τὴν
1046 1807 1099 1889 μὲν
1122 1805 1329 1892 ὄσφρησιντῷ
1350 1807 1415 1891 περί
1435 1807 1489 1870 τόν

228 1909 386 1996 ἐγκέφαλον
409 1909 486 1993 ἀέρι·
509 1913 610 1972 τοῦτον
631 1910 685 1993 γὰρ
708 1909 817 1993 ἅθρουν
839 1909 911 1973 εἶναι
933 1909 981 1973 καί
1004 1909 1166 1993 σύμμετρον
1188 1910 1227 1991 τῇ
1249 1908 1342 1991 ὀσμῇ·
1364 1909 1414 1972 τδν
1427 1907 1486 1991 γὰρ
1503 1935 1528 1974 ιο

225 2011 384 2097 ἐγκέφαλον
397 2011 484 2075 αὐτὸν
496 2010 585 2093 μανόν
602 2012 650 2074 καὶ
666 2010 727 2095 (τά)
742 2012 857 2097 φλεβία,
877 2011 1051 2075 λεπτότατον
1068 2008 1093 2074 δ’
1110 2011 1141 2074 ὀν
1156 2011 1199 2081 οἰς
1214 2013 1234 2095 ἡ
1250 2012 1379 2081 διάθεσις
1393 2011 1487 2093 ἀσύμ-

226 2137 338 2199 μετρος,
361 2114 409 2177 καί
432 2112 466 2176 οὐ
489 2112 641 2194 μίγνυσθαι
663 2118 726 2183 ταῖς
748 2116 866 2197 ὀσμαῖς·
890 2118 931 2185 ὡς
953 2111 984 2176 εἰ
1001 2136 1043 2182 τις
1064 2111 1111 2195 εἴη
1132 2113 1171 2194 τῇ
1192 2114 1292 2196 κράσει
1314 2112 1488 2196 σύμμετρος,

174 2226 210 2278 40
226 2219 314 2300 δῆλον
337 2219 378 2284 ὡς
399 2214 608 2296 αἰσθανόμενον
631 2213 676 2277 ἀν.
825 2217 878 2300 τὴν
900 2214 926 2280 δ’
947 2217 1050 2300 ἀκοήν,
1072 2215 1140 2279 όταν
1163 2217 1179 2279 δ
1202 2215 1314 2283 ἐντοῖς
1336 2213 1407 2278 ὠσὶν
1429 2213 1489 2297 ἀὴρ

224 2318 352 2402 κινηθεὶς
374 2317 431 2380 iri
453 2321 504 2379 τοῦ
526 2314 583 2385 ἔξω
605 2317 698 2401 διαδῷ
719 2319 790 2401 πρδς
811 2319 860 2381 τδν
889 2317 1056 2402 ἐγκέφαλον.
1100 2319 1153 2401 τὴν
1175 2317 1209 2380 ti
1231 2315 1296 2402 ὄψιν
1318 2315 1415 2400 [δρᾶν]
1438 2314 1488 2398 ὀμ

227 2420 408 2506 φαινομένων
441 2419 482 2488 εἰς
503 2419 556 2501 τὴν
578 2419 685 2504 κόρην,
717 2419 823 2503 ταύτην
852 2421 886 2483 δὲ
916 2419 1088 2503 μιγνυμένην
1117 2420 1162 2505 τηῖ
1190 2419 1271 2488 έντδς
1299 2419 1363 2504 ἀέρι
1391 2422 1484 2481 ποιεῖν
1502 2443 1529 2482 αν

227 2522 380 2605 αἴσθησιν·
413 2525 532 2603 σημεῖον
554 2520 602 2584 δέ·
635 2521 685 2584 ἐάν
707 2522 761 2606 γάρ
783 2522 947 2606 φλεγμασία
967 2521 1084 2604 γένηται
1105 2526 1164 2584 τῶν
1186 2520 1313 2605 φλεβῶν,
1335 2520 1369 2585 οἰι
1393 2521 1488 2604 μίγνυ-

225 2627 294 2689 σθαι
315 2624 359 2708 τιγῖ
380 2623 461 2692 έντός
483 2619 546 2686 οὐδ’
572 2624 642 2706 ὀροῖν
665 2624 773 2705 ὁμοίως
795 2629 847 2708 τῆς
869 2623 1025 2708 ἐμφάσεως
1046 2621 1145 2705 οὔσης.
1188 2622 1241 2705 τὴν
1272 2623 1305 2685 ut
1331 2626 1427 2705 γεῦσιν
1449 2625 1488 2705 τῇ

223 2730 339 2811 γλώττη
362 2725 409 2788 διὰ
430 2724 463 2787 τό
488 2726 577 2808 μανὸν
600 2726 649 2788 καί
679 2727 800 2791 ἁπαλόν.
845 2727 909 2810 περὶ
939 2727 972 2789 δὲ
1002 2726 1081 2810 ἁφῆς
1109 2724 1193 2787 οὐδὲν
1223 2724 1387 2808 ἀφώρισεν,
1417 2723 1486 2788 οὔτε

224 2833 287 2898 πῶς
308 2826 376 2891 οὔτε
397 2828 481 2890 τίνων
504 2825 590 2890 ἐστίν.
634 2828 710 2891 ἀλλά
732 2829 805 2910 μετὰ
826 2833 917 2893 ταῦτα
939 2831 1071 2911 πειρᾶται
1093 2825 1195 2909 λέγειν,
1219 2825 1267 2889 διὰ
1285 2826 1314 2889 τί
1335 2825 1486 2912 συμβαίνει

174 2941 206 2993 41
224 2931 276 3000 τὰς
297 2929 449 3013 αἰσθήσεις
471 2929 674 3014 ἀκριβεστέρας
696 2929 768 2993 εἶναι
791 2930 839 2994 καὶ
861 2935 919 2995 τῶν
941 2931 1043 2994 ποίιυν.
1195 2925 1335 3012 ὄσφρησιν
1358 2930 1411 3012 μὲν
1433 2927 1485 2993 cdv
1503 2957 1527 2996 ss

223 3032 362 3115 ὀξυτάτην
384 3031 427 3102 οίς
457 3031 609 3116 ἐλάχιστος
638 3032 697 3116 ἀὴρ
719 3032 749 3095 ἐν
771 3034 810 3115 τῇ
839 3034 973 3119 κεφαλῇ,
1000 3034 1125 3116 τάχιστα
1151 3030 1206 3114 γὰρ
1236 3029 1407 3113 μίγνυσθαι·
1437 3033 1487 3096 καὶ

174 3178 375 3189 ..---

174 3232 608 3309 1ἰλίχθηρ.509,17112ἰδιονΡῈι
623 3243 723 3290 correxi
736 3239 832 3303 estis
883 3241 968 3290 verbis
986 3240 1018 3289 de
1037 3255 1095 3305 geu.
1113 3248 1140 3290 et
1162 3256 1227 3290 corr.
1240 3238 1282 3291 16
1301 3255 1326 3303 p·
1339 3234 1449 3289 etima
1470 3234 1485 3306 ΙΙ
1505 3237 1536 3290 15

174 3326 217 3378 50.
236 3325 277 3378 55.
296 3340 321 3375 τι
333 3322 414 3391 φίριιν
429 3320 491 3372 ίδιον
506 3324 571 3375 dixit
586 3338 663 3389 supra
679 3341 704 3389 ρ.
714 3322 798 3386 480‚1
817 3320 830 3391 ΙΙ
883 3323 949 3396 ὀσμῇ
973 3326 1116 3378 Schneider
1127 3328 1168 3378 1v
1190 3323 1291 3392 piis:
1314 3322 1380 3392 ἀκυῆ
1403 3324 1460 3377 Pr:
1479 3323 1535 3375 ἀνα-

173 3411 214 3463 iti
224 3410 249 3462 τί
262 3414 329 3462 coni.
342 3410 493 3472 Schneider,
512 3419 539 3460 at
557 3407 616 3460 διότι
635 3411 701 3460 idem
716 3413 785 3474 quod
796 3407 832 3461 ότι
884 3418 947 3482 πνοῇ
960 3415 1026 3465 saiso
1039 3415 1104 3465 alias
1116 3414 1259 3466 Schneider
1272 3407 1287 3478 ΙΙ
1300 3410 1347 3480 γὰρ
1358 3421 1418 3479 post
1431 3408 1474 3462 τὸν
1486 3428 1536 3462 cm.

173 3508 279 3566 propter
291 3499 408 3548 vocalem
425 3499 620 3563 praecedentem
638 3509 785 3563 usurpatum
806 3508 833 3549 ut
883 3501 1030 3567 Stephanus
1041 3498 1055 3570 ΙΙ
1068 3501 1100 3555 16
1110 3499 1184 3569 μόνον
1194 3498 1238 3550 καί
1247 3496 1336 3568 φλεβία
1345 3499 1403 3551 PF:
1414 3495 1537 3562 correxiss

174 3568 831 3652 p.519‚ii-5‘22‚llci.VahlenSitaungsb.d.Wieu.
883 3584 1034 3639 λεπτότατον
1056 3605 1090 3638 sc.
1114 3587 1175 3656 ἀίρα
1200 3585 1268 3638 εἶναι.
1295 3586 1426 3638 τοαίαθειιι
1449 3581 1536 3653 φλιβία

174 3673 226 3721 Ah.
244 3672 378 3736 hist-phil.
398 3673 440 3721 III.
463 3673 515 3721 voi.
529 3673 677 3723 XXXVIII
695 3689 718 3736 p.
731 3670 765 3724 58
782 3669 797 3739 Η
815 3671 831 3723 3
883 3672 969 3737 λεπτά,
987 3672 1063 3743 ἧττον
1080 3672 1107 3727 δί
1126 3673 1161 3732 οῖς
1179 3677 1210 3726 ci.
1228 3673 1298 3737 541.
1321 3675 1401 3725 Arist
1420 3675 1536 3724 δεεσσε.

172 3755 201 3809 τό
214 3756 278 3824 μέγα
291 3761 379 3823 scripsi
398 3757 575 3823 cf.§29sqq.:
592 3755 622 3808 τδ
636 3757 681 3825 μὲν
695 3760 738 3810 PF
752 3756 766 3827 ΙΙ
782 3774 830 3810 σιυ-
882 3780 907 3828 ρ.
917 3761 1008 3815 45817
1033 3758 1048 3830 ΙΙ
1074 3762 1106 3815 16
1131 3758 1199 3818 θέσις
1222 3761 1279 3812 Piis
1306 3762 1408 3813 restitui
1429 3776 1463 3813 ex
1489 3777 1536 3811 usu

174 3844 351 3911 ματικιυτάτας
370 3846 427 3896 PF:
446 3849 547 3896 correxi
566 3849 677 3910 itemque
691 3848 829 3899 Usenerus.
882 3851 1055 3916 Theophrasti
1083 3852 1115 3900 ci.
1133 3849 1163 3912 δέ
1179 3847 1204 3898 4.
1226 3850 1265 3902 19.
1283 3845 1326 3901 35.
1344 3848 1387 3901 64.
1415 3849 1441 3898 d·
1469 3863 1537 3898 caus.

173 3935 330 3998 intellegitur
342 3935 412 3983 velut
425 3941 516 3995 tactus,
536 3949 611 3996 quem
630 3935 710 3983 verbo
728 3936 831 3998 stringit
882 3938 916 4001 pi.
935 3938 974 3987 VI
991 3935 1037 3989 54
1065 3933 1079 4003 ΙΙ
1113 3936 1144 3989 17
1167 3934 1211 3986 καὶ
1239 3931 1268 3986 οό
1290 3935 1348 3986 PF:
1371 3937 1480 3986 fortasse
1502 3930 1538 3990 ὣς

174 4017 240 4083 §iti
259 4017 274 4085 ΙΙ
297 4017 497 4086 έκλτίδιμοςΡ
521 4022 631 4083 itemque
651 4023 678 4070 in
697 4037 760 4085 mrg·
778 4037 830 4072 sec.
882 4019 912 4074 οό
935 4019 950 4091 ΙΙ
977 4023 1009 4075 is
1026 4020 1102 4091 δῆλον
1119 4024 1176 4074 PF:
1195 4019 1277 4073 διῖλον
1294 4040 1332 4088 pr¹
1350 4021 1372 4071 F
1391 4024 1418 4073 in
1438 4037 1503 4086 ταις.
1521 4017 1536 4088 ΙΙ

174 4108 195 4158 Ρ
222 4104 235 4175 ΙΙ
267 4105 341 4174 μόνος
371 4118 430 4158 ante
459 4104 527 4163 ἰόἰως
556 4124 607 4157 om.
632 4109 774 4159 Vossianus
804 4117 831 4158 at
885 4109 915 4162 19
925 4106 984 4178 ὀρᾶν
993 4112 1045 4161 del.
1054 4112 1155 4162 Usener
1166 4105 1477 4178 Ηό’ἀκοὴν-19ὀιαόᾤ
1487 4123 1537 4160 orn.

175 4195 204 4243 cf.
225 4196 304 4244 Arist.
324 4211 348 4259 p.
362 4192 471 4247 323t10
491 4190 505 4261 ΙΙ
525 4192 542 4246 5
560 4192 635 4262 μόνον
651 4197 668 4245 i.
682 4212 704 4245 s.
718 4190 830 4246 αἰσθάντ-
882 4214 920 4263 pr.
932 4198 967 4258 Ἐς
985 4199 1085 4248 addin
1098 4215 1161 4262 ταῖς.
1179 4215 1230 4248 sec.
1249 4214 1282 4247 m.
1296 4191 1311 4262 ΙΙ
1325 4191 1403 4246 διαδῶ
1415 4197 1454 4247 sic
1465 4195 1509 4247 ΡΒ
1522 4191 1538 4262 ΙΙ

175 4276 233 4331 σθαι
250 4278 289 4331 διὰ
314 4282 388 4331 τοῦτο
413 4278 500 4347 μόνονι
519 4279 564 4346 μὲν
587 4283 732 4346 corrigebat
749 4285 829 4334 Wim·
882 4281 917 4336 ⁶20
926 4282 1109 4354 ἐμφαινομένην
1119 4277 1536 4350 PF2corr.Wimmcrssrn'›rqv-

174 4385 229 4419 mer
249 4365 262 4433 ΙΙ
283 4365 308 4416 δ’
322 4368 422 4418 addidit
433 4367 579 4432 Stephanus
599 4363 613 4435 ΙΙ
633 4369 648 4420 6
667 4365 831 4437 ἐφελκόμενος
883 4369 925 4422 tit
944 4390 969 4423 v.
983 4370 1015 4424 21
1035 4389 1087 4423 om.
1104 4389 1143 4438 pr.
1162 4373 1193 4434 F,
1211 4372 1271 4422 add.
1289 4372 1316 4421 in
1334 4385 1400 4434 mrg.
1418 4384 1470 4420 sec.
1488 4367 1536 4435 Fi}

174 4455 231 4506 PF:
265 4470 331 4504 corr.
364 4454 507 4506 Schneider
538 4450 553 4521 ΙΙ
582 4453 598 4505 9
627 4458 771 4521 scripserim
802 4454 831 4507 τδ
882 4455 915 4508 21
935 4456 1031 4525 μίγνυσι
1043 4459 1099 4509 PF:
1113 4474 1180 4509 corr.
1193 4461 1318 4511 wimmer
1336 4453 1351 4524 ΙΙ
1371 4453 1405 4508 ti
1418 4452 1539 4525 οόχόράν

176 4539 263 4608 θγρόν,
286 4543 308 4591 si
327 4550 412 4593 cetera
434 4556 499 4592 sana
517 4536 532 4607 ΙΙ
556 4540 572 4592 9
594 4538 684 4606 μόνονι
709 4559 767 4594 nam
788 4547 831 4609 qui
882 4544 940 4594 rm
966 4548 1066 4596 correxi
1085 4541 1099 4610 ΙΙ
1123 4541 1217 4612 ὀμοίιυς
1243 4546 1278 4596 F:
1303 4542 1391 4613 ὁμοίας
1418 4546 1441 4596 Ρ
1470 4539 1485 4610 ΙΙ
1504 4539 1538 4594 is

176 4630 331 4694 praecedunt
357 4645 447 4679 sensus
475 4630 522 4693 ipsi
555 4629 676 4678 iudicium
702 4631 787 4681 ierunt
816 4626 829 4696 il
881 4625 939 4681 οὔτε
969 4634 1024 4687 πῶς
1058 4626 1115 4682 οὔτε
1142 4629 1218 4681 τίνων
1251 4633 1315 4684 ἰστιν
1344 4633 1461 4692 iteravit,
1492 4631 1538 4680 sed

179 4714 210 4764 ll
230 4719 310 4765 ποιῶν
328 4717 459 4777 wimer,
479 4723 506 4766 at
523 4717 554 4765 ci·
575 4716 676 4765 Vahlen
693 4717 727 4766 ad
745 4713 831 4780 poet-²
881 4718 949 4767 idem
977 4719 1073 4768 delevit
1102 4735 1140 4783 pr.
1167 4720 1188 4768 It*
1220 4714 1236 4785 Η
1266 4717 1299 4772 26
1326 4715 1358 4785 ἧς
1386 4718 1444 4769 PF:
1472 4732 1537 4767 corr.

174 4819 199 4867 ρ.
212 4798 264 4852 229
283 4796 298 4867 ΙΙ
319 4798 351 4851 12
369 4799 480 4870 διογίνης
499 4803 523 4852 in
541 4818 604 4866 mrg.
622 4803 697 4852 iterat
709 4804 794 4853 secP
816 4797 831 4868 ΙΙ
882 4803 1024 4855 Schneider
1042 4800 1057 4872 ΙΙ
1077 4803 1110 4858 26
1128 4801 1220 4872 ἥκιστα
1238 4803 1284 4872 γὰρ
1304 4805 1361 4856 PF:
1386 4807 1490 4855 correxi
1506 4805 1536 4855 st

176 4884 209 4937 13
228 4889 399 4953 parenthesim
418 4888 571 4953 significavi.
590 4891 668 4938 utitur
685 4892 831 4940 Aristotelis
882 4908 907 4956 p.
920 4890 981 4952 511,
994 4891 1016 4941 1.
1035 4893 1119 4941 minus
1136 4892 1221 4956 placet
1237 4887 1325 4957 ἥδιστα
