3442 5588
652 339 926 392 rnonssonrnnn
1430 333 1472 398 93

820 510 917 587 cipeto
928 506 1101 568 λσὺααινιιιι
1115 504 1368 583 Empedoclem
1379 502 1470 582 Apri-

818 612 973 690 peotioom
995 611 1048 690 poi
1070 609 1108 669 de
1129 608 1177 667 tis
1199 609 1246 667 ita
1267 607 1388 667 scribit:

149 716 279 800 τέσσαρα
302 717 357 800 γὰρ
378 718 492 778 πάντων
517 714 667 799 ῥιζώματα
689 717 765 795 πρώ-
862 712 988 794 τέσσαρα
1010 712 1046 793 δὴ
1064 709 1176 772 πάντων
1194 709 1343 792 ῥιζώματα
1358 714 1472 791 πρῶτον

606 838 654 877 τον
677 815 766 877 άκουε
1393 808 1472 872 ἔασιν

150 921 225 991 Ζεὺς
257 921 347 1006 ἀργὴς
374 915 452 1002 Ἥρη
474 941 505 980 τε
536 916 686 1002 φερέσβιος
717 915 760 1001 ἠδ’
860 916 933 986 Ζεὺς
966 917 1057 1000 ἀργὴς
1085 912 1163 997 Ἥρη
1187 936 1217 975 τε
1244 911 1394 996 φερέσβιος
1424 911 1467 993 ἥδ’

604 1018 766 1087 Ἀιόιυνεὺς
1312 1012 1473 1084 Ἀιδωνεύς

152 1126 264 1210 Νῆστίς
288 1125 312 1188 θ’
334 1127 354 1209 ἢ
376 1123 509 1208 δακρύοις
530 1121 621 1204 τέγγει
642 1122 766 1205 spolivm·
862 1118 1012 1204 Νῆστῖςθ
1033 1118 1202 1203 ἢδακρὺοις
1217 1140 1249 1199 γε
1264 1121 1375 1200 πικροῖς
1389 1121 1473 1198 νωμᾶ

547 1249 588 1307 μα
608 1222 766 1309 βρότειον.’
1198 1221 1325 1305 βρότειον
1348 1217 1470 1306 [γένος]1

107 1351 175 1412 qno
196 1330 267 1395 inre
290 1327 392 1393 artius
413 1327 497 1393 inter
518 1333 688 1409 utrumque
709 1326 848 1393 indicem
876 1325 1038 1391 vinculum
1059 1323 1261 1388 intercedere
1283 1323 1473 1407 existimem,

107 1440 212 1515 patet
234 1451 310 1497 nam
338 1429 498 1497 consentit
523 1449 589 1494 non
615 1431 720 1495 solum
747 1429 878 1496 Homeri
907 1428 1021 1493 crebra
1047 1425 1261 1508 comparatio,
1289 1425 1346 1490 sed
1376 1426 1473 1490 etiam

106 1535 192 1599 mira
206 1533 473 1618 philosophorum
489 1537 602 1597 contra
616 1539 764 1616 tempora
779 1530 941 1598 successio
957 1529 1094 1612 Hippasi
1112 1549 1184 1592 curn
1200 1527 1374 1612 Heraclito,
1390 1529 1474 1593 Ans·

105 1637 257 1720 ximenis,
272 1635 429 1720 Thaletis,
445 1654 528 1717 qnae
545 1636 776 1700 elementorum
793 1633 905 1698 ordine
920 1631 978 1697 niti
995 1630 1125 1696 videtur
1142 1630 1195 1713 [cf.
1215 1652 1246 1713 p.
1261 1631 1313 1713 et,
1329 1631 1373 1711 41.
1397 1650 1473 1713 ergo

107 1738 136 1802 si
148 1739 361 1806 Heracleonis
375 1737 508 1803 arbitrio
521 1737 548 1801 is
564 1737 643 1802 ordo
655 1737 786 1821 placuit,
802 1756 843 1802 ne
856 1735 908 1800 hic
923 1733 1052 1817 quidem
1068 1733 1243 1816 allegorias
1258 1733 1379 1816 primus
1391 1753 1474 1797 corn·

106 1840 228 1924 posuit.
265 1839 298 1904 id
323 1839 409 1923 quod
432 1840 486 1905 rix
509 1839 678 1922 quisquam
701 1859 722 1903 a
743 1836 953 1922 grammatico
979 1834 1166 1920 postulabit.
1212 1835 1270 1901 sed
1293 1837 1377 1901 ultra
1400 1838 1475 1902 licet

108 1942 278 2027 progredi,
302 1943 329 2007 si
355 1942 483 2025 quidem
507 1943 540 2006 in
563 1942 678 2008 eodem
700 1942 911 2008 fundamento
934 1944 1118 2020 creverunt,
1148 1958 1231 2020 qnae
1252 1937 1316 2002 iam
1337 1959 1378 2004 en
1402 1940 1474 2002 Plu-

106 2044 212 2109 tarchi
226 2043 303 2110 Vita
329 2044 491 2110 conferam
515 2044 635 2109 additis
651 2044 784 2111 Stobaei
806 2041 962 2127 frustulis,
983 2049 1018 2106 ut
1037 2060 1132 2123 quam
1147 2040 1341 2106 instituimus
1356 2042 1474 2124 allego·

110 2148 232 2212 riarum
257 2146 533 2230 comparationem
555 2147 649 2212 simul
673 2148 899 2232 provehamus.

298 2248 419 2314 Stob.l
441 2251 478 2312 10
496 2257 521 2314 2.
539 2263 564 2313 e.
762 2272 768 2281 ·
792 2270 794 2319 ι
950 2247 1036 2312 Plut.
1052 2245 1114 2311 vit.
1132 2244 1224 2309 Hom.
1242 2264 1269 2309 c.
1285 2246 1336 2310 93.

792 2347 794 2393 i
819 2349 977 2434 ἀρξώμεθα
1006 2348 1098 2411 τοίνυν
1127 2348 1185 2409 ἀπὸ
1208 2352 1260 2429 τῆς
1289 2353 1340 2410 τοὺ
1368 2350 1473 2417 παντὸς

791 2418 794 2515 λ
819 2455 914 2539 ἀρχῆς
936 2452 984 2517 καλ
1007 2449 1146 2535 γενέσεως
1173 2451 1208 2532 ἢν
1237 2449 1357 2534 Θαλῆς
1379 2452 1395 2514 ὑ
1420 2449 1473 2513 Μι-

791 2554 794 2643 i
817 2559 917 2641 λήσιος
939 2556 980 2624 εἰς
1002 2555 1055 2637 τὴν
1077 2557 1128 2615 τοῦ
1156 2553 1259 2622 ὑδατος
1284 2553 1384 2616 οὐσίαν
1406 2555 1474 2616 άνα·

791 2654 794 2759 γ
818 2660 909 2743 φέρει.
944 2659 992 2721 καὶ
1017 2656 1198 2736 θεασώμεθα
1220 2655 1246 2716 εἰ
1263 2652 1473 2739 πρώτοςὉμη-

192 2754 350 2840 (Ὁμήρου)
791 2764 794 2855 γ
819 2784 867 2843 ρος
888 2757 966 2823 τοῦθ
995 2758 1137 2843 ὑπέλαβεν
1160 2758 1266 2821 εἰπών·
1362 2768 1364 2770 ’

146 2857 284 2927 Ὠκεανός
316 2857 341 2919 θ’
376 2858 465 2939 ὅσπερ
494 2857 602 2938 γένεσις
630 2859 766 2920 πάντεσσι
791 2860 794 2997 γ
858 2859 991 2930 Ὠκεανός
1022 2859 1046 2923 θ’
1083 2863 1171 2943 ὅσπερ
1200 2859 1307 2941 γένεσις
1338 2863 1472 2925 πάντεσσι

1331 2963 1471 3028 τέτυκται.

820 3066 882 3150 μετ’
910 3068 1018 3131 ἐκεῖνον
1047 3067 1079 3128 et
1106 3065 1308 3149 Ξενοφάνης
1337 3066 1353 3128 ὑ
1382 3063 1473 3128 Κολο-

188 3172 320 3257 Ὁμηρου
819 3173 926 3254 φώνιος
949 3170 1138 3253 ὑφιστάμενος
1165 3168 1215 3236 τὰς
1241 3169 1357 3251 πρώτας
1380 3168 1474 3251 ἀρχὰς

144 3275 277 3361 Ὄμηρος
299 3275 331 3338 δὲ
354 3274 485 3356 σημαίνει
507 3275 560 3357 τὴν
576 3275 710 3337 ἀναλυσιν
726 3274 767 3343 εἰς
819 3271 890 3335 εἶναι
913 3274 946 3334 τὸ
970 3272 1047 3354 ὕδωρ
1070 3270 1117 3332 καὶ
1136 3270 1188 3351 τὴν
1203 3273 1256 3352 γῆν
1272 3267 1350 3331 ἔοικε
1365 3270 1473 3332 σπάσαι

101 3380 145 3442 τὰ
172 3378 326 3462 γεννητικὰ
352 3380 483 3460 στοιχεῖα
509 3380 560 3438 τοῦ
591 3378 695 3444 παντὸς
723 3376 767 3439 λέ·
819 3377 871 3458 τὴν
894 3375 1029 3459 ἀφορμὴν
1051 3373 1157 3454 ταύτην
1181 3372 1213 3434 ἐκ
1235 3377 1293 3433 τών
1308 3369 1473 3455 Ὁμηρικῶν

692 3497 766 3561 γων·
791 3475 794 3567 Ι
818 3478 946 3541 τούτων·

151 3581 216 3646 ἀλλ’
240 3582 322 3664 ὑμεῖς
345 3581 397 3663 μὲν
419 3581 523 3647 πάντες
543 3579 620 3664 ὕδωρ
636 3581 684 3644 καὶ
699 3586 766 3664 γαῖα
862 3579 921 3644 ἀλλ’
951 3580 1033 3660 ὑμεῖς
1056 3578 1107 3659 μὲν
1130 3578 1234 3645 πάντες
1250 3576 1327 3660 ὕδωρ
1342 3577 1391 3639 καλ
1406 3581 1474 3659 γαῖα

623 3684 765 3765 γένοισθε.
1343 3679 1474 3759 γένοισθε

624 2959 766 3022 τέτυκται.

428 3815 514 3823 ..ο-ι..-

184 3891 192 3922 ¹
213 3908 301 3943 versus
320 3894 432 3956 compti
451 3907 508 3940 cnm
528 3893 554 3939 in
573 3890 704 3940 codicibus
723 3892 774 3941 VP
798 3891 882 3940 desint
900 3889 1007 3952 Egnatii
1030 3889 1087 3937 sola
1104 3888 1159 3936 aive
1177 3887 1227 3935 tide
1252 3889 1306 3936 sive
1326 3890 1475 3938 coniectura

104 3984 235 4031 nituntur.
262 3995 328 4043 qnae
348 3986 468 4029 secuntur
486 3993 564 4042 supra
583 3995 606 4042 p.
621 3976 655 4028 90
668 3979 782 4028 exhibui.
811 3979 837 4027 in
851 3971 974 4043 Νέγστιὺος
987 3976 1197 4038 interpretatione
1217 3971 1259 4034 [ci.
1272 3989 1350 4038 supra
1369 3992 1392 4038 p.
1404 3973 1474 4035 sot

104 4070 140 4117 ab
159 4066 219 4130 ἱππ]
238 4067 292 4116 noli
315 4067 437 4116 scribere:
467 4081 535 4115 nam
560 4064 700 4116 creditur
723 4081 767 4115 ea.
806 4067 911 4114 vertitur
930 4065 998 4112 enirn
1017 4077 1137 4126 graecum
1155 4061 1229 4109 τοῦτο
1248 4077 1282 4110 sc.
1302 4057 1378 4128 ὕδωρ.
1407 4078 1474 4125 qrrae

105 4160 133 4205 in
153 4155 245 4206 Probo
263 4163 385 4204 secuntur
402 4155 434 4203 de
454 4155 594 4203 Aristotele
613 4161 639 4202 et
656 4157 817 4217 Anaxagora
837 4168 860 4216 p.
878 4149 917 4211 13,
936 4150 1014 4212 lsqq.
1033 4150 1187 4212 discrepant.

180 4238 327 4304 ²sequitur
344 4244 371 4290 in
389 4241 469 4292 Sexto
488 4238 568 4303 §316
588 4240 671 4292 Ocelli
693 4241 792 4290 Luceni
816 4248 842 4289 et
864 4239 1012 4287 Aristotelis
1035 4235 1199 4300 Empedoclis
1223 4237 1397 4298 Anaxagorae
1421 4236 1475 4296 De·

105 4329 209 4380 mocriti
233 4329 340 4394 Epicuri
363 4329 508 4378 Heraclidis
533 4328 694 4391 Asclepiadis
717 4328 812 4392 placita
841 4341 907 4389 qnae
932 4342 963 4375 ex
988 4325 1079 4374 eodem
1107 4323 1171 4372 libro
1200 4322 1268 4370 unde
1291 4322 1382 4386 Pyrrh.
1408 4323 1474 4386 Hyp.

106 4415 198 4468 11139
222 4416 282 4466 ede.
301 4415 422 4465 metirent.
440 4416 481 4464 tx
499 4411 552 4467 360
574 4417 653 4478 petite
675 4424 743 4464 sunt.
775 4415 918 4478 singularia
941 4419 1000 4462 sunt
1024 4411 1199 4475 Empedoclea
1223 4406 1302 4470 §317
1327 4406 1356 4458 ὲκ
1379 4405 1405 4458 δὲ
1423 4412 1476 4458 τών

104 4501 131 4562 ἒξ
155 4501 204 4570 τὴν
227 4503 329 4553 πάντων
351 4495 472 4551 ὑπέθεντο
495 4499 586 4567 γένεσιν
609 4499 631 4551 oi
659 4501 714 4569 περὶ
736 4497 779 4550 τὸν
801 4493 1022 4566 Ἐμπεδοκλέα.
1053 4496 1079 4548 ἐν
1098 4494 1133 4554 οἶς
1151 4495 1196 4563 μὲν
1215 4494 1260 4562 γὰρ
1278 4492 1343 4562 λέγει
1358 4491 1476 4564 ιτέσσαρα

105 4594 160 4640 τῶν
178 4589 282 4640 πάντων
299 4584 452 4656 βιζώματά,
476 4585 505 4637 ts
523 4588 649 4656 τεσσέρων
673 4591 737 4639 ποιεῖ
758 4585 804 4654 τὴν
823 4586 928 4653 γένεσιν,
951 4581 1010 4635 ὅταν
1033 4583 1058 4635 ὑλ
1077 4579 1176 4653 προσθῇ
1192 4579 1283 4639 ινεῖκος
1300 4578 1321 4632 τ’
1343 4579 1476 4648 οὐλόμενον

106 4704 139 4713 -
155 4674 197 4744 ἴση
211 4674 295 4744 μῆκός
307 4694 335 4728 τε
346 4673 439 4733 πλάτος
453 4671 485 4726 τά
510 4672 536 4734 ii
549 4672 701 4743 παραδίδωσι
714 4673 758 4731 τὰς
777 4678 829 4724 τών
848 4672 927 4725 ὄντων
946 4672 1033 4741 ἀρχάς,
1052 4671 1172 4740 τέσσαρας
1191 4670 1236 4738 μὲν
1254 4669 1298 4726 τὰς
1317 4667 1412 4731 ὑλικάς,
1430 4672 1477 4738 γῆν

104 4759 176 4831 ὑθιυρ
194 4761 257 4831 ἀέρα
276 4766 335 4833 πῦρ,
353 4760 397 4814 tte
415 4761 441 4814 il
459 4761 503 4818 τὰς
522 4758 682 4830 δραστηρίους
704 4760 786 4829 φιλίαν
804 4761 848 4811 καὶ
866 4764 956 4816 νεῖκος.
994 4761 1057 4808 haee
1076 4759 1248 4821 Theophrasti
1268 4758 1391 4821 Opinion.
1410 4759 1440 4807 fr.
1460 4757 1475 4806 3

104 4862 159 4900 tam
179 4859 240 4900 sont
262 4850 371 4911 similia,
395 4859 422 4898 nt
447 4852 520 4912 origo
545 4850 623 4899 latere
647 4851 718 4898 nullo
747 4850 825 4899 modo
851 4851 939 4914 possit.
976 4847 1007 4895 de
1033 4848 1123 4895 ceteris
1145 4847 1212 4895 inira
1236 4846 1329 4895 Geloni
1353 4846 1475 4893 historiae

104 4940 257 5003 praelatum
276 4938 414 4986 dicendum
432 4939 489 4986 erit.
