3442 5588
185 346 249 411 592
446 346 635 398 EPIPHANII
654 345 808 398 ADVERS.
828 344 980 397 utltmts.
1000 344 1111 405 1112‚9
1129 347 1181 406 (111
1192 345 1286 406 stt-te)

271 518 310 581 37
353 515 529 599 Διογένης
551 517 567 579 ό
590 515 704 584 κυνικός
726 515 786 577 ἀπό
807 513 943 598 Σινώπης
963 519 1016 599 τῆς
1038 513 1113 578 κατὰ
1135 512 1184 575 τὸν
1201 510 1311 575 Πόντον
1326 510 1442 580 πόλεως
1465 511 1502 572 τὰ

185 617 280 679 πάντα
298 614 472 680 Ἀντισθένει
495 623 593 700 συνήν.
637 617 731 704 ἔφησε
752 617 784 679 τό
808 617 919 699 ἀγαθόν
941 616 1047 679 οἰκεῖον
1070 615 1153 678 παντὶ
1184 617 1269 698 σοφῷ
1293 611 1382 688 εἶναι,
1409 613 1447 676 τὰ
1469 609 1498 674 δ’

185 718 260 782 ἄλλα
282 721 375 782 πάντα
397 718 480 783 οὐδὲν
503 720 522 802 ή
546 720 686 804 φλυαρίας
709 721 860 805 ὑπάρχειν.

270 823 312 886 28
357 818 496 906 Κράτης
518 824 576 886 ἀπό
600 821 707 907 Θηβῶν
730 826 789 884 τῶν
813 820 982 886 Βοιωτικιὺν
1005 821 1052 884 καὶ
1075 819 1162 889 αὑτὸς
1181 819 1295 888 κυνικὸς
1311 815 1408 900 ἔλεγεν
1422 817 1502 880 ἐλαι·

185 922 285 1008 θερίας
307 922 379 986 εἶναι
401 925 454 1007 τήν
476 924 691 1008 ἀκτημοσὺνην.
1520 946 1533 981 s

149 1054 166 1090 ο
271 1028 313 1090 39
353 1023 583 1108 Ἀρκεσίλαος
610 1023 720 1110 ἔφασκε
747 1027 791 1111 τῳ
818 1026 881 1110 θεῷ
904 1026 1021 1110 ἐφικτόν
1048 1023 1120 1087 εἶναι
1151 1023 1232 1107 μόνῳ
1254 1023 1288 1086 τὸ
1310 1020 1433 1104 ἀληθές,
1455 1020 1500 1082 ἀν·

186 1127 300 1210 θρώπῳ
323 1127 355 1189 δὲ
377 1124 422 1189 οὔ.

271 1231 313 1294 30
358 1224 567 1313 Καρνεάδης
589 1231 625 1293 τὰ
647 1231 722 1295 αὐτὰ
743 1232 788 1317 τῷ
806 1229 984 1315 Ἀρκεσιλάῳ
1006 1228 1150 1299 ἐδόξασεν.

271 1332 311 1395 31
350 1327 598 1415 Ἀριστοτέλης
627 1336 644 1397 ό
676 1332 850 1418 Νικομάχου
879 1332 954 1396 κατὰ
984 1332 1036 1414 μέν
1065 1356 1142 1402 τινας
1172 1329 1318 1395 Μακεδὼν
1345 1331 1405 1395 άπὸ
1428 1328 1498 1391 Στα-

185 1433 299 1518 γείρων,
322 1432 416 1502 ὡςδὲ
438 1430 508 1496 ἔνιοι
531 1432 610 1519 Θρήιξ
631 1435 667 1520 ήν
688 1438 722 1498 τό
743 1436 833 1520 γένος.
877 1433 959 1518 ἔλεγε
981 1435 1014 1498 δὲ
1040 1435 1092 1499 δὺο
1118 1434 1213 1520 ἀρχὰς
1234 1432 1323 1511 εἶναι,
1350 1433 1420 1495 θεόν
1447 1432 1495 1495 καὶ
1515 1458 1538 1495 ιο

187 1536 273 1620 ὑλην,
295 1537 344 1600 καὶ
366 1536 402 1598 τὰ
430 1537 482 1618 μὲν
510 1538 644 1621 ὑπεράνω
667 1544 720 1623 τῆς
741 1541 866 1623 σελήνης
888 1539 971 1608 θείας
993 1539 1127 1621 προνοίας
1148 1537 1313 1621 τυγχάνειν,
1340 1535 1425 1599 τὰδὲ
1451 1536 1500 1597 κά-

186 1638 280 1702 τωθεν
310 1643 362 1721 τῆς
392 1639 516 1722 σελήνης
545 1640 712 1723 ἀπρονόητα
739 1642 880 1727 ὑπάρχειν
906 1642 954 1705 καλ
983 1641 1061 1726 φορᾷ
1088 1661 1142 1701 τινι
1168 1638 1267 1721 ἀλόγῳ
1294 1637 1436 1721 φέρεσθαι
1458 1640 1501 1704 ὡς

2 1768 164 1821 erescere.
185 1738 298 1826 ἔτυχεν.
330 1739 403 1803 εἶναι
419 1741 452 1803 δὲ
466 1741 541 1823 λέγει
564 1742 615 1806 δὺο
639 1743 765 1826 κόσμους
784 1745 789 1826 Ι
808 1745 857 1807 τὸν
879 1742 941 1807 ἄνω
964 1743 1011 1806 καὶ
1034 1741 1084 1804 τδν
1106 1742 1197 1816 κάτω,
1220 1741 1268 1803 καὶ
1291 1742 1339 1802 τόν
1363 1741 1415 1821 μὲν
1437 1737 1500 1801 άνω

186 1844 347 1928 ἄφθαρτον,
368 1842 417 1904 τὸν
440 1845 472 1906 δὲ
494 1845 574 1906 κάτω
597 1845 736 1930 φθαρτόν.
781 1847 829 1909 καὶ
851 1847 903 1930 τήν
925 1846 1023 1931 ψυχὴν
1045 1843 1225 1928 ἐνδελέχειαν
1240 1845 1376 1925 σώματος
1390 1840 1478 1923 λέγει.

271 1948 312 2012 33
356 1943 581 2028 Θεόφραστος
600 1944 726 2030 Ἐρέσιος
747 1934 784 2010 τό
805 1948 880 2012 αὐτὰ
899 1946 1088 2032 Ἀριστοτέλει
1110 1945 1240 2014 ἐδόξατε.
1519 1967 1539 2005 rs

270 2049 310 2112 33
353 2047 518 2130 Στράτων
542 2050 576 2111 ἐκ
607 2051 769 2134 Λαμψάκου
790 2051 843 2134 τὴν
867 2051 980 2135 θερμήν
1010 2049 1110 2113 οὐσίαν
1136 2045 1232 2130 ἔλεγεν
1258 2047 1351 2110 αἰτίαν
1377 2047 1494 2108 πάντων

187 2151 337 2235 ὑπάρχειν.
382 2149 487 2235 ἄπειρα
510 2152 543 2214 δὲ
564 2149 660 2234 ἔλεγεν
687 2152 817 2218 εἶναιτὰ
844 2153 918 2239 μέρη
944 2157 995 2217 τοὺ
1022 2151 1134 2233 κόσμου
1161 2150 1209 2214 καὶ
1236 2153 1292 2212 πᾶν
1317 2153 1394 2233 ξῷον
1416 2145 1500 2227 ἔλεγε

186 2258 236 2316 νοὺ
259 2253 389 2316 δεκτικὸν
411 2252 493 2316 εἶναι.

271 2356 312 2420 34
356 2353 586 2439 Πραξιφάνης
604 2353 719 2427 Ῥόδιος
740 2359 776 2421 τὰ
799 2358 873 2422 αὑτά
894 2359 938 2443 τῷ
960 2357 1140 2444 Θεοφράστῳ
1163 2356 1290 2425 ἐδόξατε

150 2487 166 2521 s
271 2458 310 2521 35
355 2453 558 2540 Κριτόλαος
581 2461 598 2522 ό
621 2459 790 2544 Φασηλίτης
811 2461 847 2524 τὰ
869 2460 944 2525 αὑτὰ
965 2463 1009 2546 τιγῑ
1028 2458 1216 2546 Ἀριστοτέλει
1238 2455 1367 2525 ἐδόξατε.
1515 2477 1540 2514 ου

270 2562 311 2624 30
354 2557 481 2642 Ζήνων
511 2562 527 2624 ό
551 2558 666 2632 Κιτιεὺς
688 2566 704 2627 ό
727 2563 857 2633 Στωικὸς
884 2560 942 2648 ἐφη
970 2564 1011 2646 μὴ
1038 2565 1097 2625 δεῖν
1123 2561 1204 2630 θεοῖς
1232 2559 1396 2639 οἰκοδομεῖν
1423 2555 1498 2638 ἱερά,

186 2659 251 2725 ἀλλ’
279 2659 358 2746 ἔχειν
380 2663 414 2724 τδ
437 2663 517 2724 θεῖον
539 2663 569 2726 ἐν
592 2664 674 2749 μόνῳ
695 2672 739 2750 τῷ
762 2671 816 2750 νῷ,
840 2668 950 2749 μᾶλλον
966 2665 999 2727 δέ
1013 2663 1083 2727 θεὸν
1098 2663 1233 2747 ήγεῖσθαι
1248 2662 1297 2724 τδν
1319 2663 1396 2722 νοῦν.
1434 2654 1495 2719 ἔστι

185 2763 240 2846 γὰρ
261 2762 417 2833 ἀθάνατος.
450 2765 517 2833 τοὺς
544 2767 577 2828 δέ
604 2769 798 2837 τελευτῶντας
825 2767 912 2853 ζῴοις
938 2767 1132 2851 παραβαλλειν
1160 2769 1265 2850 χρῆναι
1293 2761 1415 2845 ἢπυρί.
1448 2760 1497 2822 καὶ

185 2870 245 2935 τοῖς
268 2867 411 2935 παιδικοῖς
433 2867 564 2950 χρῆσθαι
587 2870 755 2940 άκωλότως.
799 2867 881 2953 ἔλεγε
903 2871 936 2934 δὲ
958 2871 1052 2933 πάντα
1074 2871 1183 2953 διήκειν
1205 2867 1238 2930 τὸ
1262 2864 1353 2927 θεῖον.
1389 2863 1442 2931 τὰς
1464 2862 1497 2924 δὲ

185 2968 278 3037 αἰτίας
301 2969 359 3030 τοῖν
382 2971 558 3052 πραγμάτων
581 2972 626 3053 πή
648 2971 700 3054 μὲν
723 2970 764 3056 ἐφ’
792 2974 873 3056 ήμῖν,
894 2974 939 3056 πῇ
961 2972 993 3036 δὲ
1016 2971 1070 3035 οὑκ
1093 2968 1134 3056 ἐφ’
1162 2973 1250 3054 ἡμῖν,
1271 2964 1345 3030 τοῦτ’
1373 2963 1435 3028 ἔστι
1462 2965 1498 3026 τὰ
1517 2992 1543 3028 ιτ

187 3072 239 3152 μὲν
261 3077 321 3133 τῶν
343 3073 519 3154 πραγμάτων
542 3070 584 3158 ἐφ’
603 3069 697 3158 ἡμῖν,
726 3075 763 3138 τὰ
790 3076 823 3139 δὲ
845 3075 899 3139 οὐκ
921 3072 962 3158 ἐφ’
991 3075 1071 3156 ήμῖν.
1115 3070 1196 3155 ἔλεγε
1218 3072 1250 3135 δὲ
1272 3070 1321 3133 καὶ
1344 3069 1418 3151 μετὰ
1441 3091 1500 3154 χω

155 3175 292 3258 ορισμὺν
313 3177 365 3236 τοὺ
388 3177 524 3256 σώματος
565 3173 586 3215 *
629 3174 649 3216 *
691 3176 712 3217 *
754 3179 802 3241 καί
834 3179 931 3241 ἐκάλει
957 3177 1009 3259 τὴν
1038 3175 1136 3259 ψυχὴν
1162 3173 1353 3259 πολυχρόνιον
1375 3175 1501 3252 πνεῦμα,

187 3275 222 3339 οὑ
246 3276 303 3358 μὴν
325 3277 358 3339 δέ
379 3276 530 3360 άφθαρτον
553 3274 589 3339 δι’
627 3278 696 3341 όλου
724 3276 820 3362 ἔλεγεν
842 3279 933 3362 αὑτὴν
956 3277 1037 3341 εἶναι.
1072 3277 1266 3341 ἐκδαπανοῖται
1288 3275 1343 3357 γάρ
1366 3274 1423 3336 ὑπὸ
1444 3277 1497 3335 τοῦ

188 3380 298 3441 πολλοῦ
322 3378 429 3462 χρόνου
452 3379 494 3447 είς
515 3380 548 3442 τό
570 3379 688 3464 ἀφανές,
711 3381 752 3449 ιὺς
773 3402 856 3465 φησι.

274 3484 312 3546 37
357 3478 546 3564 Κλεάνθης
571 3482 606 3544 τό
632 3482 744 3564 άγαθὸν
772 3483 820 3545 καὶ
846 3484 935 3547 κοιλδν
963 3483 1039 3565 λέγει
1067 3480 1139 3544 εἶναι
1168 3480 1219 3549 τὰς
1246 3480 1357 3562 ἡδονὰς
1379 3479 1428 3541 καὶ
1450 3477 1498 3540 ἄν·
1517 3504 1541 3540 ω

187 3583 306 3667 θρωπον
322 3584 418 3647 ἐκάλει
436 3584 526 3667 μόνην
547 3583 600 3666 τήν
622 3584 721 3668 ψυχήν
745 3584 794 3647 καὶ
815 3587 882 3656 τοὺς
897 3586 984 3654 θεοὺς
1000 3582 1124 3666 μυστικά
1146 3584 1285 3667 σχήματα
1308 3578 1403 3662 ἔλεγεν
1426 3580 1499 3643 εἶναι

187 3686 235 3749 καὶ
264 3687 380 3769 κλήσεις
408 3687 487 3771 ἱερὰς
517 3685 565 3748 καὶ
587 3686 733 3771 δᾳδοῦχον
754 3685 881 3772 ἔφασκεν
903 3688 975 3752 εἶναι
997 3690 1046 3750 τόν
1068 3688 1151 3770 ήλιον
1173 3685 1221 3748 καὶ
1243 3685 1293 3746 τὸν
1315 3683 1425 3766 κόσμον
1449 3682 1499 3763 μό-

188 3809 257 3858 στας
279 3790 327 3851 καὶ
349 3789 416 3858 τοὺς
438 3788 583 3874 κατόχους
604 3790 663 3851 τιὺν
685 3789 774 3853 θείων
796 3793 913 3862 τελετὰς
934 3789 1024 3874 ἔλεγε.

273 3892 314 3956 38
359 3890 544 3974 Περσαῖος
565 3893 602 3955 τὰ
623 3892 699 3956 αὑτὰ
720 3891 834 3977 Ζήνωνι
857 3895 1035 3978 ἐδογμάτισε.

186 4081 202 4134 3
227 4079 308 4133 οἰστόν
330 4082 401 4133 libri:
429 4097 495 4133 corr.
520 4082 667 4135 Zeiler11⁸
690 4082 760 4137 257⁵
784 4083 799 4152 ΙΙ
824 4087 841 4135 t
893 4101 919 4149 ρ.
932 4081 984 4135 383
1004 4077 1018 4148 ΙΙ
1037 4079 1070 4133 37
1089 4084 1219 4135 intercidit
1240 4081 1295 4133 τινὰ
1317 4078 1406 4150 χρόνον
1428 4078 1548 4148 διαμένειν

187 4165 328 4238 ἐλευθερίαν
338 4171 464 4220 susdebst
478 4172 512 4220 Α.
522 4171 589 4221 lehn
605 4167 619 4238 ΙΙ
632 4172 647 4224 6
661 4169 735 4238 μόνον
750 4175 841 4239 vulgo:
894 4169 941 4239 τὴν
959 4167 1053 4239 ψυχήν,
1071 4172 1188 4221 similiter
1207 4172 1242 4221 A.
1261 4170 1327 4222 lehn
1347 4166 1360 4235 ΙΙ
1381 4167 1415 4221 33
1435 4171 1549 4220 voluitne

188 4259 291 4310 correxi
316 4253 329 4322 ΙΙ
354 4256 370 4309 9
398 4273 455 4307 cum
482 4260 623 4309 Aristotele
652 4262 683 4309 ci.
708 4278 733 4326 ρ.
747 4258 842 4323 5833
894 4255 1044 4326 τδάχανίςῖ
1064 4251 1080 4326 ΙΙ
1099 4256 1131 4309 31
1152 4258 1258 4308 Lobeck
1277 4258 1450 4322 Aglaophem.
1470 4275 1495 4323 p.
1508 4254 1550 4310 63.

188 4343 247 4408 588,
260 4341 295 4396 30
310 4339 323 4411 ΙΙ
341 4341 372 4395 15
388 4337 498 4410 Ἐφέσιος
511 4345 580 4395 libri:
600 4362 664 4396 corr.
679 4348 814 4412 Μουσείου
827 4345 841 4413 ΙΙ
898 4343 947 4397 130
959 4343 1001 4409 [ο]
1020 4347 1131 4396 coniecit
1148 4341 1243 4411 κόσμον
1261 4341 1418 4412 τελεστήριον
1430 4343 1475 4395 καὶ
1492 4344 1549 4401 τοὺς

190 4432 223 4485 16
234 4428 378 4502 effecisti:
392 4430 551 4499 στρατωνίων
567 4433 606 4483 cd·
616 4433 710 4484 Βοοίλι
724 4428 842 4502 Στράτων
894 4430 1019 4500 κατόχους
1042 4435 1095 4483 τῶν
1118 4427 1194 4482 θείων
1218 4428 1324 4499 μὺστας,
1348 4435 1382 4482 Α.
1401 4433 1468 4482 Ishn
1492 4429 1549 4481 κόσ-

187 4515 224 4571 ὢν
236 4522 314 4586 vulgo
327 4522 373 4572 scd
387 4520 417 4571 ci.
432 4519 447 4583 δ
460 4519 500 4571 18.
511 4516 554 4572 38.
567 4521 599 4570 de
611 4521 712 4586 placitis
725 4522 756 4573 ci.
770 4523 841 4573 Prol.
894 4536 941 4586 μον
968 4517 1033 4588 ἱερόν
1062 4518 1106 4570 καλ
1134 4517 1192 4575 τοὺς
1215 4514 1364 4587 ἀνθρώπους
1387 4514 1481 4585 μὺστας
1506 4518 1550 4569 καὶ

186 4625 211 4673 ρ.
228 4607 276 4658 177
298 4602 311 4673 ΙΙ
333 4606 366 4658 17
384 4609 467 4673 poesie
485 4606 516 4657 τό
535 4602 629 4674 μεγέθη
648 4609 695 4658 sed
713 4611 744 4659 cf.
758 4610 842 4660 Zellsr
893 4604 951 4663 τοὺς
969 4604 1093 4675 κατόχους
1111 4610 1164 4657 τῶν
1182 4601 1258 4657 θείων
1275 4603 1403 4662 τελεστόςι
1423 4606 1486 4656 mihi
1505 4624 1550 4672 μυ·

186 4695 214 4744 11
232 4691 271 4745 3ι
289 4691 363 4746 914⁸
391 4690 405 4758 Ιί
433 4690 514 4761 ἔλεγεν
549 4689 579 4744 οὐ
607 4691 721 4746 δεκτικόν
749 4697 839 4760 vulgo:
892 4693 991 4763 στήριον
1017 4702 1043 4744 et
1065 4690 1181 4750 τελευτὰς
1208 4695 1337 4757 rescriptis
1367 4702 1453 4744 cetere
1481 4702 1550 4742 etere

187 4784 299 4832 correxit
322 4782 412 4832 Zeller.
441 4781 489 4831 cim
514 4781 641 4846 ορίειαειάί
663 4781 759 4832 habere
782 4798 839 4833 ver·
892 4783 1012 4833 ridentur
1030 4783 1062 4832 ci.
1075 4783 1127 4832 Dic
1141 4779 1272 4846 chrysost
1287 4782 1342 4830 ΧΙΙ
1361 4798 1386 4845 ρ.
1399 4777 1451 4832 387
1462 4780 1550 4830 Reiek.

186 4868 265 4918 tendo
293 4871 437 4932 praeiverat
463 4868 604 4919 Cornsrins
638 4867 652 4935 ΙΙ
685 4868 720 4921 tt
747 4866 841 4936 διήκειν
891 4871 960 4920 Plut
980 4870 1011 4919 de
1035 4881 1137 4933 tranqu.
1149 4866 1184 4920 30
1202 4886 1227 4933 ρ.
1240 4867 1333 4918 iiico
1356 4863 1368 4932 0
1389 4863 1423 4916 34
1444 4860 1551 4934 Περσεὺς

186 4955 393 5019 Rbedigerarrus:
427 4958 505 5021 vulgo
538 4953 638 5009 διοικεῖν
671 4958 703 5008 cf.
731 4957 840 5008 Krische
892 4957 950 5007 iibri
