<?xml version="1.0" encoding="UTF-8"?>
<!DOCTYPE html PUBLIC "-//W3C//DTD XHTML 1.0 Transitional//EN"
    "http://www.w3.org/TR/xhtml1/DTD/xhtml1-transitional.dtd">
<html xmlns="http://www.w3.org/1999/xhtml" xml:lang="en" lang="en">
 <head>
  <title>
</title>
<meta http-equiv="Content-Type" content="text/html;charset=utf-8" />
  <meta name='ocr-system' content='tesseract 3.04.00' />
  <meta name='ocr-capabilities' content='ocr_page ocr_carea ocr_par ocr_line ocrx_word'/>
</head>
<body>
  <div class='ocr_page' id='page_1' title='image "./doxographigraec00dielgoog/doxographigraec00dielgoog_0480.png"; bbox 0 0 3442 5588; ppageno 0'>
   <div class='ocr_carea' id='block_1_1' title="bbox 499 365 1539 433">
    <p class='ocr_par' dir='ltr' id='par_1_1' title="bbox 499 365 1539 433">
     <span class='ocr_line' id='line_1_1' title="bbox 499 365 1539 433; baseline 0.005 -14"><span class='ocrx_word' id='word_1_1' title='bbox 499 370 577 421; x_wconf 72' lang='lat' dir='ltr'><strong>Anu</strong></span> <span class='ocrx_word' id='word_1_2' title='bbox 595 369 732 420; x_wconf 83' lang='lat' dir='ltr'>DIDYMI</span> <span class='ocrx_word' id='word_1_3' title='bbox 749 368 935 422; x_wconf 79' lang='lat' dir='ltr'>EPITOMES</span> <span class='ocrx_word' id='word_1_4' title='bbox 953 368 1006 420; x_wconf 64' lang='lat'>1³11.</span> <span class='ocrx_word' id='word_1_5' title='bbox 1025 368 1127 421; x_wconf 86' lang='lat' dir='ltr'>PHYS.</span> <span class='ocrx_word' id='word_1_6' title='bbox 1140 365 1184 420; x_wconf 75' lang='lat'><strong>25.</strong></span> <span class='ocrx_word' id='word_1_7' title='bbox 1196 366 1230 423; x_wconf 80' lang='lat'><strong>26</strong></span> <span class='ocrx_word' id='word_1_8' title='bbox 1478 368 1539 433; x_wconf 82' lang='lat'><strong>461</strong></span> 
     </span>
    </p>
   </div>
   <div class='ocr_carea' id='block_1_2' title="bbox 177 536 1542 828">
    <p class='ocr_par' dir='ltr' id='par_1_2' title="bbox 177 536 1542 828">
     <span class='ocr_line' id='line_1_2' title="bbox 177 536 1542 624; baseline -0.001 -21"><span class='ocrx_word' id='word_1_9' title='bbox 177 540 212 603; x_wconf 87' lang='grc' dir='ltr'><strong>τδ</strong></span> <span class='ocrx_word' id='word_1_10' title='bbox 235 539 326 623; x_wconf 74' lang='grc' dir='ltr'><strong>μηδὲν</strong></span> <span class='ocrx_word' id='word_1_11' title='bbox 353 536 437 602; x_wconf 72' lang='grc' dir='ltr'><strong>οὐδέν</strong></span> <span class='ocrx_word' id='word_1_12' title='bbox 464 537 524 601; x_wconf 89' lang='grc' dir='ltr'><strong>ἐστι</strong></span> <span class='ocrx_word' id='word_1_13' title='bbox 547 539 652 624; x_wconf 81' lang='grc' dir='ltr'>πέρας,</span> <span class='ocrx_word' id='word_1_14' title='bbox 679 538 772 608; x_wconf 75' lang='grc' dir='ltr'><strong>οὕτως</strong></span> <span class='ocrx_word' id='word_1_15' title='bbox 794 538 863 601; x_wconf 76' lang='grc' dir='ltr'><strong>οὐδὲ</strong></span> <span class='ocrx_word' id='word_1_16' title='bbox 884 541 936 601; x_wconf 78' lang='grc' dir='ltr'><strong>τοῦ</strong></span> <span class='ocrx_word' id='word_1_17' title='bbox 959 536 1092 620; x_wconf 86' lang='grc' dir='ltr'><strong>μηδενός,</strong></span> <span class='ocrx_word' id='word_1_18' title='bbox 1115 536 1176 600; x_wconf 82' lang='grc' dir='ltr'><strong>οίόν</strong></span> <span class='ocrx_word' id='word_1_19' title='bbox 1198 537 1259 600; x_wconf 89' lang='grc' dir='ltr'><strong>ἐστι</strong></span> <span class='ocrx_word' id='word_1_20' title='bbox 1281 537 1315 599; x_wconf 88' lang='grc' dir='ltr'><strong>τδ</strong></span> <span class='ocrx_word' id='word_1_21' title='bbox 1337 537 1431 602; x_wconf 91' lang='grc' dir='ltr'><strong>κενόν.</strong></span> <span class='ocrx_word' id='word_1_22' title='bbox 1467 538 1542 602; x_wconf 81' lang='grc' dir='ltr'><strong>κατὰ</strong></span> 
     </span>
     <span class='ocr_line' id='line_1_3' title="bbox 177 636 1542 726; baseline -0.001 -21"><span class='ocrx_word' id='word_1_23' title='bbox 177 641 232 726; x_wconf 80' lang='grc' dir='ltr'><strong>γὰρ</strong></span> <span class='ocrx_word' id='word_1_24' title='bbox 254 640 307 725; x_wconf 78' lang='grc' dir='ltr'><strong>τὴν</strong></span> <span class='ocrx_word' id='word_1_25' title='bbox 329 642 419 704; x_wconf 78' lang='grc' dir='ltr'><strong>αὑτοῦ</strong></span> <span class='ocrx_word' id='word_1_26' title='bbox 443 641 600 705; x_wconf 79' lang='grc' dir='ltr'>ὑπόστασιν</span> <span class='ocrx_word' id='word_1_27' title='bbox 629 640 747 724; x_wconf 87' lang='grc' dir='ltr'><strong>ἀπειρόν</strong></span> <span class='ocrx_word' id='word_1_28' title='bbox 773 640 850 718; x_wconf 89' lang='grc' dir='ltr'><strong>ἐστι,</strong></span> <span class='ocrx_word' id='word_1_29' title='bbox 877 644 1051 724; x_wconf 82' lang='grc' dir='ltr'>περατοῦται</span> <span class='ocrx_word' id='word_1_30' title='bbox 1073 636 1099 702; x_wconf 87' lang='grc' dir='ltr'><strong>δ’</strong></span> <span class='ocrx_word' id='word_1_31' title='bbox 1127 636 1164 703; x_wconf 86' lang='grc' dir='ltr'><strong>αό</strong></span> <span class='ocrx_word' id='word_1_32' title='bbox 1187 643 1273 702; x_wconf 84' lang='grc' dir='ltr'><strong>τοῦτο</strong></span> <span class='ocrx_word' id='word_1_33' title='bbox 1295 638 1542 724; x_wconf 86' lang='grc' dir='ltr'><strong>ἐκπληροόμενον·</strong></span> 
     </span>
     <span class='ocr_line' id='line_1_4' title="bbox 179 739 1184 828; baseline -0.006 -22"><span class='ocrx_word' id='word_1_34' title='bbox 179 747 230 807; x_wconf 80' lang='grc' dir='ltr'><strong>τοῦ</strong></span> <span class='ocrx_word' id='word_1_35' title='bbox 254 744 287 806; x_wconf 89' lang='grc' dir='ltr'><strong>δέ</strong></span> <span class='ocrx_word' id='word_1_36' title='bbox 307 747 486 828; x_wconf 85' lang='grc' dir='ltr'><strong>πληροδντος</strong></span> <span class='ocrx_word' id='word_1_37' title='bbox 510 742 650 826; x_wconf 80' lang='grc' dir='ltr'><strong>ἀρθέντος</strong></span> <span class='ocrx_word' id='word_1_38' title='bbox 672 743 725 807; x_wconf 86' lang='grc' dir='ltr'><strong>οὐκ</strong></span> <span class='ocrx_word' id='word_1_39' title='bbox 748 739 825 806; x_wconf 87' lang='grc' dir='ltr'><strong>ἐστιν</strong></span> <span class='ocrx_word' id='word_1_40' title='bbox 846 741 936 806; x_wconf 80' lang='grc' dir='ltr'><strong>αὐτοῦ</strong></span> <span class='ocrx_word' id='word_1_41' title='bbox 959 745 1062 826; x_wconf 78' lang='grc' dir='ltr'><strong>νοῆσαι</strong></span> <span class='ocrx_word' id='word_1_42' title='bbox 1084 741 1184 825; x_wconf 88' lang='grc' dir='ltr'><strong>πέρας.</strong></span> 
     </span>
    </p>
   </div>
   <div class='ocr_carea' id='block_1_3' title="bbox 240 1031 881 1203">
    <p class='ocr_par' dir='ltr' id='par_1_3' title="bbox 240 1031 881 1203">
     <span class='ocr_line' id='line_1_5' title="bbox 839 1031 881 1097; baseline -0.024 0"><span class='ocrx_word' id='word_1_43' title='bbox 839 1031 881 1097; x_wconf 82' lang='lat'><strong>26</strong></span> 
     </span>
     <span class='ocr_line' id='line_1_6' title="bbox 240 1134 868 1203; baseline -0.008 -12"><span class='ocrx_word' id='word_1_44' title='bbox 240 1138 326 1191; x_wconf 86' lang='lat' dir='ltr'>Stob.</span> <span class='ocrx_word' id='word_1_45' title='bbox 345 1141 391 1190; x_wconf 87' lang='grc' dir='ltr'><strong>εαΙ.</strong></span> <span class='ocrx_word' id='word_1_46' title='bbox 405 1138 448 1192; x_wconf 86' lang='grc'><strong>18</strong></span> <span class='ocrx_word' id='word_1_47' title='bbox 465 1138 500 1190; x_wconf 89' lang='grc'><strong>40</strong></span> <span class='ocrx_word' id='word_1_48' title='bbox 522 1135 556 1190; x_wconf 81' lang='grc'><strong>42</strong></span> <span class='ocrx_word' id='word_1_49' title='bbox 575 1155 600 1203; x_wconf 88' lang='lat' dir='ltr'><strong>p.</strong></span> <span class='ocrx_word' id='word_1_50' title='bbox 613 1134 673 1190; x_wconf 76' lang='lat'>254.</span> <span class='ocrx_word' id='word_1_51' title='bbox 687 1134 868 1190; x_wconf 75' lang='lat'>256-26211.</span> 
     </span>
    </p>
   </div>
   <div class='ocr_carea' id='block_1_4' title="bbox 177 1237 1583 2761">
    <p class='ocr_par' dir='ltr' id='par_1_4' title="bbox 177 1237 1570 1530">
     <span class='ocr_line' id='line_1_7' title="bbox 262 1237 1540 1325; baseline -0.002 -23"><span class='ocrx_word' id='word_1_52' title='bbox 262 1238 384 1325; x_wconf 80' lang='grc' dir='ltr'><strong>Ζήνων</strong></span> <span class='ocrx_word' id='word_1_53' title='bbox 410 1239 504 1325; x_wconf 82' lang='grc' dir='ltr'><strong>ἔφησε</strong></span> <span class='ocrx_word' id='word_1_54' title='bbox 531 1239 636 1325; x_wconf 87' lang='grc' dir='ltr'><strong>χρόνον</strong></span> <span class='ocrx_word' id='word_1_55' title='bbox 665 1237 737 1303; x_wconf 78' lang='grc' dir='ltr'><strong>εἶναι</strong></span> <span class='ocrx_word' id='word_1_56' title='bbox 759 1240 900 1322; x_wconf 84' lang='grc' dir='ltr'><strong>κινήσεως</strong></span> <span class='ocrx_word' id='word_1_57' title='bbox 923 1238 1083 1320; x_wconf 88' lang='grc' dir='ltr'><strong>διάστημα,</strong></span> <span class='ocrx_word' id='word_1_58' title='bbox 1109 1241 1194 1300; x_wconf 81' lang='grc' dir='ltr'><strong>τοῦτο</strong></span> <span class='ocrx_word' id='word_1_59' title='bbox 1222 1237 1255 1300; x_wconf 82' lang='grc' dir='ltr'><strong>δέ</strong></span> <span class='ocrx_word' id='word_1_60' title='bbox 1285 1238 1333 1300; x_wconf 81' lang='grc' dir='ltr'><strong>καὶ</strong></span> <span class='ocrx_word' id='word_1_61' title='bbox 1362 1237 1464 1323; x_wconf 87' lang='grc' dir='ltr'><strong>μέτρον</strong></span> <span class='ocrx_word' id='word_1_62' title='bbox 1491 1240 1540 1304; x_wconf 85' lang='grc' dir='ltr'><strong>καὶ</strong></span> 
     </span>
     <span class='ocr_line' id='line_1_8' title="bbox 178 1336 1570 1428; baseline 0.002 -24"><span class='ocrx_word' id='word_1_63' title='bbox 178 1344 323 1426; x_wconf 81' lang='grc' dir='ltr'><strong>κριτήριον</strong></span> <span class='ocrx_word' id='word_1_64' title='bbox 344 1345 453 1428; x_wconf 82' lang='grc' dir='ltr'><strong>τάχους</strong></span> <span class='ocrx_word' id='word_1_65' title='bbox 474 1367 506 1407; x_wconf 88' lang='grc' dir='ltr'><strong>τε</strong></span> <span class='ocrx_word' id='word_1_66' title='bbox 527 1343 575 1406; x_wconf 82' lang='grc' dir='ltr'><strong>καὶ</strong></span> <span class='ocrx_word' id='word_1_67' title='bbox 598 1341 784 1427; x_wconf 78' lang='grc' dir='ltr'><strong>βραδύτητας,</strong></span> <span class='ocrx_word' id='word_1_68' title='bbox 807 1341 887 1409; x_wconf 83' lang='grc' dir='ltr'><strong>ὅπως</strong></span> <span class='ocrx_word' id='word_1_69' title='bbox 909 1336 1035 1424; x_wconf 78' lang='grc' dir='ltr'><strong>ἐχει**</strong></span> <span class='ocrx_word' id='word_1_70' title='bbox 1046 1337 1066 1379; x_wconf 87' lang='grc'><em>*</em></span> <span class='ocrx_word' id='word_1_71' title='bbox 1078 1339 1153 1402; x_wconf 82' lang='grc' dir='ltr'><strong>κατὰ</strong></span> <span class='ocrx_word' id='word_1_72' title='bbox 1173 1344 1274 1403; x_wconf 83' lang='grc' dir='ltr'><strong>τοῦτον</strong></span> <span class='ocrx_word' id='word_1_73' title='bbox 1297 1340 1330 1402; x_wconf 86' lang='grc' dir='ltr'><strong>δὲ</strong></span> <span class='ocrx_word' id='word_1_74' title='bbox 1351 1339 1481 1422; x_wconf 71' lang='grc' dir='ltr'><strong>γίνεσθαι</strong></span> <span class='ocrx_word' id='word_1_75' title='bbox 1503 1342 1570 1407; x_wconf 82' lang='grc' dir='ltr'><strong>τάο</strong></span> 
     </span>
     <span class='ocr_line' id='line_1_9' title="bbox 177 1440 1116 1530; baseline -0.002 -23"><span class='ocrx_word' id='word_1_76' title='bbox 177 1443 313 1527; x_wconf 76' lang='grc' dir='ltr'><strong>γινόμενα</strong></span> <span class='ocrx_word' id='word_1_77' title='bbox 336 1446 384 1509; x_wconf 82' lang='grc' dir='ltr'><strong>καὶ</strong></span> <span class='ocrx_word' id='word_1_78' title='bbox 406 1447 442 1510; x_wconf 86' lang='grc' dir='ltr'><strong>τὰ</strong></span> <span class='ocrx_word' id='word_1_79' title='bbox 464 1444 657 1530; x_wconf 77' lang='grc' dir='ltr'><strong>περαινόμενα</strong></span> <span class='ocrx_word' id='word_1_80' title='bbox 679 1443 792 1506; x_wconf 82' lang='grc' dir='ltr'><strong>ἅπαντα</strong></span> <span class='ocrx_word' id='word_1_81' title='bbox 814 1443 863 1506; x_wconf 86' lang='grc' dir='ltr'><strong>καὶ</strong></span> <span class='ocrx_word' id='word_1_82' title='bbox 884 1442 921 1505; x_wconf 81' lang='grc' dir='ltr'><strong>τὰ</strong></span> <span class='ocrx_word' id='word_1_83' title='bbox 943 1440 1012 1507; x_wconf 87' lang='grc' dir='ltr'><strong>όντα</strong></span> <span class='ocrx_word' id='word_1_84' title='bbox 1033 1441 1116 1505; x_wconf 81' lang='grc' dir='ltr'><strong>εἶναι.</strong></span> 
     </span>
    </p>

    <p class='ocr_par' dir='ltr' id='par_1_5' title="bbox 177 1528 1582 2144">
     <span class='ocr_line' id='line_1_10' title="bbox 259 1528 1541 1633; baseline -0.001 -22"><span class='ocrx_word' id='word_1_85' title='bbox 259 1544 522 1633; x_wconf 83' lang='grc' dir='ltr'><strong>Ἀπολλόδωρος</strong></span> <span class='ocrx_word' id='word_1_86' title='bbox 544 1546 571 1610; x_wconf 82' lang='grc' dir='ltr'><strong>δ’</strong></span> <span class='ocrx_word' id='word_1_87' title='bbox 592 1548 623 1611; x_wconf 87' lang='grc' dir='ltr'><strong>ἐν</strong></span> <span class='ocrx_word' id='word_1_88' title='bbox 645 1552 682 1629; x_wconf 79' lang='grc' dir='ltr'><strong>τῇ</strong></span> <span class='ocrx_word' id='word_1_89' title='bbox 707 1546 825 1628; x_wconf 80' lang='grc' dir='ltr'><strong>Φυσικῇ</strong></span> <span class='ocrx_word' id='word_1_90' title='bbox 847 1528 939 1629; x_wconf 82' lang='grc' dir='ltr'><strong>τέχνη</strong></span> <span class='ocrx_word' id='word_1_91' title='bbox 962 1546 1055 1615; x_wconf 79' lang='grc' dir='ltr'><strong>οὕτως</strong></span> <span class='ocrx_word' id='word_1_92' title='bbox 1077 1544 1201 1630; x_wconf 75' lang='grc' dir='ltr'><strong>ὁρίζεται</strong></span> <span class='ocrx_word' id='word_1_93' title='bbox 1223 1545 1272 1608; x_wconf 86' lang='grc' dir='ltr'><strong>τὸν</strong></span> <span class='ocrx_word' id='word_1_94' title='bbox 1293 1543 1413 1629; x_wconf 91' lang='grc' dir='ltr'><strong>χρόνον·</strong></span> <span class='ocrx_word' id='word_1_95' title='bbox 1436 1546 1541 1631; x_wconf 84' lang='grc' dir='ltr'><strong>χρόνος</strong></span> 
     </span>
     <span class='ocr_line' id='line_1_11' title="bbox 177 1645 1541 1734; baseline 0 -22"><span class='ocrx_word' id='word_1_96' title='bbox 177 1647 203 1712; x_wconf 92' lang='grc' dir='ltr'><strong>δ’</strong></span> <span class='ocrx_word' id='word_1_97' title='bbox 231 1650 290 1713; x_wconf 81' lang='grc' dir='ltr'><strong>ἐστὶ</strong></span> <span class='ocrx_word' id='word_1_98' title='bbox 313 1655 365 1734; x_wconf 79' lang='grc' dir='ltr'><strong>τῆς</strong></span> <span class='ocrx_word' id='word_1_99' title='bbox 387 1654 438 1713; x_wconf 80' lang='grc' dir='ltr'><strong>τοῦ</strong></span> <span class='ocrx_word' id='word_1_100' title='bbox 468 1650 580 1732; x_wconf 89' lang='grc' dir='ltr'><strong>κόσμου</strong></span> <span class='ocrx_word' id='word_1_101' title='bbox 606 1649 747 1733; x_wconf 85' lang='grc' dir='ltr'><strong>κινήσεως</strong></span> <span class='ocrx_word' id='word_1_102' title='bbox 770 1649 930 1730; x_wconf 85' lang='grc' dir='ltr'><strong>διάστημα,</strong></span> <span class='ocrx_word' id='word_1_103' title='bbox 960 1648 1054 1719; x_wconf 78' lang='grc' dir='ltr'><strong>οὕτως</strong></span> <span class='ocrx_word' id='word_1_104' title='bbox 1080 1645 1105 1711; x_wconf 86' lang='grc' dir='ltr'><strong>δ’</strong></span> <span class='ocrx_word' id='word_1_105' title='bbox 1133 1647 1209 1711; x_wconf 81' lang='grc' dir='ltr'><strong>ἐστὶν</strong></span> <span class='ocrx_word' id='word_1_106' title='bbox 1237 1645 1355 1731; x_wconf 85' lang='grc' dir='ltr'><strong>ἄπειρος</strong></span> <span class='ocrx_word' id='word_1_107' title='bbox 1382 1650 1423 1718; x_wconf 84' lang='grc' dir='ltr'><strong>ὡς</strong></span> <span class='ocrx_word' id='word_1_108' title='bbox 1446 1649 1461 1712; x_wconf 98' lang='lat'>6</span> <span class='ocrx_word' id='word_1_109' title='bbox 1484 1653 1541 1720; x_wconf 81' lang='grc' dir='ltr'><strong>πᾶς</strong></span> 
     </span>
     <span class='ocr_line' id='line_1_12' title="bbox 177 1749 1541 1837; baseline 0.001 -23"><span class='ocrx_word' id='word_1_110' title='bbox 177 1753 304 1837; x_wconf 79' lang='grc' dir='ltr'><strong>ἀριθμὸς</strong></span> <span class='ocrx_word' id='word_1_111' title='bbox 330 1752 448 1836; x_wconf 87' lang='grc' dir='ltr'><strong>άπειρος</strong></span> <span class='ocrx_word' id='word_1_112' title='bbox 475 1752 587 1834; x_wconf 80' lang='grc' dir='ltr'><strong>λέγεται</strong></span> <span class='ocrx_word' id='word_1_113' title='bbox 614 1750 701 1814; x_wconf 77' lang='grc' dir='ltr'><strong>εἶναι·</strong></span> <span class='ocrx_word' id='word_1_114' title='bbox 731 1751 764 1813; x_wconf 84' lang='grc' dir='ltr'><strong>τδ</strong></span> <span class='ocrx_word' id='word_1_115' title='bbox 787 1751 839 1833; x_wconf 79' lang='grc' dir='ltr'><strong>μὲν</strong></span> <span class='ocrx_word' id='word_1_116' title='bbox 860 1752 915 1834; x_wconf 74' lang='grc' dir='ltr'><strong>γάρ</strong></span> <span class='ocrx_word' id='word_1_117' title='bbox 937 1749 1013 1813; x_wconf 87' lang='grc' dir='ltr'><strong>ἐστιν</strong></span> <span class='ocrx_word' id='word_1_118' title='bbox 1035 1749 1126 1813; x_wconf 79' lang='grc' dir='ltr'><strong>αὐτοῦ</strong></span> <span class='ocrx_word' id='word_1_119' title='bbox 1148 1749 1351 1834; x_wconf 85' lang='grc' dir='ltr'><strong>παρεληλυθὸς</strong></span> <span class='ocrx_word' id='word_1_120' title='bbox 1373 1750 1406 1812; x_wconf 86' lang='grc' dir='ltr'><strong>τδ</strong></span> <span class='ocrx_word' id='word_1_121' title='bbox 1429 1751 1462 1813; x_wconf 80' lang='grc' dir='ltr'><strong>δὲ</strong></span> <span class='ocrx_word' id='word_1_122' title='bbox 1483 1751 1541 1815; x_wconf 85' lang='grc' dir='ltr'><strong>ἐνε-</strong></span> 
     </span>
     <span class='ocr_line' id='line_1_13' title="bbox 178 1852 1582 1939; baseline 0.001 -22"><span class='ocrx_word' id='word_1_123' title='bbox 178 1857 283 1938; x_wconf 76' lang='grc' dir='ltr'><strong>στηκὸς</strong></span> <span class='ocrx_word' id='word_1_124' title='bbox 310 1857 343 1919; x_wconf 86' lang='grc' dir='ltr'><strong>τό</strong></span> <span class='ocrx_word' id='word_1_125' title='bbox 371 1856 405 1919; x_wconf 87' lang='grc' dir='ltr'><strong>δέ</strong></span> <span class='ocrx_word' id='word_1_126' title='bbox 431 1855 546 1938; x_wconf 79' lang='grc' dir='ltr'><strong>μέλλον.</strong></span> <span class='ocrx_word' id='word_1_127' title='bbox 583 1855 729 1918; x_wconf 82' lang='grc' dir='ltr'><strong>ἐνεστάναι</strong></span> <span class='ocrx_word' id='word_1_128' title='bbox 757 1854 789 1916; x_wconf 87' lang='grc' dir='ltr'><strong>δέ</strong></span> <span class='ocrx_word' id='word_1_129' title='bbox 811 1855 860 1916; x_wconf 89' lang='grc' dir='ltr'><strong>τδν</strong></span> <span class='ocrx_word' id='word_1_130' title='bbox 883 1853 975 1915; x_wconf 87' lang='grc' dir='ltr'><strong>πάντα</strong></span> <span class='ocrx_word' id='word_1_131' title='bbox 998 1852 1118 1936; x_wconf 89' lang='grc' dir='ltr'><strong>χρόνον,</strong></span> <span class='ocrx_word' id='word_1_132' title='bbox 1141 1856 1181 1922; x_wconf 88' lang='grc' dir='ltr'><strong>όις</strong></span> <span class='ocrx_word' id='word_1_133' title='bbox 1203 1853 1252 1915; x_wconf 86' lang='grc' dir='ltr'><strong>τὸν</strong></span> <span class='ocrx_word' id='word_1_134' title='bbox 1275 1852 1404 1915; x_wconf 79' lang='grc' dir='ltr'><strong>ἐνιαυτὸν</strong></span> <span class='ocrx_word' id='word_1_135' title='bbox 1427 1854 1539 1939; x_wconf 87' lang='grc' dir='ltr'><strong>ἐνεστη-</strong></span> <span class='ocrx_word' id='word_1_136' title='bbox 1559 1880 1582 1918; x_wconf 88' lang='grc' dir='ltr'><strong>ιο</strong></span> 
     </span>
     <span class='ocr_line' id='line_1_14' title="bbox 177 1954 1543 2041; baseline 0.001 -23"><span class='ocrx_word' id='word_1_137' title='bbox 177 1954 258 2019; x_wconf 83' lang='grc' dir='ltr'><strong>κέναι</strong></span> <span class='ocrx_word' id='word_1_138' title='bbox 288 1957 425 2041; x_wconf 73' lang='grc' dir='ltr'><strong>λέγομεν,</strong></span> <span class='ocrx_word' id='word_1_139' title='bbox 458 1957 532 2020; x_wconf 87' lang='grc' dir='ltr'><strong>κατά</strong></span> <span class='ocrx_word' id='word_1_140' title='bbox 560 1958 677 2039; x_wconf 84' lang='grc' dir='ltr'><strong>μείζονα</strong></span> <span class='ocrx_word' id='word_1_141' title='bbox 703 1957 896 2040; x_wconf 78' lang='grc' dir='ltr'><strong>περιγραφήν,</strong></span> <span class='ocrx_word' id='word_1_142' title='bbox 927 1956 975 2018; x_wconf 84' lang='grc' dir='ltr'><strong>καὶ</strong></span> <span class='ocrx_word' id='word_1_143' title='bbox 1002 1956 1142 2040; x_wconf 80' lang='grc' dir='ltr'><strong>ὑπάρχειν</strong></span> <span class='ocrx_word' id='word_1_144' title='bbox 1172 1957 1188 2018; x_wconf 92' lang='lat'>6</span> <span class='ocrx_word' id='word_1_145' title='bbox 1215 1958 1272 2024; x_wconf 84' lang='grc' dir='ltr'><strong>πᾶς</strong></span> <span class='ocrx_word' id='word_1_146' title='bbox 1300 1954 1405 2040; x_wconf 87' lang='grc' dir='ltr'><strong>χρόνος</strong></span> <span class='ocrx_word' id='word_1_147' title='bbox 1430 1955 1543 2039; x_wconf 76' lang='grc' dir='ltr'><strong>λέγεται</strong></span> 
     </span>
     <span class='ocr_line' id='line_1_15' title="bbox 177 2056 1058 2144; baseline -0.006 -23"><span class='ocrx_word' id='word_1_148' title='bbox 177 2058 294 2130; x_wconf 83' lang='grc' dir='ltr'><strong>οὐδενός</strong></span> <span class='ocrx_word' id='word_1_149' title='bbox 317 2058 407 2123; x_wconf 73' lang='grc' dir='ltr'><strong>αὐτοῦ</strong></span> <span class='ocrx_word' id='word_1_150' title='bbox 430 2063 488 2122; x_wconf 84' lang='grc' dir='ltr'><strong>τῶν</strong></span> <span class='ocrx_word' id='word_1_151' title='bbox 512 2065 608 2144; x_wconf 81' lang='grc' dir='ltr'><strong>μερῶν</strong></span> <span class='ocrx_word' id='word_1_152' title='bbox 632 2060 812 2144; x_wconf 85' lang='grc' dir='ltr'><strong>ὑπάρχοντος</strong></span> <span class='ocrx_word' id='word_1_153' title='bbox 834 2056 1058 2142; x_wconf 86' lang='grc' dir='ltr'><strong>ἀπαρτιζόντως.</strong></span> 
     </span>
    </p>

    <p class='ocr_par' dir='ltr' id='par_1_6' title="bbox 177 2159 1583 2761">
     <span class='ocr_line' id='line_1_16' title="bbox 265 2159 1542 2247; baseline 0 -21"><span class='ocrx_word' id='word_1_154' title='bbox 265 2160 513 2231; x_wconf 85' lang='grc' dir='ltr'><strong>Ποσειδώνιος·</strong></span> <span class='ocrx_word' id='word_1_155' title='bbox 537 2161 574 2225; x_wconf 78' lang='grc' dir='ltr'><strong>τὰ</strong></span> <span class='ocrx_word' id='word_1_156' title='bbox 594 2163 645 2245; x_wconf 85' lang='grc' dir='ltr'><strong>μέν</strong></span> <span class='ocrx_word' id='word_1_157' title='bbox 668 2162 728 2225; x_wconf 85' lang='grc' dir='ltr'><strong>ἐστι</strong></span> <span class='ocrx_word' id='word_1_158' title='bbox 751 2161 826 2225; x_wconf 80' lang='grc' dir='ltr'><strong>κατὰ</strong></span> <span class='ocrx_word' id='word_1_159' title='bbox 847 2165 905 2224; x_wconf 83' lang='grc' dir='ltr'><strong>πᾶν</strong></span> <span class='ocrx_word' id='word_1_160' title='bbox 927 2159 1042 2244; x_wconf 89' lang='grc' dir='ltr'><strong>άπειρα,</strong></span> <span class='ocrx_word' id='word_1_161' title='bbox 1065 2161 1105 2228; x_wconf 83' lang='grc' dir='ltr'><strong>ὡς</strong></span> <span class='ocrx_word' id='word_1_162' title='bbox 1128 2160 1144 2223; x_wconf 91' lang='grc' dir='ltr'><strong>δ</strong></span> <span class='ocrx_word' id='word_1_163' title='bbox 1166 2160 1282 2242; x_wconf 84' lang='grc' dir='ltr'><strong>σύμπας</strong></span> <span class='ocrx_word' id='word_1_164' title='bbox 1304 2161 1423 2247; x_wconf 84' lang='grc' dir='ltr'><strong>χρόνος·</strong></span> <span class='ocrx_word' id='word_1_165' title='bbox 1450 2162 1487 2225; x_wconf 89' lang='grc' dir='ltr'><strong>τά</strong></span> <span class='ocrx_word' id='word_1_166' title='bbox 1510 2163 1542 2226; x_wconf 80' lang='grc' dir='ltr'><strong>δὲ</strong></span> 
     </span>
     <span class='ocr_line' id='line_1_17' title="bbox 177 2261 1542 2349; baseline 0.001 -23"><span class='ocrx_word' id='word_1_167' title='bbox 177 2263 253 2326; x_wconf 79' lang='grc' dir='ltr'><strong>κατὰ</strong></span> <span class='ocrx_word' id='word_1_168' title='bbox 275 2265 312 2338; x_wconf 81' lang='grc' dir='ltr'><strong>τλ,</strong></span> <span class='ocrx_word' id='word_1_169' title='bbox 336 2268 377 2334; x_wconf 82' lang='grc' dir='ltr'><strong>ὡς</strong></span> <span class='ocrx_word' id='word_1_170' title='bbox 400 2266 416 2328; x_wconf 91' lang='lat'>6</span> <span class='ocrx_word' id='word_1_171' title='bbox 439 2264 651 2347; x_wconf 84' lang='grc' dir='ltr'><strong>παρεληλυθὼς</strong></span> <span class='ocrx_word' id='word_1_172' title='bbox 673 2263 778 2349; x_wconf 89' lang='grc' dir='ltr'><strong>χρόνος</strong></span> <span class='ocrx_word' id='word_1_173' title='bbox 800 2264 848 2326; x_wconf 82' lang='grc' dir='ltr'><strong>καὶ</strong></span> <span class='ocrx_word' id='word_1_174' title='bbox 871 2265 887 2327; x_wconf 90' lang='lat'>6</span> <span class='ocrx_word' id='word_1_175' title='bbox 911 2261 1040 2344; x_wconf 83' lang='grc' dir='ltr'><strong>μέλλων·</strong></span> <span class='ocrx_word' id='word_1_176' title='bbox 1063 2262 1138 2324; x_wconf 77' lang='grc' dir='ltr'><strong>κατὰ</strong></span> <span class='ocrx_word' id='word_1_177' title='bbox 1159 2262 1213 2346; x_wconf 82' lang='grc' dir='ltr'><strong>ηάρ</strong></span> <span class='ocrx_word' id='word_1_178' title='bbox 1234 2264 1284 2326; x_wconf 87' lang='grc' dir='ltr'><strong>τδν</strong></span> <span class='ocrx_word' id='word_1_179' title='bbox 1307 2264 1436 2349; x_wconf 90' lang='grc' dir='ltr'><strong>παρόντα</strong></span> <span class='ocrx_word' id='word_1_180' title='bbox 1455 2263 1542 2345; x_wconf 91' lang='grc' dir='ltr'><strong>μόνον</strong></span> 
     </span>
     <span class='ocr_line' id='line_1_18' title="bbox 179 2362 1583 2451; baseline -0.002 -22"><span class='ocrx_word' id='word_1_181' title='bbox 179 2366 316 2451; x_wconf 79' lang='grc' dir='ltr'><strong>ἑκάτερος</strong></span> <span class='ocrx_word' id='word_1_182' title='bbox 337 2368 522 2451; x_wconf 84' lang='grc' dir='ltr'><strong>πεπέρανται.</strong></span> <span class='ocrx_word' id='word_1_183' title='bbox 545 2367 594 2428; x_wconf 85' lang='grc' dir='ltr'><strong>τὸν</strong></span> <span class='ocrx_word' id='word_1_184' title='bbox 617 2367 650 2428; x_wconf 80' lang='grc' dir='ltr'><strong>δέ</strong></span> <span class='ocrx_word' id='word_1_185' title='bbox 672 2366 776 2451; x_wconf 91' lang='grc' dir='ltr'><strong>χρόνον</strong></span> <span class='ocrx_word' id='word_1_186' title='bbox 791 2366 884 2434; x_wconf 78' lang='grc' dir='ltr'><strong>οὕτως</strong></span> <span class='ocrx_word' id='word_1_187' title='bbox 906 2362 1041 2447; x_wconf 76' lang='grc' dir='ltr'><strong>ὁρίζεται,</strong></span> <span class='ocrx_word' id='word_1_188' title='bbox 1064 2365 1209 2447; x_wconf 85' lang='grc' dir='ltr'><strong>διάστημα</strong></span> <span class='ocrx_word' id='word_1_189' title='bbox 1231 2366 1372 2448; x_wconf 86' lang='grc' dir='ltr'><strong>κινήσεως</strong></span> <span class='ocrx_word' id='word_1_190' title='bbox 1394 2367 1413 2449; x_wconf 81' lang='grc' dir='ltr'><strong>ἢ</strong></span> <span class='ocrx_word' id='word_1_191' title='bbox 1438 2365 1540 2450; x_wconf 86' lang='grc' dir='ltr'><strong>μέτρον</strong></span> <span class='ocrx_word' id='word_1_192' title='bbox 1560 2393 1583 2431; x_wconf 79' lang='grc' dir='ltr'><strong>ιο</strong></span> 
     </span>
     <span class='ocr_line' id='line_1_19' title="bbox 177 2465 1541 2556; baseline 0 -26"><span class='ocrx_word' id='word_1_193' title='bbox 177 2469 287 2554; x_wconf 84' lang='grc' dir='ltr'><strong>τάχους</strong></span> <span class='ocrx_word' id='word_1_194' title='bbox 302 2493 334 2533; x_wconf 91' lang='grc' dir='ltr'><strong>τε</strong></span> <span class='ocrx_word' id='word_1_195' title='bbox 348 2471 396 2534; x_wconf 80' lang='grc' dir='ltr'><strong>καί</strong></span> <span class='ocrx_word' id='word_1_196' title='bbox 421 2471 607 2556; x_wconf 80' lang='grc' dir='ltr'><strong>βραδύτητας,</strong></span> <span class='ocrx_word' id='word_1_197' title='bbox 631 2468 711 2537; x_wconf 87' lang='grc' dir='ltr'><strong>όπως</strong></span> <span class='ocrx_word' id='word_1_198' title='bbox 726 2466 789 2554; x_wconf 83' lang='grc' dir='ltr'><strong>ἔχει</strong></span> <span class='ocrx_word' id='word_1_199' title='bbox 805 2468 838 2532; x_wconf 85' lang='grc' dir='ltr'><strong>τδ</strong></span> <span class='ocrx_word' id='word_1_200' title='bbox 853 2466 1069 2547; x_wconf 87' lang='grc' dir='ltr'><strong>ἐπινοοόμενον·</strong></span> <span class='ocrx_word' id='word_1_201' title='bbox 1091 2465 1167 2550; x_wconf 80' lang='grc' dir='ltr'><strong>(καὶ)</strong></span> <span class='ocrx_word' id='word_1_202' title='bbox 1182 2466 1257 2530; x_wconf 79' lang='grc' dir='ltr'><strong>κατὰ</strong></span> <span class='ocrx_word' id='word_1_203' title='bbox 1272 2468 1305 2530; x_wconf 86' lang='grc' dir='ltr'><strong>τδ</strong></span> <span class='ocrx_word' id='word_1_204' title='bbox 1322 2467 1394 2531; x_wconf 90' lang='grc' dir='ltr'><strong>πότε</strong></span> <span class='ocrx_word' id='word_1_205' title='bbox 1407 2471 1459 2530; x_wconf 81' lang='grc' dir='ltr'><strong>τοῦ</strong></span> <span class='ocrx_word' id='word_1_206' title='bbox 1474 2468 1541 2553; x_wconf 91' lang='grc' dir='ltr'><strong>χρό-</strong></span> 
     </span>
     <span class='ocr_line' id='line_1_20' title="bbox 177 2568 1542 2656; baseline 0.001 -22"><span class='ocrx_word' id='word_1_207' title='bbox 177 2595 229 2636; x_wconf 90' lang='grc' dir='ltr'><strong>νου</strong></span> <span class='ocrx_word' id='word_1_208' title='bbox 251 2574 300 2636; x_wconf 85' lang='grc' dir='ltr'><strong>τδν</strong></span> <span class='ocrx_word' id='word_1_209' title='bbox 324 2574 376 2656; x_wconf 80' lang='grc' dir='ltr'><strong>μὲν</strong></span> <span class='ocrx_word' id='word_1_210' title='bbox 398 2572 471 2636; x_wconf 87' lang='grc' dir='ltr'><strong>είναι</strong></span> <span class='ocrx_word' id='word_1_211' title='bbox 494 2571 731 2656; x_wconf 80' lang='grc' dir='ltr'><strong>παρεληλυθότα,</strong></span> <span class='ocrx_word' id='word_1_212' title='bbox 758 2572 807 2634; x_wconf 87' lang='grc' dir='ltr'><strong>τδν</strong></span> <span class='ocrx_word' id='word_1_213' title='bbox 830 2571 863 2633; x_wconf 89' lang='grc' dir='ltr'><strong>δέ</strong></span> <span class='ocrx_word' id='word_1_214' title='bbox 885 2569 1042 2652; x_wconf 80' lang='grc' dir='ltr'><strong>μέλλοντα,</strong></span> <span class='ocrx_word' id='word_1_215' title='bbox 1071 2570 1121 2633; x_wconf 80' lang='grc' dir='ltr'><strong>τὸν</strong></span> <span class='ocrx_word' id='word_1_216' title='bbox 1143 2569 1176 2632; x_wconf 79' lang='grc' dir='ltr'><strong>δὲ</strong></span> <span class='ocrx_word' id='word_1_217' title='bbox 1197 2570 1336 2654; x_wconf 90' lang='grc' dir='ltr'><strong>παρόντα,</strong></span> <span class='ocrx_word' id='word_1_218' title='bbox 1358 2571 1391 2640; x_wconf 89' lang='grc' dir='ltr'><strong>ὃς</strong></span> <span class='ocrx_word' id='word_1_219' title='bbox 1412 2568 1447 2633; x_wconf 89' lang='grc' dir='ltr'><strong>ἐκ</strong></span> <span class='ocrx_word' id='word_1_220' title='bbox 1467 2594 1542 2641; x_wconf 89' lang='grc' dir='ltr'><strong>τινος</strong></span> 
     </span>
     <span class='ocr_line' id='line_1_21' title="bbox 178 2671 1541 2761; baseline -0.003 -21"><span class='ocrx_word' id='word_1_221' title='bbox 178 2675 285 2761; x_wconf 82' lang='grc' dir='ltr'><strong>μέρους</strong></span> <span class='ocrx_word' id='word_1_222' title='bbox 306 2680 357 2739; x_wconf 83' lang='grc' dir='ltr'><strong>τοῦ</strong></span> <span class='ocrx_word' id='word_1_223' title='bbox 380 2675 616 2760; x_wconf 63' lang='grc' dir='ltr'><strong>παρεληλυθότα</strong></span> <span class='ocrx_word' id='word_1_224' title='bbox 637 2675 687 2737; x_wconf 81' lang='grc' dir='ltr'><strong>καὶ</strong></span> <span class='ocrx_word' id='word_1_225' title='bbox 710 2677 760 2737; x_wconf 80' lang='grc' dir='ltr'><strong>τοῦ</strong></span> <span class='ocrx_word' id='word_1_226' title='bbox 785 2673 938 2756; x_wconf 87' lang='grc' dir='ltr'><strong>μέλλοντος</strong></span> <span class='ocrx_word' id='word_1_227' title='bbox 959 2673 1024 2755; x_wconf 83' lang='grc' dir='ltr'><strong>περὶ</strong></span> <span class='ocrx_word' id='word_1_228' title='bbox 1040 2673 1090 2734; x_wconf 87' lang='grc' dir='ltr'><strong>τδν</strong></span> <span class='ocrx_word' id='word_1_229' title='bbox 1105 2672 1252 2755; x_wconf 85' lang='grc' dir='ltr'><strong>διορισμὸν</strong></span> <span class='ocrx_word' id='word_1_230' title='bbox 1267 2671 1355 2736; x_wconf 79' lang='grc' dir='ltr'><strong>αὐτὸν</strong></span> <span class='ocrx_word' id='word_1_231' title='bbox 1371 2672 1541 2756; x_wconf 84' lang='grc' dir='ltr'><strong>συνέστηκε·</strong></span> 
     </span>
    </p>
   </div>
   <div class='ocr_carea' id='block_1_5' title="bbox 176 2772 1582 2967">
    <p class='ocr_par' dir='ltr' id='par_1_7' title="bbox 176 2772 1582 2967">
     <span class='ocr_line' id='line_1_22' title="bbox 176 2772 1542 2863; baseline -0.001 -21"><span class='ocrx_word' id='word_1_232' title='bbox 176 2780 228 2842; x_wconf 87' lang='grc' dir='ltr'><strong>τδν</strong></span> <span class='ocrx_word' id='word_1_233' title='bbox 256 2779 289 2842; x_wconf 83' lang='grc' dir='ltr'><strong>δὲ</strong></span> <span class='ocrx_word' id='word_1_234' title='bbox 315 2780 462 2863; x_wconf 82' lang='grc' dir='ltr'><strong>διορισμόν</strong></span> <span class='ocrx_word' id='word_1_235' title='bbox 489 2779 642 2862; x_wconf 84' lang='grc' dir='ltr'><strong>σημειώδη</strong></span> <span class='ocrx_word' id='word_1_236' title='bbox 669 2775 753 2841; x_wconf 77' lang='grc' dir='ltr'><strong>εἶναι.</strong></span> <span class='ocrx_word' id='word_1_237' title='bbox 788 2777 822 2840; x_wconf 84' lang='grc' dir='ltr'><strong>τὸ</strong></span> <span class='ocrx_word' id='word_1_238' title='bbox 852 2776 885 2839; x_wconf 82' lang='grc' dir='ltr'><strong>δὲ</strong></span> <span class='ocrx_word' id='word_1_239' title='bbox 911 2779 960 2838; x_wconf 79' lang='grc' dir='ltr'><strong>νῦν</strong></span> <span class='ocrx_word' id='word_1_240' title='bbox 987 2775 1035 2837; x_wconf 81' lang='grc' dir='ltr'><strong>καὶ</strong></span> <span class='ocrx_word' id='word_1_241' title='bbox 1061 2772 1098 2836; x_wconf 79' lang='grc' dir='ltr'><strong>τὰ</strong></span> <span class='ocrx_word' id='word_1_242' title='bbox 1123 2774 1210 2856; x_wconf 87' lang='grc' dir='ltr'><strong>όμοια</strong></span> <span class='ocrx_word' id='word_1_243' title='bbox 1241 2774 1271 2838; x_wconf 88' lang='grc' dir='ltr'><strong>ἐν</strong></span> <span class='ocrx_word' id='word_1_244' title='bbox 1303 2776 1405 2839; x_wconf 88' lang='grc' dir='ltr'><strong>πλάτει</strong></span> <span class='ocrx_word' id='word_1_245' title='bbox 1437 2775 1542 2861; x_wconf 91' lang='grc' dir='ltr'><strong>χρόνον</strong></span> 
     </span>
     <span class='ocr_line' id='line_1_23' title="bbox 177 2877 1582 2967; baseline -0.001 -22"><span class='ocrx_word' id='word_1_246' title='bbox 177 2881 228 2945; x_wconf 80' lang='grc' dir='ltr'><strong>καί</strong></span> <span class='ocrx_word' id='word_1_247' title='bbox 251 2881 319 2967; x_wconf 82' lang='grc' dir='ltr'><strong>οόχί</strong></span> <span class='ocrx_word' id='word_1_248' title='bbox 340 2880 404 2945; x_wconf 87' lang='grc' dir='ltr'><strong>κατ’</strong></span> <span class='ocrx_word' id='word_1_249' title='bbox 432 2881 613 2966; x_wconf 81' lang='grc' dir='ltr'><strong>ἀπαρτισμὸν</strong></span> <span class='ocrx_word' id='word_1_250' title='bbox 634 2880 774 2944; x_wconf 83' lang='grc' dir='ltr'><strong>νοεῖσθαι.</strong></span> <span class='ocrx_word' id='word_1_251' title='bbox 809 2877 945 2962; x_wconf 78' lang='grc' dir='ltr'><strong>λέγεσθαι</strong></span> <span class='ocrx_word' id='word_1_252' title='bbox 968 2877 1001 2940; x_wconf 85' lang='grc' dir='ltr'><strong>δέ</strong></span> <span class='ocrx_word' id='word_1_253' title='bbox 1022 2878 1056 2940; x_wconf 84' lang='grc' dir='ltr'><strong>τὸ</strong></span> <span class='ocrx_word' id='word_1_254' title='bbox 1078 2879 1127 2940; x_wconf 79' lang='grc' dir='ltr'><strong>νῦν</strong></span> <span class='ocrx_word' id='word_1_255' title='bbox 1148 2879 1197 2941; x_wconf 81' lang='grc' dir='ltr'><strong>καὶ</strong></span> <span class='ocrx_word' id='word_1_256' title='bbox 1219 2877 1294 2942; x_wconf 82' lang='grc' dir='ltr'><strong>κατὰ</strong></span> <span class='ocrx_word' id='word_1_257' title='bbox 1315 2878 1365 2941; x_wconf 84' lang='grc' dir='ltr'><strong>τόν</strong></span> <span class='ocrx_word' id='word_1_258' title='bbox 1385 2878 1540 2965; x_wconf 88' lang='grc' dir='ltr'><strong>ἐλάχιστον</strong></span> <span class='ocrx_word' id='word_1_259' title='bbox 1557 2903 1582 2943; x_wconf 83' lang='grc' dir='ltr'><strong>νο</strong></span> 
     </span>
    </p>
   </div>
   <div class='ocr_carea' id='block_1_6' title="bbox 176 2978 1582 4196">
    <p class='ocr_par' dir='ltr' id='par_1_8' title="bbox 178 2978 1543 3169">
     <span class='ocr_line' id='line_1_24' title="bbox 178 2978 1543 3069; baseline -0.001 -23"><span class='ocrx_word' id='word_1_260' title='bbox 178 2985 252 3069; x_wconf 77' lang='grc' dir='ltr'><strong>πρὸς</strong></span> <span class='ocrx_word' id='word_1_261' title='bbox 284 2982 420 3068; x_wconf 81' lang='grc' dir='ltr'><strong>αἴσθησιν</strong></span> <span class='ocrx_word' id='word_1_262' title='bbox 455 2983 560 3069; x_wconf 88' lang='grc' dir='ltr'><strong>χρόνον</strong></span> <span class='ocrx_word' id='word_1_263' title='bbox 597 2983 662 3067; x_wconf 82' lang='grc' dir='ltr'><strong>περὶ</strong></span> <span class='ocrx_word' id='word_1_264' title='bbox 690 2984 739 3046; x_wconf 86' lang='grc' dir='ltr'><strong>τδν</strong></span> <span class='ocrx_word' id='word_1_265' title='bbox 773 2982 919 3065; x_wconf 80' lang='grc' dir='ltr'><strong>διορισμὸν</strong></span> <span class='ocrx_word' id='word_1_266' title='bbox 952 2984 1003 3043; x_wconf 82' lang='grc' dir='ltr'><strong>τοῦ</strong></span> <span class='ocrx_word' id='word_1_267' title='bbox 1037 2978 1191 3061; x_wconf 80' lang='grc' dir='ltr'><strong>μέλλοντος</strong></span> <span class='ocrx_word' id='word_1_268' title='bbox 1224 2981 1273 3044; x_wconf 81' lang='grc' dir='ltr'><strong>καὶ</strong></span> <span class='ocrx_word' id='word_1_269' title='bbox 1306 2982 1543 3066; x_wconf 85' lang='grc' dir='ltr'><strong>παρεληλυθότος</strong></span> 
     </span>
     <span class='ocr_line' id='line_1_25' title="bbox 178 3089 395 3169; baseline -0.018 -18"><span class='ocrx_word' id='word_1_270' title='bbox 178 3089 395 3169; x_wconf 83' lang='grc' dir='ltr'><strong>συνιστάμενον.</strong></span> 
     </span>
    </p>

    <p class='ocr_par' dir='ltr' id='par_1_9' title="bbox 176 3184 1582 4196">
     <span class='ocr_line' id='line_1_26' title="bbox 261 3184 1543 3272; baseline -0.002 -19"><span class='ocrx_word' id='word_1_271' title='bbox 261 3187 297 3254; x_wconf 84' lang='grc' dir='ltr'>Ὁ</span> <span class='ocrx_word' id='word_1_272' title='bbox 324 3188 357 3252; x_wconf 87' lang='grc' dir='ltr'><strong>δέ</strong></span> <span class='ocrx_word' id='word_1_273' title='bbox 385 3185 592 3272; x_wconf 78' lang='grc' dir='ltr'><strong>Χρύσιππος</strong></span> <span class='ocrx_word' id='word_1_274' title='bbox 620 3187 725 3271; x_wconf 88' lang='grc' dir='ltr'><strong>χρόνον</strong></span> <span class='ocrx_word' id='word_1_275' title='bbox 751 3185 823 3249; x_wconf 80' lang='grc' dir='ltr'><strong>εἶναι</strong></span> <span class='ocrx_word' id='word_1_276' title='bbox 845 3187 988 3271; x_wconf 88' lang='grc' dir='ltr'><strong>κινήσεως</strong></span> <span class='ocrx_word' id='word_1_277' title='bbox 1010 3185 1171 3268; x_wconf 86' lang='grc' dir='ltr'><strong>διάστημα,</strong></span> <span class='ocrx_word' id='word_1_278' title='bbox 1200 3184 1270 3250; x_wconf 79' lang='grc' dir='ltr'><strong>καθ’</strong></span> <span class='ocrx_word' id='word_1_279' title='bbox 1298 3188 1409 3252; x_wconf 88' lang='grc' dir='ltr'><strong>ὃποτέ</strong></span> <span class='ocrx_word' id='word_1_280' title='bbox 1430 3188 1543 3271; x_wconf 76' lang='grc' dir='ltr'><strong>λέγεται</strong></span> 
     </span>
     <span class='ocr_line' id='line_1_27' title="bbox 178 3287 1542 3377; baseline -0.003 -22"><span class='ocrx_word' id='word_1_281' title='bbox 178 3293 284 3377; x_wconf 79' lang='grc' dir='ltr'><strong>μέτρον</strong></span> <span class='ocrx_word' id='word_1_282' title='bbox 306 3292 415 3376; x_wconf 91' lang='grc' dir='ltr'><strong>τάχους</strong></span> <span class='ocrx_word' id='word_1_283' title='bbox 436 3313 468 3353; x_wconf 91' lang='grc' dir='ltr'><strong>τε</strong></span> <span class='ocrx_word' id='word_1_284' title='bbox 489 3291 537 3353; x_wconf 89' lang='grc' dir='ltr'><strong>καὶ</strong></span> <span class='ocrx_word' id='word_1_285' title='bbox 561 3288 747 3374; x_wconf 80' lang='grc' dir='ltr'><strong>βραδέτητος,</strong></span> <span class='ocrx_word' id='word_1_286' title='bbox 769 3288 789 3371; x_wconf 82' lang='grc' dir='ltr'><strong>ή</strong></span> <span class='ocrx_word' id='word_1_287' title='bbox 811 3289 845 3351; x_wconf 89' lang='grc' dir='ltr'><strong>τδ</strong></span> <span class='ocrx_word' id='word_1_288' title='bbox 867 3287 1107 3371; x_wconf 82' lang='grc' dir='ltr'><strong>παρακολουθοῦν</strong></span> <span class='ocrx_word' id='word_1_289' title='bbox 1130 3290 1276 3372; x_wconf 86' lang='grc' dir='ltr'><strong>διάστημα</strong></span> <span class='ocrx_word' id='word_1_290' title='bbox 1297 3296 1334 3373; x_wconf 76' lang='grc' dir='ltr'><strong>τῇ</strong></span> <span class='ocrx_word' id='word_1_291' title='bbox 1358 3295 1409 3354; x_wconf 80' lang='grc' dir='ltr'><strong>τοῦ</strong></span> <span class='ocrx_word' id='word_1_292' title='bbox 1430 3290 1542 3373; x_wconf 86' lang='grc' dir='ltr'><strong>κόσμου</strong></span> 
     </span>
     <span class='ocr_line' id='line_1_28' title="bbox 177 3390 1581 3480; baseline -0.003 -22"><span class='ocrx_word' id='word_1_293' title='bbox 177 3397 302 3480; x_wconf 85' lang='grc' dir='ltr'><strong>κινήσει·</strong></span> <span class='ocrx_word' id='word_1_294' title='bbox 326 3393 374 3456; x_wconf 83' lang='grc' dir='ltr'><strong>καὶ</strong></span> <span class='ocrx_word' id='word_1_295' title='bbox 397 3392 471 3455; x_wconf 85' lang='grc' dir='ltr'><strong>κατὰ</strong></span> <span class='ocrx_word' id='word_1_296' title='bbox 494 3392 546 3474; x_wconf 79' lang='grc' dir='ltr'><strong>μὲν</strong></span> <span class='ocrx_word' id='word_1_297' title='bbox 568 3393 617 3454; x_wconf 84' lang='grc' dir='ltr'><strong>τόν</strong></span> <span class='ocrx_word' id='word_1_298' title='bbox 640 3390 745 3476; x_wconf 90' lang='grc' dir='ltr'><strong>χρόνον</strong></span> <span class='ocrx_word' id='word_1_299' title='bbox 767 3391 910 3455; x_wconf 88' lang='grc' dir='ltr'><strong>κινεῖσθαί</strong></span> <span class='ocrx_word' id='word_1_300' title='bbox 931 3413 963 3454; x_wconf 90' lang='grc' dir='ltr'><strong>τε</strong></span> <span class='ocrx_word' id='word_1_301' title='bbox 977 3391 1086 3454; x_wconf 81' lang='grc' dir='ltr'><strong>ἕκαστα</strong></span> <span class='ocrx_word' id='word_1_302' title='bbox 1101 3392 1149 3454; x_wconf 83' lang='grc' dir='ltr'><strong>καὶ</strong></span> <span class='ocrx_word' id='word_1_303' title='bbox 1165 3390 1252 3455; x_wconf 83' lang='grc' dir='ltr'><strong>εἶναι·</strong></span> <span class='ocrx_word' id='word_1_304' title='bbox 1274 3393 1300 3456; x_wconf 87' lang='grc' dir='ltr'><strong>εἰ</strong></span> <span class='ocrx_word' id='word_1_305' title='bbox 1316 3394 1357 3478; x_wconf 79' lang='grc' dir='ltr'><strong>μὴ</strong></span> <span class='ocrx_word' id='word_1_306' title='bbox 1373 3393 1430 3477; x_wconf 87' lang='grc' dir='ltr'><strong>ἀρα</strong></span> <span class='ocrx_word' id='word_1_307' title='bbox 1446 3393 1539 3462; x_wconf 83' lang='grc' dir='ltr'><strong>διττὸς</strong></span> <span class='ocrx_word' id='word_1_308' title='bbox 1555 3415 1581 3454; x_wconf 79' lang='grc' dir='ltr'><strong>το</strong></span> 
     </span>
     <span class='ocr_line' id='line_1_29' title="bbox 176 3494 1541 3582; baseline -0.001 -22"><span class='ocrx_word' id='word_1_309' title='bbox 176 3496 292 3579; x_wconf 73' lang='grc' dir='ltr'><strong>λέγεται</strong></span> <span class='ocrx_word' id='word_1_310' title='bbox 314 3498 330 3560; x_wconf 91' lang='lat'>6</span> <span class='ocrx_word' id='word_1_311' title='bbox 353 3495 472 3582; x_wconf 85' lang='grc' dir='ltr'><strong>χρόνος,</strong></span> <span class='ocrx_word' id='word_1_312' title='bbox 494 3495 628 3578; x_wconf 91' lang='grc' dir='ltr'><strong>καθάπερ</strong></span> <span class='ocrx_word' id='word_1_313' title='bbox 651 3495 670 3579; x_wconf 84' lang='grc' dir='ltr'><strong>ή</strong></span> <span class='ocrx_word' id='word_1_314' title='bbox 693 3517 725 3556; x_wconf 90' lang='grc' dir='ltr'><strong>τε</strong></span> <span class='ocrx_word' id='word_1_315' title='bbox 746 3499 783 3578; x_wconf 83' lang='grc' dir='ltr'><strong>γῆ</strong></span> <span class='ocrx_word' id='word_1_316' title='bbox 806 3494 855 3557; x_wconf 88' lang='grc' dir='ltr'><strong>καί</strong></span> <span class='ocrx_word' id='word_1_317' title='bbox 878 3495 898 3578; x_wconf 85' lang='grc' dir='ltr'><strong>ή</strong></span> <span class='ocrx_word' id='word_1_318' title='bbox 921 3494 1052 3557; x_wconf 82' lang='grc' dir='ltr'><strong>θάλαττα</strong></span> <span class='ocrx_word' id='word_1_319' title='bbox 1074 3494 1122 3557; x_wconf 79' lang='grc' dir='ltr'><strong>καὶ</strong></span> <span class='ocrx_word' id='word_1_320' title='bbox 1144 3495 1177 3557; x_wconf 89' lang='grc' dir='ltr'><strong>τδ</strong></span> <span class='ocrx_word' id='word_1_321' title='bbox 1200 3496 1283 3558; x_wconf 88' lang='grc' dir='ltr'><strong>κενδν</strong></span> <span class='ocrx_word' id='word_1_322' title='bbox 1304 3497 1341 3558; x_wconf 92' lang='grc' dir='ltr'><strong>τά</strong></span> <span class='ocrx_word' id='word_1_323' title='bbox 1363 3518 1395 3558; x_wconf 89' lang='grc' dir='ltr'><strong>τε</strong></span> <span class='ocrx_word' id='word_1_324' title='bbox 1417 3495 1471 3558; x_wconf 87' lang='grc' dir='ltr'><strong>όλα</strong></span> <span class='ocrx_word' id='word_1_325' title='bbox 1493 3495 1541 3558; x_wconf 84' lang='grc' dir='ltr'><strong>καὶ</strong></span> 
     </span>
     <span class='ocr_line' id='line_1_30' title="bbox 176 3594 1542 3683; baseline -0.003 -21"><span class='ocrx_word' id='word_1_326' title='bbox 176 3599 214 3663; x_wconf 80' lang='grc' dir='ltr'><strong>τὰ</strong></span> <span class='ocrx_word' id='word_1_327' title='bbox 238 3599 312 3683; x_wconf 88' lang='grc' dir='ltr'><strong>μέρη</strong></span> <span class='ocrx_word' id='word_1_328' title='bbox 334 3598 372 3661; x_wconf 83' lang='grc' dir='ltr'><strong>τὰ</strong></span> <span class='ocrx_word' id='word_1_329' title='bbox 393 3596 499 3660; x_wconf 81' lang='grc' dir='ltr'><strong>αὐτῶν.</strong></span> <span class='ocrx_word' id='word_1_330' title='bbox 522 3598 622 3681; x_wconf 83' lang='grc' dir='ltr'><strong>ὥσπερ</strong></span> <span class='ocrx_word' id='word_1_331' title='bbox 644 3598 677 3660; x_wconf 82' lang='grc' dir='ltr'><strong>δέ</strong></span> <span class='ocrx_word' id='word_1_332' title='bbox 698 3598 731 3660; x_wconf 88' lang='grc' dir='ltr'><strong>τδ</strong></span> <span class='ocrx_word' id='word_1_333' title='bbox 754 3597 836 3659; x_wconf 87' lang='grc' dir='ltr'><strong>κενδν</strong></span> <span class='ocrx_word' id='word_1_334' title='bbox 857 3600 915 3659; x_wconf 89' lang='grc' dir='ltr'><strong>πάν</strong></span> <span class='ocrx_word' id='word_1_335' title='bbox 937 3595 1055 3680; x_wconf 82' lang='grc' dir='ltr'><strong>ἄπειρον</strong></span> <span class='ocrx_word' id='word_1_336' title='bbox 1077 3594 1149 3659; x_wconf 79' lang='grc' dir='ltr'><strong>εἶναι</strong></span> <span class='ocrx_word' id='word_1_337' title='bbox 1172 3597 1279 3679; x_wconf 86' lang='grc' dir='ltr'><strong>πάντη,</strong></span> <span class='ocrx_word' id='word_1_338' title='bbox 1301 3597 1350 3659; x_wconf 81' lang='grc' dir='ltr'><strong>καὶ</strong></span> <span class='ocrx_word' id='word_1_339' title='bbox 1373 3598 1422 3660; x_wconf 88' lang='grc' dir='ltr'><strong>τδν</strong></span> <span class='ocrx_word' id='word_1_340' title='bbox 1437 3596 1542 3682; x_wconf 89' lang='grc' dir='ltr'><strong>χρόνον</strong></span> 
     </span>
     <span class='ocr_line' id='line_1_31' title="bbox 177 3697 1543 3784; baseline -0.002 -19"><span class='ocrx_word' id='word_1_341' title='bbox 177 3703 272 3765; x_wconf 91' lang='grc' dir='ltr'><strong>πάντα</strong></span> <span class='ocrx_word' id='word_1_342' title='bbox 297 3700 415 3783; x_wconf 89' lang='grc' dir='ltr'><strong>άπειρον</strong></span> <span class='ocrx_word' id='word_1_343' title='bbox 443 3699 515 3762; x_wconf 79' lang='grc' dir='ltr'><strong>εἶναι</strong></span> <span class='ocrx_word' id='word_1_344' title='bbox 543 3697 589 3784; x_wconf 81' lang='grc' dir='ltr'><strong>ἐφ’</strong></span> <span class='ocrx_word' id='word_1_345' title='bbox 618 3699 756 3782; x_wconf 83' lang='grc' dir='ltr'><strong>ἑκάτερα·</strong></span> <span class='ocrx_word' id='word_1_346' title='bbox 779 3699 827 3761; x_wconf 84' lang='grc' dir='ltr'><strong>καὶ</strong></span> <span class='ocrx_word' id='word_1_347' title='bbox 853 3698 908 3783; x_wconf 73' lang='grc' dir='ltr'><strong>γὰρ</strong></span> <span class='ocrx_word' id='word_1_348' title='bbox 936 3700 985 3761; x_wconf 89' lang='grc' dir='ltr'><strong>τδν</strong></span> <span class='ocrx_word' id='word_1_349' title='bbox 1011 3698 1237 3782; x_wconf 79' lang='grc' dir='ltr'><strong>παρεληλυθότα</strong></span> <span class='ocrx_word' id='word_1_350' title='bbox 1258 3698 1307 3760; x_wconf 81' lang='grc' dir='ltr'><strong>καὶ</strong></span> <span class='ocrx_word' id='word_1_351' title='bbox 1329 3698 1378 3761; x_wconf 89' lang='grc' dir='ltr'><strong>τδν</strong></span> <span class='ocrx_word' id='word_1_352' title='bbox 1401 3698 1543 3781; x_wconf 80' lang='grc' dir='ltr'><strong>μέλλοντα</strong></span> 
     </span>
     <span class='ocr_line' id='line_1_32' title="bbox 177 3799 1542 3889; baseline -0.002 -22"><span class='ocrx_word' id='word_1_353' title='bbox 177 3803 296 3889; x_wconf 87' lang='grc' dir='ltr'><strong>ἀπειρον</strong></span> <span class='ocrx_word' id='word_1_354' title='bbox 319 3801 402 3866; x_wconf 80' lang='grc' dir='ltr'><strong>εἶναι.</strong></span> <span class='ocrx_word' id='word_1_355' title='bbox 425 3801 624 3887; x_wconf 83' lang='grc' dir='ltr'><strong>ἐκφανέστατα</strong></span> <span class='ocrx_word' id='word_1_356' title='bbox 646 3801 785 3863; x_wconf 79' lang='grc' dir='ltr'><strong>δὲταῦτα</strong></span> <span class='ocrx_word' id='word_1_357' title='bbox 806 3799 893 3883; x_wconf 72' lang='grc' dir='ltr'><strong>λέγει,</strong></span> <span class='ocrx_word' id='word_1_358' title='bbox 916 3800 959 3864; x_wconf 90' lang='grc' dir='ltr'><strong>ότι</strong></span> <span class='ocrx_word' id='word_1_359' title='bbox 975 3799 1073 3870; x_wconf 76' lang='grc' dir='ltr'><strong>οὐθεὶς</strong></span> <span class='ocrx_word' id='word_1_360' title='bbox 1089 3801 1165 3870; x_wconf 85' lang='grc' dir='ltr'><strong>δλιυς</strong></span> <span class='ocrx_word' id='word_1_361' title='bbox 1179 3800 1323 3864; x_wconf 81' lang='grc' dir='ltr'><strong>ἐνίσταται</strong></span> <span class='ocrx_word' id='word_1_362' title='bbox 1338 3801 1455 3886; x_wconf 85' lang='grc' dir='ltr'><strong>χρόνος·</strong></span> <span class='ocrx_word' id='word_1_363' title='bbox 1478 3801 1542 3865; x_wconf 82' lang='grc' dir='ltr'><strong>ἐπεὶ</strong></span> 
     </span>
     <span class='ocr_line' id='line_1_33' title="bbox 176 3900 1582 3991; baseline -0.001 -23"><span class='ocrx_word' id='word_1_364' title='bbox 176 3907 233 3991; x_wconf 79' lang='grc' dir='ltr'><strong>ηάρ</strong></span> <span class='ocrx_word' id='word_1_365' title='bbox 254 3905 296 3975; x_wconf 83' lang='grc' dir='ltr'><strong>εἰς</strong></span> <span class='ocrx_word' id='word_1_366' title='bbox 317 3905 435 3989; x_wconf 90' lang='grc' dir='ltr'><strong>ἀπειρον</strong></span> <span class='ocrx_word' id='word_1_367' title='bbox 458 3905 477 3988; x_wconf 76' lang='grc' dir='ltr'>ἡ</span> <span class='ocrx_word' id='word_1_368' title='bbox 500 3904 576 3986; x_wconf 85' lang='grc' dir='ltr'><strong>τομὴ</strong></span> <span class='ocrx_word' id='word_1_369' title='bbox 598 3907 657 3965; x_wconf 82' lang='grc' dir='ltr'><strong>τῶν</strong></span> <span class='ocrx_word' id='word_1_370' title='bbox 679 3900 859 3987; x_wconf 85' lang='grc' dir='ltr'><strong>συνεχόντων</strong></span> <span class='ocrx_word' id='word_1_371' title='bbox 881 3901 953 3981; x_wconf 86' lang='grc' dir='ltr'><strong>ἐστί,</strong></span> <span class='ocrx_word' id='word_1_372' title='bbox 975 3901 1050 3965; x_wconf 89' lang='grc' dir='ltr'><strong>κατά</strong></span> <span class='ocrx_word' id='word_1_373' title='bbox 1072 3903 1124 3986; x_wconf 80' lang='grc' dir='ltr'><strong>τὴν</strong></span> <span class='ocrx_word' id='word_1_374' title='bbox 1146 3904 1282 3988; x_wconf 88' lang='grc' dir='ltr'><strong>διαίρεσιν</strong></span> <span class='ocrx_word' id='word_1_375' title='bbox 1298 3903 1404 3986; x_wconf 79' lang='grc' dir='ltr'><strong>ταύτην</strong></span> <span class='ocrx_word' id='word_1_376' title='bbox 1419 3905 1467 3968; x_wconf 84' lang='grc' dir='ltr'><strong>καὶ</strong></span> <span class='ocrx_word' id='word_1_377' title='bbox 1483 3908 1540 3975; x_wconf 86' lang='grc' dir='ltr'><strong>πάς</strong></span> <span class='ocrx_word' id='word_1_378' title='bbox 1558 3933 1582 3971; x_wconf 82' lang='grc' dir='ltr'><strong>οο</strong></span> 
     </span>
     <span class='ocr_line' id='line_1_34' title="bbox 177 4002 1542 4094; baseline 0 -24"><span class='ocrx_word' id='word_1_379' title='bbox 177 4008 283 4094; x_wconf 88' lang='grc' dir='ltr'><strong>χρόνος</strong></span> <span class='ocrx_word' id='word_1_380' title='bbox 311 4007 352 4077; x_wconf 86' lang='grc' dir='ltr'><strong>εἰς</strong></span> <span class='ocrx_word' id='word_1_381' title='bbox 380 4006 497 4091; x_wconf 86' lang='grc' dir='ltr'><strong>ἄπειρον</strong></span> <span class='ocrx_word' id='word_1_382' title='bbox 526 4003 589 4090; x_wconf 85' lang='grc' dir='ltr'><strong>ἔχει</strong></span> <span class='ocrx_word' id='word_1_383' title='bbox 615 4005 669 4088; x_wconf 83' lang='grc' dir='ltr'><strong>τήν</strong></span> <span class='ocrx_word' id='word_1_384' title='bbox 696 4005 802 4088; x_wconf 87' lang='grc' dir='ltr'><strong>τομήν·</strong></span> <span class='ocrx_word' id='word_1_385' title='bbox 837 4004 913 4067; x_wconf 83' lang='grc' dir='ltr'><strong>ὥστε</strong></span> <span class='ocrx_word' id='word_1_386' title='bbox 941 4002 1056 4087; x_wconf 86' lang='grc' dir='ltr'><strong>μηθένα</strong></span> <span class='ocrx_word' id='word_1_387' title='bbox 1082 4002 1147 4067; x_wconf 85' lang='grc' dir='ltr'><strong>κατ’</strong></span> <span class='ocrx_word' id='word_1_388' title='bbox 1180 4006 1362 4090; x_wconf 83' lang='grc' dir='ltr'><strong>ἀπαρτισμὸν</strong></span> <span class='ocrx_word' id='word_1_389' title='bbox 1394 4006 1542 4070; x_wconf 84' lang='grc' dir='ltr'><strong>ἐνεστάναι</strong></span> 
     </span>
     <span class='ocr_line' id='line_1_35' title="bbox 177 4106 1542 4196; baseline -0.002 -21"><span class='ocrx_word' id='word_1_390' title='bbox 177 4110 296 4196; x_wconf 88' lang='grc' dir='ltr'><strong>χρόνον,</strong></span> <span class='ocrx_word' id='word_1_391' title='bbox 318 4109 393 4173; x_wconf 81' lang='grc' dir='ltr'><strong>ἀλλὰ</strong></span> <span class='ocrx_word' id='word_1_392' title='bbox 415 4107 490 4172; x_wconf 77' lang='grc' dir='ltr'><strong>κατὰ</strong></span> <span class='ocrx_word' id='word_1_393' title='bbox 511 4107 619 4177; x_wconf 90' lang='grc' dir='ltr'><strong>πλάτος</strong></span> <span class='ocrx_word' id='word_1_394' title='bbox 640 4106 788 4189; x_wconf 73' lang='grc' dir='ltr'><strong>λέγεσθαι.</strong></span> <span class='ocrx_word' id='word_1_395' title='bbox 820 4107 907 4189; x_wconf 87' lang='grc' dir='ltr'><strong>μόνον</strong></span> <span class='ocrx_word' id='word_1_396' title='bbox 929 4107 962 4170; x_wconf 85' lang='grc' dir='ltr'><strong>δέ</strong></span> <span class='ocrx_word' id='word_1_397' title='bbox 980 4107 1122 4191; x_wconf 77' lang='grc' dir='ltr'><strong>ὑπάρχειν</strong></span> <span class='ocrx_word' id='word_1_398' title='bbox 1137 4108 1216 4192; x_wconf 81' lang='grc' dir='ltr'><strong>,φησὶ</strong></span> <span class='ocrx_word' id='word_1_399' title='bbox 1238 4108 1288 4170; x_wconf 88' lang='grc' dir='ltr'><strong>τδν</strong></span> <span class='ocrx_word' id='word_1_400' title='bbox 1311 4108 1470 4186; x_wconf 83' lang='grc' dir='ltr'><strong>ἐνεστῶτα,</strong></span> <span class='ocrx_word' id='word_1_401' title='bbox 1492 4110 1542 4172; x_wconf 89' lang='grc' dir='ltr'><strong>τδν</strong></span> 
     </span>
    </p>
   </div>
   <div class='ocr_carea' id='block_1_7' title="bbox 175 4275 1542 5051">
    <p class='ocr_par' dir='ltr' id='par_1_10' title="bbox 175 4275 1542 4522">
     <span class='ocr_line' id='line_1_36' title="bbox 176 4275 1542 4350; baseline 0.001 -19"><span class='ocrx_word' id='word_1_402' title='bbox 176 4280 189 4331; x_wconf 94' lang='grc'>1</span> <span class='ocrx_word' id='word_1_403' title='bbox 205 4277 264 4332; x_wconf 77' lang='grc' dir='ltr'><strong>οθδέ</strong></span> <span class='ocrx_word' id='word_1_404' title='bbox 281 4278 307 4332; x_wconf 81' lang='grc' dir='ltr'><strong>ἐν</strong></span> <span class='ocrx_word' id='word_1_405' title='bbox 319 4282 352 4332; x_wconf 82' lang='lat' dir='ltr'><strong>F:</strong></span> <span class='ocrx_word' id='word_1_406' title='bbox 371 4279 398 4331; x_wconf 81' lang='grc' dir='ltr'><strong>ἐν</strong></span> <span class='ocrx_word' id='word_1_407' title='bbox 417 4278 484 4344; x_wconf 77' lang='grc' dir='ltr'><strong>(οὐδὲ</strong></span> <span class='ocrx_word' id='word_1_408' title='bbox 504 4282 565 4342; x_wconf 86' lang='lat' dir='ltr'>om.)</span> <span class='ocrx_word' id='word_1_409' title='bbox 588 4277 636 4348; x_wconf 81' lang='grc' dir='ltr'><strong>ΟΙΙ</strong></span> <span class='ocrx_word' id='word_1_410' title='bbox 651 4275 732 4337; x_wconf 77' lang='grc' dir='ltr'><strong>οὕτως</strong></span> <span class='ocrx_word' id='word_1_411' title='bbox 750 4277 776 4330; x_wconf 85' lang='grc' dir='ltr'><strong>δέ</strong></span> <span class='ocrx_word' id='word_1_412' title='bbox 794 4283 831 4331; x_wconf 75' lang='lat' dir='ltr'><strong>A:</strong></span> <span class='ocrx_word' id='word_1_413' title='bbox 885 4282 985 4330; x_wconf 79' lang='lat' dir='ltr'><strong>correxi</strong></span> <span class='ocrx_word' id='word_1_414' title='bbox 1004 4275 1019 4346; x_wconf 86' lang='grc' dir='ltr'><strong>ΙΙ</strong></span> <span class='ocrx_word' id='word_1_415' title='bbox 1044 4279 1073 4333; x_wconf 84' lang='grc'><strong>16</strong></span> <span class='ocrx_word' id='word_1_416' title='bbox 1092 4277 1136 4329; x_wconf 86' lang='grc' dir='ltr'><strong>καί</strong></span> <span class='ocrx_word' id='word_1_417' title='bbox 1155 4295 1211 4335; x_wconf 83' lang='grc' dir='ltr'><strong>πως</strong></span> <span class='ocrx_word' id='word_1_418' title='bbox 1229 4277 1285 4342; x_wconf 83' lang='grc' dir='ltr'><strong>[καὶ</strong></span> <span class='ocrx_word' id='word_1_419' title='bbox 1304 4284 1359 4338; x_wconf 87' lang='grc' dir='ltr'><strong>πῶς</strong></span> <span class='ocrx_word' id='word_1_420' title='bbox 1378 4282 1411 4346; x_wconf 83' lang='lat' dir='ltr'><strong>C]</strong></span> <span class='ocrx_word' id='word_1_421' title='bbox 1429 4279 1481 4350; x_wconf 68' lang='grc' dir='ltr'><strong>ἔχει</strong></span> <span class='ocrx_word' id='word_1_422' title='bbox 1499 4279 1542 4333; x_wconf 88' lang='grc' dir='ltr'><strong>τόν</strong></span> 
     </span>
     <span class='ocr_line' id='line_1_37' title="bbox 175 4362 1539 4434; baseline 0.001 -17"><span class='ocrx_word' id='word_1_423' title='bbox 175 4383 243 4418; x_wconf 83' lang='lat' dir='ltr'><strong>corr.</strong></span> <span class='ocrx_word' id='word_1_424' title='bbox 263 4369 370 4420; x_wconf 79' lang='lat' dir='ltr'>Usener.</span> <span class='ocrx_word' id='word_1_425' title='bbox 390 4365 471 4426; x_wconf 82' lang='grc' dir='ltr'><strong>οὕτως</strong></span> <span class='ocrx_word' id='word_1_426' title='bbox 490 4369 533 4419; x_wconf 80' lang='grc' dir='ltr'><strong>καὶ</strong></span> <span class='ocrx_word' id='word_1_427' title='bbox 553 4371 611 4419; x_wconf 73' lang='lat' dir='ltr'>Vnt.</span> <span class='ocrx_word' id='word_1_428' title='bbox 635 4376 661 4418; x_wconf 81' lang='lat' dir='ltr'><strong>et</strong></span> <span class='ocrx_word' id='word_1_429' title='bbox 684 4369 752 4432; x_wconf 83' lang='lat' dir='ltr'>Aug.</span> <span class='ocrx_word' id='word_1_430' title='bbox 776 4363 790 4433; x_wconf 81' lang='grc' dir='ltr'><strong>ΙΙ</strong></span> <span class='ocrx_word' id='word_1_431' title='bbox 816 4365 832 4417; x_wconf 78' lang='lat'><strong>2</strong></span> <span class='ocrx_word' id='word_1_432' title='bbox 884 4362 1056 4433; x_wconf 82' lang='grc' dir='ltr'><strong>ἐπινοοόμιναν</strong></span> <span class='ocrx_word' id='word_1_433' title='bbox 1068 4367 1105 4416; x_wconf 79' lang='lat' dir='ltr'><strong>A:</strong></span> <span class='ocrx_word' id='word_1_434' title='bbox 1125 4379 1191 4416; x_wconf 82' lang='lat' dir='ltr'>corr.</span> <span class='ocrx_word' id='word_1_435' title='bbox 1210 4368 1312 4419; x_wconf 83' lang='lat' dir='ltr'>Heeren</span> <span class='ocrx_word' id='word_1_436' title='bbox 1333 4363 1346 4434; x_wconf 89' lang='grc' dir='ltr'><strong>ΙΙ</strong></span> <span class='ocrx_word' id='word_1_437' title='bbox 1361 4366 1405 4417; x_wconf 80' lang='grc' dir='ltr'><strong>καὶ</strong></span> <span class='ocrx_word' id='word_1_438' title='bbox 1423 4368 1511 4419; x_wconf 73' lang='lat' dir='ltr'>addidi</span> <span class='ocrx_word' id='word_1_439' title='bbox 1526 4363 1539 4434; x_wconf 86' lang='grc' dir='ltr'><strong>ΙΙ</strong></span> 
     </span>
     <span class='ocr_line' id='line_1_38' title="bbox 175 4450 1539 4522; baseline 0.001 -18"><span class='ocrx_word' id='word_1_440' title='bbox 175 4452 224 4522; x_wconf 79' lang='grc' dir='ltr'><strong>τήν</strong></span> <span class='ocrx_word' id='word_1_441' title='bbox 243 4451 320 4506; x_wconf 74' lang='grc' dir='ltr'><strong>αίντοῦ</strong></span> <span class='ocrx_word' id='word_1_442' title='bbox 339 4458 431 4521; x_wconf 81' lang='lat' dir='ltr'><strong>vulgo:</strong></span> <span class='ocrx_word' id='word_1_443' title='bbox 451 4459 552 4507; x_wconf 85' lang='lat' dir='ltr'>correxi</span> <span class='ocrx_word' id='word_1_444' title='bbox 886 4453 918 4506; x_wconf 80' lang='lat'><strong>19</strong></span> <span class='ocrx_word' id='word_1_445' title='bbox 930 4451 1020 4522; x_wconf 91' lang='grc' dir='ltr'><strong>χρόνου</strong></span> <span class='ocrx_word' id='word_1_446' title='bbox 1033 4455 1071 4503; x_wconf 69' lang='lat' dir='ltr'><strong>At</strong></span> <span class='ocrx_word' id='word_1_447' title='bbox 1090 4468 1154 4503; x_wconf 82' lang='lat' dir='ltr'><strong>corr.</strong></span> <span class='ocrx_word' id='word_1_448' title='bbox 1169 4454 1277 4506; x_wconf 75' lang='lat' dir='ltr'>Usener.</span> <span class='ocrx_word' id='word_1_449' title='bbox 1291 4457 1395 4506; x_wconf 77' lang='lat' dir='ltr'>seclusit</span> <span class='ocrx_word' id='word_1_450' title='bbox 1407 4456 1509 4506; x_wconf 84' lang='grc' dir='ltr'><strong>Ηεετεη</strong></span> <span class='ocrx_word' id='word_1_451' title='bbox 1525 4450 1539 4521; x_wconf 94' lang='grc' dir='ltr'><strong>ΙΙ</strong></span> 
     </span>
    </p>

    <p class='ocr_par' dir='ltr' id='par_1_11' title="bbox 175 4536 1542 5051">
     <span class='ocr_line' id='line_1_39' title="bbox 213 4536 1540 4610; baseline -0.001 -17"><span class='ocrx_word' id='word_1_452' title='bbox 213 4537 831 4610; x_wconf 64' lang='lat' dir='ltr'>4demsscs.Prol.p.732qq.1v1v11xn</span> <span class='ocrx_word' id='word_1_453' title='bbox 884 4539 918 4593; x_wconf 77' lang='lat'><strong>23</strong></span> <span class='ocrx_word' id='word_1_454' title='bbox 936 4536 993 4592; x_wconf 83' lang='grc' dir='ltr'><strong>καθ’</strong></span> <span class='ocrx_word' id='word_1_455' title='bbox 1015 4537 1042 4591; x_wconf 84' lang='grc' dir='ltr'><strong>θν</strong></span> <span class='ocrx_word' id='word_1_456' title='bbox 1060 4543 1098 4591; x_wconf 83' lang='grc' dir='ltr'><strong>Δτ</strong></span> <span class='ocrx_word' id='word_1_457' title='bbox 1116 4555 1182 4591; x_wconf 85' lang='lat' dir='ltr'>corr.</span> <span class='ocrx_word' id='word_1_458' title='bbox 1201 4542 1304 4592; x_wconf 83' lang='grc' dir='ltr'><strong>Ηοετειι</strong></span> <span class='ocrx_word' id='word_1_459' title='bbox 1325 4536 1337 4607; x_wconf 81' lang='grc' dir='ltr'><strong>ΙΙ</strong></span> <span class='ocrx_word' id='word_1_460' title='bbox 1359 4538 1393 4593; x_wconf 80' lang='lat'><strong>24</strong></span> <span class='ocrx_word' id='word_1_461' title='bbox 1411 4543 1481 4592; x_wconf 82' lang='lat' dir='ltr'>idem</span> <span class='ocrx_word' id='word_1_462' title='bbox 1500 4559 1540 4592; x_wconf 80' lang='lat' dir='ltr'><strong>re·</strong></span> 
     </span>
     <span class='ocr_line' id='line_1_40' title="bbox 176 4623 1542 4700; baseline -0.002 -20"><span class='ocrx_word' id='word_1_463' title='bbox 176 4632 299 4682; x_wconf 73' lang='lat' dir='ltr'><strong>lemmata</strong></span> <span class='ocrx_word' id='word_1_464' title='bbox 321 4627 440 4700; x_wconf 87' lang='grc' dir='ltr'><strong>Ζήνωνος</strong></span> <span class='ocrx_word' id='word_1_465' title='bbox 463 4628 649 4698; x_wconf 79' lang='grc' dir='ltr'><strong>Ἀπολλοδώρου</strong></span> <span class='ocrx_word' id='word_1_466' title='bbox 670 4623 834 4680; x_wconf 84' lang='grc' dir='ltr'><strong>Ποσειδωνίου</strong></span> <span class='ocrx_word' id='word_1_467' title='bbox 885 4632 979 4695; x_wconf 76' lang='lat' dir='ltr'>petitur</span> <span class='ocrx_word' id='word_1_468' title='bbox 997 4644 1014 4678; x_wconf 77' lang='lat' dir='ltr'><strong>a</strong></span> <span class='ocrx_word' id='word_1_469' title='bbox 1031 4628 1144 4680; x_wconf 80' lang='lat' dir='ltr'><strong>Stobaeo</strong></span> <span class='ocrx_word' id='word_1_470' title='bbox 1164 4625 1294 4693; x_wconf 77' lang='lat' dir='ltr'><strong>p.25011.</strong></span> <span class='ocrx_word' id='word_1_471' title='bbox 1317 4638 1375 4693; x_wconf 81' lang='lat' dir='ltr'><strong>post</strong></span> <span class='ocrx_word' id='word_1_472' title='bbox 1394 4630 1452 4680; x_wconf 74' lang='grc' dir='ltr'><strong>Αδι.</strong></span> <span class='ocrx_word' id='word_1_473' title='bbox 1463 4626 1542 4680; x_wconf 70' lang='grc' dir='ltr'><strong>Ιθθν</strong></span> 
     </span>
     <span class='ocr_line' id='line_1_41' title="bbox 175 4711 1540 4786; baseline -0.001 -17"><span class='ocrx_word' id='word_1_474' title='bbox 175 4714 323 4786; x_wconf 82' lang='grc' dir='ltr'><strong>Χρυσίππου</strong></span> <span class='ocrx_word' id='word_1_475' title='bbox 348 4723 374 4770; x_wconf 83' lang='lat' dir='ltr'><strong>in</strong></span> <span class='ocrx_word' id='word_1_476' title='bbox 394 4736 473 4784; x_wconf 81' lang='lat' dir='ltr'><strong>marg.</strong></span> <span class='ocrx_word' id='word_1_477' title='bbox 493 4722 585 4770; x_wconf 77' lang='lat' dir='ltr'><strong>iterata</strong></span> <span class='ocrx_word' id='word_1_478' title='bbox 603 4726 668 4768; x_wconf 74' lang='lat' dir='ltr'>sunt.</span> <span class='ocrx_word' id='word_1_479' title='bbox 699 4725 758 4782; x_wconf 79' lang='lat' dir='ltr'><strong>post</strong></span> <span class='ocrx_word' id='word_1_480' title='bbox 775 4716 835 4767; x_wconf 77' lang='grc' dir='ltr'><strong>εἶναι</strong></span> <span class='ocrx_word' id='word_1_481' title='bbox 885 4716 975 4785; x_wconf 78' lang='grc' dir='ltr'><strong>μέτρον</strong></span> <span class='ocrx_word' id='word_1_482' title='bbox 989 4711 1169 4785; x_wconf 75' lang='grc' dir='ltr'><strong>βραδότητοςὴ</strong></span> <span class='ocrx_word' id='word_1_483' title='bbox 1188 4714 1280 4783; x_wconf 88' lang='grc' dir='ltr'><strong>τάχους</strong></span> <span class='ocrx_word' id='word_1_484' title='bbox 1299 4714 1351 4767; x_wconf 80' lang='grc' dir='ltr'><strong>τίπτ</strong></span> <span class='ocrx_word' id='word_1_485' title='bbox 1369 4712 1513 4784; x_wconf 80' lang='grc' dir='ltr'><strong>Χρὺσιππος</strong></span> <span class='ocrx_word' id='word_1_486' title='bbox 1527 4712 1540 4783; x_wconf 66' lang='lat' dir='ltr'><strong>{j</strong></span> 
     </span>
     <span class='ocr_line' id='line_1_42' title="bbox 176 4799 1540 4872; baseline -0.001 -15"><span class='ocrx_word' id='word_1_487' title='bbox 176 4808 231 4860; x_wconf 82' lang='lat' dir='ltr'><strong>v.6</strong></span> <span class='ocrx_word' id='word_1_488' title='bbox 249 4810 421 4872; x_wconf 80' lang='lat' dir='ltr'><strong>interponitur</strong></span> <span class='ocrx_word' id='word_1_489' title='bbox 439 4810 550 4858; x_wconf 81' lang='lat' dir='ltr'><strong>Hermae</strong></span> <span class='ocrx_word' id='word_1_490' title='bbox 568 4809 640 4856; x_wconf 81' lang='lat' dir='ltr'>loeus</span> <span class='ocrx_word' id='word_1_491' title='bbox 654 4801 668 4872; x_wconf 77' lang='grc' dir='ltr'><strong>ΙΙ</strong></span> <span class='ocrx_word' id='word_1_492' title='bbox 684 4803 699 4856; x_wconf 89' lang='lat'>5</span> <span class='ocrx_word' id='word_1_493' title='bbox 713 4813 771 4870; x_wconf 81' lang='lat' dir='ltr'>post</span> <span class='ocrx_word' id='word_1_494' title='bbox 783 4802 835 4871; x_wconf 78' lang='grc' dir='ltr'><strong>ίχιι</strong></span> <span class='ocrx_word' id='word_1_495' title='bbox 879 4801 919 4855; x_wconf 69' lang='grc'><strong>29</strong></span> <span class='ocrx_word' id='word_1_496' title='bbox 935 4801 1107 4872; x_wconf 81' lang='grc' dir='ltr'><strong>ἐκφανέστατα</strong></span> <span class='ocrx_word' id='word_1_497' title='bbox 1121 4805 1158 4852; x_wconf 78' lang='lat' dir='ltr'><strong>A:</strong></span> <span class='ocrx_word' id='word_1_498' title='bbox 1179 4799 1353 4871; x_wconf 82' lang='grc' dir='ltr'><strong>ἐμφανέστατα</strong></span> <span class='ocrx_word' id='word_1_499' title='bbox 1372 4805 1430 4855; x_wconf 84' lang='lat' dir='ltr'>cod.</span> <span class='ocrx_word' id='word_1_500' title='bbox 1444 4808 1512 4870; x_wconf 81' lang='lat' dir='ltr'><strong>Aug.</strong></span> <span class='ocrx_word' id='word_1_501' title='bbox 1527 4802 1540 4872; x_wconf 76' lang='grc'><strong>11</strong></span> 
     </span>
     <span class='ocr_line' id='line_1_43' title="bbox 175 4886 1542 4963; baseline -0.001 -18"><span class='ocrx_word' id='word_1_502' title='bbox 175 4896 232 4946; x_wconf 79' lang='lat' dir='ltr'><strong>hiat</strong></span> <span class='ocrx_word' id='word_1_503' title='bbox 254 4899 337 4947; x_wconf 74' lang='lat' dir='ltr'>oratio</span> <span class='ocrx_word' id='word_1_504' title='bbox 361 4898 393 4946; x_wconf 82' lang='lat' dir='ltr'><strong>cf.</strong></span> <span class='ocrx_word' id='word_1_505' title='bbox 417 4915 441 4946; x_wconf 88' lang='lat' dir='ltr'><strong>v.</strong></span> <span class='ocrx_word' id='word_1_506' title='bbox 459 4896 489 4948; x_wconf 87' lang='grc'><strong>16</strong></span> <span class='ocrx_word' id='word_1_507' title='bbox 510 4891 523 4963; x_wconf 68' lang='grc' dir='ltr'><strong>λλ</strong></span> <span class='ocrx_word' id='word_1_508' title='bbox 547 4892 576 4945; x_wconf 80' lang='lat'><strong>12</strong></span> <span class='ocrx_word' id='word_1_509' title='bbox 599 4891 774 4961; x_wconf 86' lang='grc' dir='ltr'><strong>ἀπαρτίζοντος</strong></span> <span class='ocrx_word' id='word_1_510' title='bbox 796 4896 834 4945; x_wconf 75' lang='lat' dir='ltr'><strong>A:</strong></span> <span class='ocrx_word' id='word_1_511' title='bbox 886 4886 943 4948; x_wconf 86' lang='grc' dir='ltr'><strong>ὅλος</strong></span> <span class='ocrx_word' id='word_1_512' title='bbox 970 4893 1008 4941; x_wconf 75' lang='lat' dir='ltr'><strong>A:</strong></span> <span class='ocrx_word' id='word_1_513' title='bbox 1039 4905 1104 4940; x_wconf 85' lang='lat' dir='ltr'><strong>corr.</strong></span> <span class='ocrx_word' id='word_1_514' title='bbox 1132 4891 1189 4940; x_wconf 85' lang='lat' dir='ltr'><strong>eod.</strong></span> <span class='ocrx_word' id='word_1_515' title='bbox 1220 4892 1288 4956; x_wconf 74' lang='lat' dir='ltr'><strong>Aug.</strong></span> <span class='ocrx_word' id='word_1_516' title='bbox 1317 4888 1329 4957; x_wconf 73' lang='grc' dir='ltr'><strong>λΙ</strong></span> <span class='ocrx_word' id='word_1_517' title='bbox 1359 4888 1393 4942; x_wconf 74' lang='lat'><strong>32</strong></span> <span class='ocrx_word' id='word_1_518' title='bbox 1420 4892 1482 4961; x_wconf 79' lang='grc' dir='ltr'><strong>φησὶ</strong></span> <span class='ocrx_word' id='word_1_519' title='bbox 1508 4894 1542 4943; x_wconf 85' lang='lat' dir='ltr'><strong>C:</strong></span> 
     </span>
     <span class='ocr_line' id='line_1_44' title="bbox 175 4978 985 5051; baseline -0.006 -17"><span class='ocrx_word' id='word_1_520' title='bbox 175 5000 242 5035; x_wconf 82' lang='grc' dir='ltr'><strong>οοττ.</strong></span> <span class='ocrx_word' id='word_1_521' title='bbox 264 4986 366 5035; x_wconf 82' lang='grc' dir='ltr'><strong>Ηεετειι</strong></span> <span class='ocrx_word' id='word_1_522' title='bbox 388 4979 401 5050; x_wconf 88' lang='grc' dir='ltr'><strong>ΙΙ</strong></span> <span class='ocrx_word' id='word_1_523' title='bbox 424 4983 456 5036; x_wconf 79' lang='lat'><strong>15</strong></span> <span class='ocrx_word' id='word_1_524' title='bbox 479 4981 605 5051; x_wconf 76' lang='grc' dir='ltr'><strong>ἑκατέροις</strong></span> <span class='ocrx_word' id='word_1_525' title='bbox 628 4980 779 5050; x_wconf 80' lang='grc' dir='ltr'><strong>πιπίρασται</strong></span> <span class='ocrx_word' id='word_1_526' title='bbox 798 4983 834 5031; x_wconf 71' lang='lat' dir='ltr'><strong>A:</strong></span> <span class='ocrx_word' id='word_1_527' title='bbox 886 4978 946 5047; x_wconf 81' lang='grc' dir='ltr'><strong>φασὶ</strong></span> <span class='ocrx_word' id='word_1_528' title='bbox 964 4979 985 5029; x_wconf 82' lang='lat' dir='ltr'>F</span> 
     </span>
    </p>
   </div>
   <div class='ocr_carea' id='block_1_8' title="bbox 0 0 1726 5588">
    <p class='ocr_par' dir='ltr' id='par_1_12' title="bbox 0 0 1726 5588">
     <span class='ocr_line' id='line_1_45' title="bbox 0 0 1726 5588; baseline 0 0"><span class='ocrx_word' id='word_1_529' title='bbox 0 0 1726 5588; x_wconf 95' lang='lat' dir='ltr'><strong> </strong></span> 
     </span>
    </p>
   </div>
  </div>
 </body>
</html>
