3442 5588
585 355 723 408 aarum
740 354 882 407 menon
900 352 1041 407 ramos.
1051 350 1155 407 νι-νι
1487 350 1550 416 615

241 527 312 590 εἶναι
334 527 368 589 δὲ
389 526 425 589 τὰ
449 525 523 610 μέρη
545 530 598 609 τῆς
620 530 717 611 ψυχῆς
741 524 886 589 Πλάτων
917 525 969 606 μὲν
996 524 1061 608 τρία
1083 524 1215 606 νενόμικε
1236 524 1350 607 λογικὸν
1374 521 1497 605 θυμικὸν

238 628 458 711 ἐπιθυμητικόν.
492 625 739 712 Ἀριστοτέλης
760 627 793 690 δὲ
814 629 981 712 προσήγαγε
1001 627 1050 691 καὶ
1072 628 1105 689 τδ
1127 626 1248 711 φυσικόν
1271 649 1303 689 τε
1324 625 1373 688 καὶ
1395 624 1429 687 τδ
1445 628 1499 696 ζω·

235 732 324 796 τικόν.
367 731 520 796 Στωικοὶ
542 731 576 794 δὲ
596 730 723 814 τέσσαρα
746 731 820 814 μέρη
842 735 895 814 τῆς
910 735 1009 814 ψυχῆς
1023 727 1097 794 εἶναί
1110 751 1181 814 φασι
1196 729 1311 812 λογικόν
1326 728 1498 812 αἰσθητικόν

235 834 399 918 φωνητικὸν
430 834 640 918 σπερματικόν·
671 834 745 902 τινὲς
773 832 806 896 δὲ
834 834 887 917 τὴν
909 833 1007 918 ψυχήν
1030 833 1126 916 ἁπλῆν
1152 833 1201 896 καὶ
1227 832 1323 915 ἀμερῆ
1346 831 1497 916 τυγχάνειν

203 957 215 993 ν
235 938 393 1021 εἰρήκασιν.
430 937 514 1000 οὐδὲν
535 935 590 1019 γὰρ
612 934 685 998 ἀλλο
706 935 760 1019 τήν
775 937 873 1020 Ιφυχὴν
888 935 1139 1018 ὑπολαμβάνουσιν
1154 935 1174 1017 ή
1190 934 1327 1018 φρόνησιν
1345 934 1496 1018 ὑπάρχειν,

233 1040 269 1122 ἣν
300 1041 348 1102 καὶ
380 1044 447 1102 νοῦν
475 1040 523 1103 καί
550 1036 899 1122 νόησινίπροσειρήκασι.
944 1036 1160 1122 Μνήσαρχος
1191 1038 1224 1100 δὲ
1251 1038 1302 1120 τήν
1330 1036 1495 1100 Στωικῶν
1512 1055 1547 1092 νοτ

235 1142 378 1227 ὑπόληψιν
401 1142 553 1226 ἐπικρίνων
575 1143 609 1204 τὸ
639 1143 803 1226 φωνητικὸν
829 1139 904 1224 (καὶ)
930 1142 963 1203 τδ
993 1140 1187 1223 σπερματικὸν
1217 1143 1357 1224 περιεῖλεν
1384 1139 1496 1222 οἰηθεὶς

233 1250 286 1328 τῆς
319 1244 493 1329 αἰσθητικῆς
523 1246 672 1328 δυνάμεως
705 1248 796 1308 ταῦτα
823 1243 972 1329 μετέχειν,
1010 1243 1085 1327 μέρη
1119 1243 1152 1306 δὲ
1185 1247 1237 1327 τῆς
1270 1247 1368 1328 ψυχῆς
1403 1240 1493 1327 ιγ’νήθη

235 1347 322 1429 μόνον
343 1349 376 1410 τό
399 1349 513 1430 λογικὸν
536 1348 584 1410 καὶ
606 1349 639 1411 τδ
662 1346 848 1431 αἰσθητικόν,
878 1342 903 1430 η’)
933 1342 981 1408 καὶ
1009 1346 1119 1427 μᾶλλον
1145 1344 1180 1409 ἀν
1206 1368 1247 1414 τις
1275 1347 1491 1430 συγχωρήσειεν

191 1468 216 1507 ιο
234 1449 371 1532 εὐλόγως.

558 1708 599 1772 25
636 1704 722 1790 Περὶ
746 1704 852 1776 ἰδέας.
888 1714 1164 1779 [aluminum]
1509 1726 1545 1765 τό

306 1863 379 1927 Ἰδέα
407 1864 483 1927 ἐστὶν
512 1862 596 1927 οὐσία
624 1863 795 1944 ἀσώματος,
821 1863 896 1947 αὐτὴ
924 1864 976 1946 μὲν
1004 1864 1161 1948 ὑφεστῶσα
1190 1860 1257 1926 καθ’
1285 1863 1392 1947 αὑτήν,
1420 1862 1492 1925 εἰκο·

231 1968 348 2040 νίζουσα
362 1966 396 2028 δὲ
417 1966 468 2035 τὰς
490 1965 640 2050 ἀμόρφους
661 1965 731 2035 ὕλας
752 1966 800 2029 καὶ
823 1965 900 2029 αἰτία
921 1967 1084 2051 γιγνομένη.
1122 1966 1265 2032 Πλάτων
1287 1966 1321 2029 δὲ
1335 1971 1491 2051 συγχωρεῖ,

230 2071 297 2134 όσον
320 2069 450 2147 δυνατόν,
483 2074 543 2138 τοῖς
571 2070 696 2154 νοήμασι
729 2069 777 2131 καὶ
808 2073 871 2138 ταῖς
905 2070 1075 2153 φαντασίαις
1105 2075 1199 2155 ζητεῖν
1230 2070 1294 2152 περὶ
1326 2073 1378 2132 τοῦ
1409 2069 1491 2131 θεοῦ.

186 2193 211 2231 ιε
229 2171 475 2257 Ἀριστοτέλης
502 2171 534 2234 δὲ
555 2169 620 2255 εἴδη
644 2172 696 2253 μὲν
718 2172 766 2234 καὶ
789 2171 868 2242 ίδέας
890 2172 1039 2251 ἀπέλιπεν,
1063 2173 1097 2237 οὐ
1121 2176 1178 2257 μὴν
1200 2171 1418 2258 κεχωρισμένας
1439 2175 1492 2254 τῆς

232 2277 315 2360 ὕλης·
339 2277 366 2339 οἱ
388 2276 421 2339 δὲ
441 2274 595 2339 Στωικοί
618 2274 782 2358 ἐννοήματα
803 2274 931 2358 ήμέτερα
953 2274 1004 2344 τὰς
1027 2275 1104 2345 ἰδέας
1125 2274 1198 2339 εἶναι
1220 2275 1392 2359 νομίζουσιν.

535 2533 577 2597 26
614 2530 699 2615 Περὶ
721 2531 930 2617 ἐλαχίστων.
964 2542 1071 2607 [ΡΙυαΙ
1087 2541 1118 2594 13
1132 2540 1185 2606 ιν]
1507 2552 1543 2590 ιιι

313 2686 380 2752 Τῶν
402 2690 550 2771 τεσσάρων
573 2689 725 2773 στοιχείων
748 2689 904 2772 πράγματα
926 2688 1072 2774 βαρύτατα
1096 2690 1157 2752 οἷον
1180 2695 1311 2774 στοιχεῖα
1333 2689 1392 2752 ἀπὸ
1415 2711 1488 2753 στοιι

231 2794 319 2877 χείων
346 2793 366 2875 ή
392 2793 531 2877 ψήγματα
564 2790 728 2872 νομίζουσιν
757 2790 832 2856 είναί
859 2815 932 2863 τινες
963 2793 999 2855 τὰ
1029 2793 1171 2877 λεγόμενα
1201 2793 1351 2878 ἐλάχιστα.
1390 2789 1490 2875 Ἡρά-

186 2914 212 2953 ιο
230 2898 373 2964 κλειτος
395 2895 428 2958 δὲ
450 2895 557 2978 εἰσάγει
579 2898 671 2958 ταῦτα
692 2895 791 2978 νοήσει
813 2895 900 2978 μόνον
921 2898 1027 2980 ληπτά.

475 3154 514 3218 27
552 3151 637 3235 ssepi
660 3154 871 3238 χρωμάτων.
908 3163 1245 3230 [Ρ1υε115ι.ι.ο.ι.ο.ι]
1505 3171 1539 3209 ιιι
1590 3151 1594 3157 ’

314 3306 432 3392 Χρῶμά
458 3309 519 3372 ἐστι
547 3309 666 3393 ποιότης
694 3311 829 3391 σώματος
851 3312 954 3394 ὁρατή.
998 3308 1035 3374 Οἱ
1064 3309 1300 3392 Πυθαγόρειοι
1329 3309 1362 3370 δὲ
1387 3308 1489 3392 χροιὰν

228 3412 276 3474 καὶ
309 3415 418 3496 χρῶμα
450 3411 572 3474 ἐκάλουν
605 3412 656 3494 τήν
690 3412 858 3497 ἐπιφάνειαν
896 3418 946 3476 τοῦ
984 3415 1131 3494 σώματος.
1178 3411 1424 3494 Ἐμπεδοκλῆς
1457 3410 1490 3472 δὲ

176 3612 378 3621 ---
883 3615 1085 3624 ,—

177 3758 259 3808 quasi
282 3751 365 3793 uastas
392 3741 502 3807 aliaque
525 3750 667 3809 ιεριιιιιοαισ
690 3756 833 3805 corporum.
883 3742 1026 3812 ίπικρίνων)
1055 3746 1090 3795 B:
1119 3753 1187 3794 reete
1216 3746 1240 3792 A
1270 3738 1284 3808 ΙΙ
1312 3742 1356 3792 καὶ
1386 3743 1447 3792 add.
1474 3743 1499 3792 D
1527 3738 1539 3807 ΙΙ

180 3830 284 3898 integer
307 3829 353 3881 ille
379 3827 498 3895 nihilque
526 3829 555 3879 in
577 3828 655 3879 terrie
678 3826 833 3894 relinquens
884 3827 1028 3898 σωματικόν
1053 3832 1114 3882 AB:
1143 3847 1208 3881 corr.
1227 3831 1375 3882 chartarius
1395 3828 1409 3895 Η
1429 3830 1446 3883 8
1465 3824 1539 3898 ᾠήθη

170 3919 248 3985 suuis
267 3926 291 3969 ει
309 3927 376 3969 sotus
394 3917 503 3969 excessit
512 3914 674 3982 paulumque
686 3932 768 3980 supra
784 3931 833 3967 nas
883 3917 957 3984 μόνον
979 3920 1081 3983 scripsi:
1107 3913 1230 3985 ὼήθημεν
1248 3922 1286 3969 A:
1306 3914 1429 3986 ῶήθησαν
1446 3920 1468 3970 Β
1489 3915 1503 3984 ΙΙ
1524 3918 1539 3970 θ

177 4015 350 4058 commoratus
369 4005 432 4055 dum
444 4012 608 4070 expurgatur
626 4012 651 4055 ει
670 4002 833 4055 inhaerentia
883 4004 981 4056 ὤνκαὶ
1000 4006 1060 4056 AB:
1080 4022 1145 4055 corr.
1164 4007 1189 4055 D

180 4092 250 4144 viiia
267 4092 395 4159 risumque
408 4107 504 4143 omnem
522 4089 711 4141 mortalisasvi
728 4091 832 4154 ereutii,
919 4091 953 4145 12
979 4089 1049 4143 οθσία
1068 4089 1185 4159 σώματος
1203 4095 1241 4143 A:
1266 4091 1383 4159 σώματος
1406 4089 1477 4144 ouen
1503 4093 1538 4143 B:

177 4179 277 4232 dsiude
288 4180 325 4231 ad
334 4177 437 4232 επιαῑιο
446 4177 561 4229 suasam
571 4178 642 4228 inter
644 4177 739 4244 felices
749 4178 833 4230 curris
883 4192 950 4233 reete
963 4184 987 4233 N
999 4178 1013 4247 Ιί
1025 4178 1159 4247 θφεστῶσα
1173 4178 1218 4246 μέν
1231 4177 1296 4248 αδτὴ
1307 4181 1329 4232 Β
1346 4176 1360 4248 ΙΙ
1375 4175 1432 4232 καθ’
1448 4178 1540 4246 ἑαυτὴν

178 4268 284 4319 animas
303 4275 350 4320 ete.
377 4263 392 4335 ΙΙ
418 4264 480 4318 θτι
499 4283 550 4317 om.
569 4267 591 4317 B
610 4268 668 4317 sort.
688 4272 756 4315 recte
781 4264 794 4330 ΙΙ
815 4263 832 4317 3
883 4270 918 4321 B:
936 4264 996 4319 κατ’
1015 4265 1095 4334 αὐτὴν
1113 4269 1137 4317 Α
1156 4264 1171 4333 ΙΙ
1195 4267 1227 4318 14
1244 4270 1289 4318 τοῦ
1308 4284 1358 4319 om.
1377 4268 1400 4318 B
1422 4263 1435 4334 ίΙ
1457 4266 1489 4319 15
1506 4267 1539 4334 τῆ

176 4353 200 4405 ολ
220 4350 329 4406 Στωικοὶ
347 4356 369 4406 Β
390 4348 403 4420 ΙΙ
425 4353 547 4422 τέσσαρατ
567 4355 645 4419 vulgo
668 4349 697 4403 τὸ
720 4349 832 4421 αίσθητι-
883 4359 929 4425 τῆς
941 4360 965 4407 A
981 4352 995 4423 ΙΙ
1010 4356 1043 4410 16
1055 4353 1079 4406 οἱ
1095 4353 1199 4406 στωικοὶ
1216 4351 1242 4404 δὲ
1260 4357 1283 4406 Β
1298 4350 1311 4422 ΙΙ
1326 4365 1384 4421 post
1401 4352 1540 4420 νομίζουσιν

177 4441 223 4492 κόν
241 4446 269 4493 in
287 4445 399 4506 quinque
419 4458 509 4492 sensus
528 4443 662 4501 dividitur,
686 4442 754 4492 unde
773 4451 831 4492 ueto
882 4445 906 4496 Β
923 4445 995 4496 addit
1013 4443 1057 4494 καὶ
1075 4440 1124 4511 οδχ
1142 4439 1225 4509 ῶσπερ
1245 4440 1267 4492 οἱ
1287 4437 1456 4494 Πλατωνικοίτ
1476 4457 1507 4495 μν

176 4541 343 4581 numerantur
372 4525 386 4594 ΙΙ
417 4530 434 4581 4
462 4525 544 4595 ἁπλῆ-ν
571 4530 606 4580 B:
635 4525 703 4595 ἀπλή
731 4531 756 4579 A
782 4525 795 4595 ΙΙ
816 4528 832 4580 6
921 4530 953 4582 18
966 4534 1080 4582 voluitne
1093 4528 1219 4598 πρίσματα
1232 4526 1377 4599 βραχότατα
1391 4533 1422 4583 ci.
1435 4534 1512 4582 Plut?
1525 4530 1537 4599 Η
1645 4534 1652 4547 ’

176 4614 338 4684 προειρήκασι
357 4618 404 4668 AB
432 4613 445 4683 ΙΙ
471 4615 611 4684 μενίμαχος
632 4617 668 4667 B:
693 4615 832 4684 μενίπαχος
883 4616 932 4669 ἀπὸ
951 4617 1073 4687 στοιχείου
1091 4619 1113 4669 Β
1133 4613 1147 4685 ΙΙ
1169 4617 1201 4670 λθ
1221 4615 1326 4685 ψήματα
1345 4621 1369 4670 A
1391 4615 1405 4685 ΙΙ
1424 4617 1452 4670 τό
1469 4617 1538 4686 λεγό-

175 4707 216 4754 A:
237 4720 303 4754 corr.
322 4705 357 4754 D.
386 4705 534 4754 Mnesarchi
553 4707 674 4769 magister
691 4705 832 4755 Panaetius
883 4721 957 4773 μενον
974 4708 1001 4756 A
1021 4701 1036 4772 ΙΙ
1057 4702 1091 4756 θθ
1109 4701 1135 4755 δὲ
1154 4721 1204 4755 om.
1224 4708 1248 4755 A

175 4793 287 4842 similem
311 4799 436 4841 statuerat
458 4794 608 4855 opinionem
634 4793 665 4841 εί.
684 4793 787 4842 Nemes.
806 4793 832 4843 d.
919 4789 952 4842 22
982 4789 1084 4860 ποιότης
1112 4789 1229 4858 σώματος
1253 4789 1343 4860 όρατόν
1369 4797 1410 4845 A:
1437 4793 1539 4864 ποιότης

175 4886 231 4928 nat·
258 4879 327 4929 hom.
357 4896 382 4943 p.
400 4875 452 4928 212
475 4879 513 4928 Μ.
542 4880 572 4928 εί.
599 4879 671 4929 Ρτο1.
696 4894 720 4942 p.
739 4874 790 4930 281
817 4876 831 4944 Η
884 4876 976 4948 δραστή
999 4879 1048 4930 ΒΝ
1073 4874 1087 4946 ΙΙ
1107 4876 1162 4930 osae
1186 4877 1273 4948 χροιὰν
1290 4881 1329 4932 A:
1352 4879 1379 4932 δὲ
1398 4879 1427 4932 οδ
1445 4886 1539 4950 χρῶμα

174 4963 224 5032 τὴν
255 4966 293 5015 D:
330 4968 383 5016 τῶν
416 4965 464 5015 AB
500 4960 515 5032 Η
550 4964 565 5017 'i
601 4961 729 5033 θπόκρισιν
765 4965 832 5027 (om.
884 4969 945 5028 (om.
964 4963 1051 5034 χροιὰν
1069 4965 1124 5027 καὶ)
1142 4966 1177 5019 Βι
1197 4976 1264 5019 reete
1282 4970 1309 5021 N
