3442 5588
181 325 222 388 78
583 333 608 378 V
645 331 693 379 DE
715 330 790 379 ann
808 330 943 380 DIDYMI
963 331 1127 381 nrlronn

177 495 383 575 dopmotum
405 507 434 559 et
450 499 597 560 Dorothei
612 497 811 561 Naturalium
826 499 1002 562 Aristotelis
1017 510 1193 562 commeato.
1236 505 1364 564 constat
1379 496 1537 563 Prisciani

176 598 442 663 commentarium
470 599 577 664 medio
606 603 688 663 acio
721 599 823 665 latine
855 621 984 667 versum
1018 599 1150 667 servari.
1194 599 1351 665 barbarus
1379 599 1476 682 igitur
1503 607 1538 665 ut

175 698 392 785 intellegatur,
416 721 534 783 graeca
555 705 630 766 sunt
651 700 853 783 refingcnda:
876 704 1050 788 κεχρήμεθα
1072 703 1105 766 δὲ
1128 746 1258 765 ......
1282 703 1330 766 καὶ
1351 702 1472 788 Διδύμην
1494 708 1536 789 τῷ

174 803 239 885 περὶ
258 800 471 886 Ἀριστοτέλους
498 805 546 867 καὶ
571 808 629 867 τῶν
655 803 745 867 αὐτοῦ
773 805 925 889 γεγραφότι
953 808 1121 889 δογμάτων,
1147 824 1325 889 quaecum
1351 804 1538 871 molestiora

175 902 255 986 sint,
288 904 427 970 sonasse
452 905 584 988 propius
612 905 656 970 ad
682 905 814 990 Didymi
841 906 969 973 titulum
991 908 1067 975 licet
1098 908 1256 975 accedere
1289 905 1445 990 rescripto
1471 909 1536 994 περὶ

171 1003 384 1090 Ἀριστοτέλους
406 1007 534 1070 καὶτῶν
556 1006 603 1072 ἀπ’
631 1008 720 1072 αὐτοῦ
747 1010 909 1091 δογμάτων.
958 1011 1019 1077 sed
1040 1017 1112 1076 utut
1141 1009 1244 1075 latine
1270 1009 1537 1096 interpretabere,

174 1106 285 1173 Arium
307 1109 482 1194 Didymum
506 1108 679 1191 significari
701 1109 779 1174 mihi
801 1118 851 1177 cst
873 1112 1162 1195 persuasissimum.
1194 1182 1199 1189 ,

261 1210 383 1277 Ultimo
405 1210 480 1276 huic
504 1210 576 1276 loco
599 1210 732 1277 Stobaei
755 1213 972 1279 testimonium
995 1214 1169 1299 reservavi,
1192 1214 1279 1280 unde
1301 1215 1537 1297 generaliorem

176 1312 303 1377 titulum
325 1315 390 1399 περὶ
413 1315 552 1399 αἱρέσεων
575 1314 718 1381 nancisci
740 1314 896 1380 videmur.
931 1336 1006 1382 ecce
1027 1325 1130 1383 totum
1152 1323 1249 1400 caput
1271 1313 1341 1403 [ecl.
1356 1318 1389 1382 II
1407 1321 1425 1383 1
1444 1329 1486 1384 17.
1505 1329 1538 1383 18

175 1415 214 1480 ol.
236 1415 304 1481 flor.
320 1423 342 1482 t.
358 1417 401 1482 80
421 1415 447 1504 1]
472 1416 742 1500 quemadmodum
764 1417 797 1481 in
813 1419 1008 1485 Damasceni
1024 1418 1082 1505 (D)
1096 1418 1329 1504 archetypique
1352 1419 1409 1506 (A)
1430 1441 1538 1488 exem·

176 1519 261 1602 plari
282 1520 442 1585 communi
465 1520 618 1603 seriptum
640 1518 741 1584 luisse
764 1519 899 1584 videtur.
918 1519 925 1552 ¹
959 1522 1083 1604 priores
1106 1523 1126 1586 5
1148 1542 1261 1588 versus
1286 1521 1331 1588 ibi
1357 1530 1538 1591 extremam

174 1620 327 1704 paginam
350 1640 500 1689 aversam
516 1621 738 1705 complevisse,
761 1627 871 1688 cetera
885 1621 997 1688 folium
1018 1644 1136 1688 novum
1150 1623 1310 1709 incepisse
1324 1645 1366 1691 ex
1381 1626 1538 1710 posterla

174 1722 262 1789 ribus
284 1723 361 1790 fatis
383 1724 532 1790 concludi
555 1731 671 1809 potest.

228 1825 409 1911 Ξενοφάνους
496 1827 678 1911 Ξενοφάνους
720 1830 838 1910 πρώτου
881 1827 966 1910 λόγος
1002 1825 1093 1910 ἧλίλσν
1129 1827 1170 1897 εἰς
1207 1830 1273 1898 τοὺς
1303 1826 1446 1912 Ἕλληνας

497 1929 573 1999 άίιος
595 1933 708 2013 γραφῆς
731 1930 792 2012 ἅμα
814 1932 916 2013 παιδιᾷ
937 1929 988 1997 τάς
1009 1925 1059 2009 γε’
1081 1933 1138 1991 τῶν
1159 1929 1255 1993 άλλων
1270 1931 1379 2012 τόλμας
1394 1931 1441 1994 ἐστι

499 2035 672 2116 τλήττοντος
694 2033 742 2094 καὶ
764 2035 818 2116 τὴν
832 2034 921 2096 αὑτοῦ
942 2033 1131 2115 παριστάντος
1152 2031 1304 2118 εὐλάβειαν
1328 2037 1368 2102 ὡς
1389 2032 1448 2118 ἄρα

213 2134 339 2215 Διδύμων
355 2134 388 2198 ἐκ
402 2139 453 2198 τοῦ
497 2135 566 2204 θεὸς
589 2135 641 2216 μὲν
664 2133 725 2197 οἶδε
746 2134 798 2216 τὴν
821 2134 962 2218 ἀλήθειαν
986 2133 1070 2203 δάκος
1093 2131 1114 2196 δ’
1143 2134 1190 2196 ἐπὶ
1212 2139 1283 2198 πᾶσι
1305 2135 1448 2200 τέτυκται.

238 2237 303 2320 περὶ
318 2236 456 2321 αἱρέσεως
500 2238 519 2319 ἡ
544 2238 595 2318 μὲν
618 2238 671 2321 γὰρ
693 2237 851 2321 φιλοσοφία
873 2236 953 2319 θήρα
967 2240 1019 2318 τῆς
1042 2236 1182 2318 ἀληθείας
1197 2236 1257 2300 ἐστὶ
1280 2238 1329 2300 καὶ
1345 2237 1445 2322 ὄρεξις.

315 2439 371 2504 sol.
394 2447 470 2506 rect.
498 2446 556 2504 τῶν
580 2441 612 2502 δὲ
635 2441 896 2525 φιλοσοφησάντων
918 2437 987 2502 ἔνιοι
1015 2440 1107 2522 εὑρεῖν
1130 2460 1200 2523 φασι
1224 2443 1257 2503 τὸ
1280 2442 1403 2526 θήραμα

497 2549 549 2627 τῆς
561 2543 663 2626 σοφίας
679 2547 719 2612 ὡς
727 2540 894 2627 Ἐπίκουρος
909 2545 957 2606 καὶ
973 2544 999 2605 οἱ
1010 2542 1144 2620 Στωικοί,
1160 2544 1186 2605 οἱ
1204 2544 1236 2605 δὲ
1251 2545 1347 2627 ἀκμὴν
1359 2541 1401 2607 ἔτι

499 2651 593 2729 ζητεῖν
612 2646 652 2714 ὥς
668 2669 723 2708 που
735 2646 814 2729 παρὰ
826 2648 905 2715 beet<
917 2646 948 2708 ὃν
961 2648 1008 2709 καὶ
1021 2651 1074 2730 τῆς
1087 2645 1190 2729 σοφίας
1202 2645 1256 2708 οὐκ
1268 2647 1403 2730 ἀνθρωττί

498 2771 548 2811 νου
571 2751 721 2833 χρήματος
743 2747 838 2817 ὄντος·
863 2749 955 2817 οὕτως
978 2745 1059 2831 ἔλεγε
1080 2748 1127 2812 καὶ
1152 2747 1283 2831 Πύρρων.

260 2847 423 2926 Quantum
439 2848 571 2934 Didymi
587 2849 696 2914 stilum
711 2849 931 2932 cognevimus,
953 2848 1034 2913 talia
1048 2847 1234 2914 abhorrent.
1255 2869 1332 2913 nam
1354 2850 1535 2935 sophistam

174 2949 306 3033 sapiunt
341 2951 547 3035 periodorum
586 2949 722 3015 artificia
764 2970 803 3016 ao
840 2951 961 3016 lumina
998 2951 1154 3016 orationis
1187 2959 1403 3034 aucupantem
1444 2956 1537 3022 velut

173 3055 274 3137 παιδιᾷ
304 3054 544 3139 ἐπιπλήττοντος,
578 3053 664 3136 quod
694 3053 850 3119 Boethius
879 3053 1068 3135 corrigendo
1101 3056 1217 3138 παιδεία
1252 3055 1390 3122 oratoris
1417 3063 1536 3123 ornatu

173 3155 271 3220 eruit.
308 3155 445 3238 insignis
476 3162 526 3221 est
563 3155 660 3221 etiam
691 3155 750 3220 flos
782 3156 912 3221 Platoni
938 3164 1106 3240 surreptus
1136 3157 1216 3241 θήρα
1248 3161 1301 3240 τῆς
1333 3157 1477 3241 ἀληθείας
1503 3164 1537 3226 et

172 3259 304 3342 θήραμα,
328 3258 371 3323 de
393 3277 456 3340 quo
471 3256 553 3321 dixit
568 3256 839 3342 Wyttenbaehius
853 3257 897 3323 ad
911 3257 1038 3341 Ennap.
1060 3278 1092 3341 p.
1108 3259 1160 3323 57.
1194 3276 1296 3340 qnare
1311 3257 1373 3324 nisi
1389 3259 1537 3327 obstaret

172 3361 300 3444 lemma,
322 3357 486 3425 inferioris
508 3359 627 3425 aetatis
642 3360 831 3444 scriptorem
847 3365 1035 3442 excerptum
1051 3361 1225 3426 crederem.
1261 3360 1319 3426 sed
1341 3381 1383 3426 ne
1405 3369 1537 3429 constat

172 3461 301 3544 quidem
323 3462 365 3527 de
388 3462 549 3527 lemmate.
593 3481 669 3526 nam
692 3461 764 3545 quis
786 3460 925 3545 spondet
951 3461 1062 3527 codice
1084 3462 1227 3528 lacerato
1250 3462 1392 3530 alienum
1415 3464 1536 3530 lemma

172 3563 392 3647 imprudenter
418 3569 583 3646 arreptum
612 3570 645 3628 et
671 3571 825 3647 tanquam
854 3563 1112 3646 supplementum
1135 3564 1271 3630 lacunae
1294 3565 1440 3631 additum
1468 3586 1535 3633 non

173 3666 268 3732 esse?
300 3671 387 3731 certe
418 3664 450 3729 in
480 3664 643 3730 codicibus
670 3666 750 3731 illud
777 3666 904 3748 Διδύμων
927 3666 960 3728 ἐκ
981 3670 1033 3728 τοῦ
1056 3667 1119 3749 περὶ
1142 3665 1284 3750 αἱρέσεων
1307 3673 1381 3751 post
1402 3669 1535 3733 τέτυκται

172 3774 320 3853 apparet.
354 3767 414 3833 sed
440 3772 475 3831 ut
506 3774 592 3833 recte
617 3788 653 3833 se
680 3767 801 3833 habeat
828 3767 947 3833 lemma
969 3768 1066 3852 paulo
1096 3767 1250 3834 inferiore
1276 3769 1347 3835 loco
1376 3769 1454 3835 olim
1483 3769 1537 3837 dc

172 3869 340 3954 scriptum,
368 3868 423 3933 ubi
449 3868 581 3935 tandem
608 3869 697 3935 illam
723 3871 870 3952 eclogam
900 3869 1154 3936 collocabimus?
1185 3887 1227 3933 an
1251 3871 1415 3953 peculiare
1438 3879 1537 3956 capnt

176 3973 235 4038 init
250 3969 383 4056 Didymi
399 3970 440 4035 de
455 3971 588 4056 Eleatis,
612 3972 698 4055 quod
712 3971 888 4038 Meinekeo
905 3971 981 4037 olim
997 3971 1169 4039 infeliciter
1184 3969 1217 4034 in
1239 3977 1379 4038 mentem
1400 3973 1538 4040 venitl⁸

173 4083 207 4140 at
229 4075 333 4139 multa
363 4079 437 4138 sunt
464 4092 549 4156 quac
578 4081 671 4140 extra
693 4074 890 4159 principales
913 4072 1126 4157 posteriorum
1149 4077 1257 4139 sectas
1279 4073 1391 4157 vagari
1415 4074 1538 4141 dissua-

172 4175 281 4240 deant.
319 4175 437 4241 rectius
469 4178 724 4259 prolegcmcncn
756 4175 873 4261 aliquis
904 4175 1095 4243 meminerit.
1141 4196 1216 4242 nam
1249 4174 1294 4240 ibi
1327 4175 1538 4244 miscellanea

172 4275 311 4341 materia
333 4278 539 4345 coacervavit
567 4285 603 4343 ut
633 4278 667 4344 in
690 4277 796 4344 ethico
819 4277 1001 4361 fragmento
1029 4285 1127 4362 atque
1149 4279 1232 4345 alios
1255 4298 1382 4363 qnoque
1404 4279 1539 4364 scripto·

173 4396 226 4441 res
256 4378 331 4441 κατὰ
359 4379 433 4449 λέξιν
466 4380 641 4464 excerpsit,
674 4387 709 4445 ut
732 4379 902 4446 Philonem
923 4380 1088 4446 Eudorum
1110 4382 1202 4449 alios.
1222 4381 1235 4415 ⁴
1277 4402 1338 4448 nec
1359 4381 1403 4448 ab
1424 4403 1461 4448 rc
1482 4381 1542 4449 luit

246 4567 253 4597 ¹
273 4571 304 4620 el.
323 4570 474 4622 Fleckeisen
490 4571 575 4636 jahrb.
594 4571 642 4621 CV
663 4569 729 4623 1872
748 4588 774 4635 p.
789 4569 848 4622 193.
879 4572 1095 4623 O.Wschsmntl1
1115 4573 1183 4623 Mna.
1203 4573 1253 4625 lib.
1273 4575 1379 4625 XXVII
1398 4570 1433 4624 73
1445 4587 1503 4637 sqq.

244 4653 254 4685 ²
271 4659 308 4706 sic
320 4660 344 4707 Δ
355 4659 389 4709 D.
401 4667 496 4708 rectum
509 4669 548 4709 est
565 4674 601 4707 τε.
631 4660 658 4708 in
671 4660 788 4710 lemmate
802 4660 880 4711 habet
891 4660 915 4709 D
929 4654 1038 4726 Διδίηιασ
1051 4659 1106 4727 σιρλ
1118 4658 1243 4728 αλρέσιως.
1257 4676 1346 4711 varum
1359 4668 1396 4710 est
1409 4657 1538 4728 αλρέσιων.

244 4741 254 4774 ³
272 4753 410 4795 excusatur
427 4761 459 4795 ec
478 4746 548 4809 quod
566 4746 695 4809 posterior
714 4761 773 4810 pars
790 4749 842 4796 τῶν
861 4741 1040 4815 δλ-Πίιρρων
1058 4749 1173 4797 nondum
1191 4752 1309 4799 restituta
1327 4756 1381 4797 nrm
1398 4757 1464 4796 erat.

243 4828 253 4860 ⁴
272 4833 411 4882 seeundum
429 4834 495 4884 hane
514 4835 640 4883 maenam
658 4834 766 4883 lortmsc
784 4835 855 4896 quod
874 4839 1032 4898 prooemium
1049 4838 1180 4885 nominavi
1201 4835 1237 4901 [p.
1251 4833 1315 4899 7·2],
1339 4832 1396 4902 rupi
1420 4831 1540 4902 αλρέστων

172 4920 296 4982 peculiari
315 4921 389 4969 titulo
408 4922 557 4985 inscriptum
569 4924 648 4973 luisse
661 4923 784 4985 opineris.
804 4938 863 4973 nam
879 4925 998 4986 singulae
1010 4924 1163 4986 singillatim
1175 4925 1314 4988 inscriptae
1327 4923 1432 4973 merant
1443 4931 1538 4987 partes.
