3442 5588
379 354 637 406 THEOPHBASTI
655 353 794 406 PHYSIC.
814 355 974 408 OPINION.
994 356 1046 407 uit.
1063 355 1102 408 19.
1115 353 1157 407 20.
1171 353 1203 406 21
1410 324 1474 419 493

111 543 258 588 summa
287 523 493 590 eeleritate
521 529 724 591 convertat
750 528 787 588 et
814 529 1010 607 torqueat,
1044 525 1178 591 eadem
1205 524 1313 591 effici
1347 524 1474 590 umuia

113 644 212 708 quae
234 625 266 691 si
288 632 419 692 stante
441 633 546 692 terra
568 627 714 693 eaelum
735 635 964 692 moveretur.

773 914 814 978 19

174 1021 288 1069 Attius
308 1020 340 1069 de
358 1020 429 1070 Piae.
443 1020 469 1068 11
483 1017 541 1070 197

194 1117 424 1203 ’λναίαγόρας
457 1122 498 1190 ὥς
531 1142 602 1206 φησι
637 1120 865 1205 Θεόφραστος
899 1119 1052 1205 (ἐκλείπειν
1080 1125 1133 1207 τήν
1162 1124 1299 1210 σελήνην)
1326 1126 1472 1188 καὶτῶν

112 1224 281 1286 ὑποκάτω
304 1227 364 1306 τῆς
388 1225 539 1307 σελήνης
560 1222 636 1287 ἔσθ’
665 1224 723 1286 ὅτε
745 1226 919 1305 σωμάτων
942 1225 1266 1309 ἐπιπροσθούντων.

772 1512 815 1577 20

173 1618 305 1666 Procius
324 1618 350 1664 iu
369 1617 436 1666 Tim.
455 1634 480 1681 p.
496 1616 545 1669 138
559 1618 638 1668 Buuii.
657 1615 844 1669 32880hn01d.

193 1715 249 1780 “H
265 1719 328 1800 γὰρ
351 1718 456 1800 μόνος
478 1719 498 1802 ἦ
523 1720 676 1801 μάλιστα
701 1718 847 1782 Πλάτων
869 1723 911 1801 τῇ
935 1719 1008 1782 ἀπὸ
1031 1723 1092 1782 τοῦ
1114 1725 1357 1803 προνοοῦντος
1377 1720 1505 1804 αίτίηιι

109 1819 371 1903 κατεχρήσατο’
400 1821 487 1905 φησὶν
510 1823 526 1883 ὁ
549 1820 775 1905 Θεόφραστος
797 1820 882 1884 τοῦτό
904 1843 937 1902 γε
958 1823 1057 1890 καλῶς
1078 1822 1159 1907 αὐτῷ
1184 1827 1346 1906 μαρτυρῶν.

770 2110 810 2174 21

175 2213 298 2261 Taurus
317 2228 358 2278 ορ.
378 2214 481 2280 Phiiop.
502 2217 561 2265 adv.
580 2217 666 2265 Proei.
680 2216 748 2266 XIII
762 2213 795 2267 15
814 2215 837 2276 (Ι
850 2213 897 2276 θ’)

192 2312 223 2377 ‘0
247 2315 419 2399 δημιουργός
441 2314 550 2400 ἤρχετο
573 2321 625 2400 τῆς
649 2317 813 2385 συστάσεως
835 2319 886 2378 τοῦ
909 2314 1019 2396 κόσμου
1042 2314 1075 2378 ἐν
1097 2315 1186 2398 πυρὸς
1208 2316 1256 2378 καὶ
1279 2320 1342 2399 γῆς.
1376 2317 1475 2380 δεῖδὲ

108 2417 142 2479 τό
158 2416 349 2499 γενησόμενον
365 2420 559 2500 σωματοειδὲς
574 2421 755 2483 ἀντιτυπικθν
770 2417 842 2481 εἶναι
858 2418 906 2480 καλ
928 2416 1031 2501 ὁρατόν
1048 2459 1056 2474 ·
1073 2459 1081 2474 ·
1098 2460 1105 2473 ·
1136 2416 1366 2502 Θεόφραστός
1388 2441 1476 2504 φησιν

103 2519 153 2582 (εί
180 2521 218 2582 τό
247 2521 374 2603 ὁρατόν
401 2522 460 2584 καὶ
490 2522 528 2584 τό
554 2523 663 2585 ἁπτόν
691 2521 728 2584 ἐκ
755 2525 817 2604 γῆς
846 2521 904 2584 καὶ
933 2519 1044 2604 πυρός
1066 2519 1157 2593 ἐστι,
1185 2520 1226 2583 τὰ
1248 2519 1356 2605 ἄστρα
1378 2524 1435 2585 καλ
1459 2524 1475 2586 ό

108 2622 259 2705 οὐρανός
282 2621 386 2687 ἔσται
409 2625 447 2688 ἐκ
469 2623 617 2687 τοότων·
642 2624 704 2687 οὐκ
727 2621 801 2687 ἔστι
824 2621 890 2686 δί’.
927 2626 1018 2685 ταῦτα
1044 2620 1119 2703 λέγει
1142 2622 1265 2704 εἰσάγων
1286 2625 1319 2686 τὸ
1344 2625 1474 2705 πέμπτον
1494 2653 1517 2691 ιο

80 2711 81 2715 ¹
108 2730 196 2806 σῶμα
211 2727 244 2788 τό
265 2727 520 2812 κυκλοφορητικόν.

135 2873 208 2879 ,ω-
237 2874 310 2880 -·.-...
819 2874 1018 2882 ——-—-

144 2948 161 3001 2
191 2965 255 3014 ηναε
284 2950 308 3000 εί
336 2952 481 3001 Manutius:
512 2949 590 3014 ρωιιεί
619 2952 677 3001 libri
706 2947 720 3017 ΙΙ
749 2949 766 3001 3
819 2948 925 3016 μάλιστα
947 2948 993 3017 γάρ
1015 2947 1044 3000 τὸ
1068 2945 1135 3017 ὕδωρ
1155 2947 1265 3016 σβέννυσι
1288 2949 1316 3001 τὸ
1335 2951 1392 3017 πῦρ.
1429 2951 1473 3000 ιιαλ

108 3038 138 3086 ίτ.
155 3036 185 3088 19
210 3040 331 3088 omissum
354 3041 381 3088 in
400 3039 509 3089 Useneri
527 3040 626 3103 sylloge
649 3040 767 3104 typothe·
819 3036 884 3088 ἔστιν
902 3036 1019 3104 έιιάτιρος
1036 3041 1088 3087 τῶν
1106 3033 1188 3103 λόγων
1200 3033 1310 3105 ἀληθής·
1329 3035 1411 3087 κοινόν
1429 3037 1474 3105 γὰρ

108 3132 149 3174 τεο
169 3126 244 3188 eulpa
262 3127 293 3175 ci.
317 3127 389 3176 ΡτοΙ.
407 3123 463 3176 138.
479 3122 530 3175 217
551 3123 563 3189 Ιί
584 3128 684 3190 plenius
696 3128 766 3176 The·
819 3122 911 3191 ἀμφοῖν
935 3122 964 3174 τό
991 3123 1017 3175 έν
1039 3129 1091 3181 τοῖς
1113 3122 1199 3192 ἅιιροις
1220 3119 1314 3175 τιθέναι
1336 3123 1383 3191 τὴν
1407 3123 1474 3175 έναν-

109 3212 259 3276 ophrustum
277 3214 435 3277 transcripsit
455 3212 610 3277 Hippolytus
623 3213 665 3266 89
689 3211 767 3264 έιιλεί·
818 3210 919 3273 τίωσιν,
948 3211 991 3262 mi
1013 3209 1092 3281 ταῦτη
1118 3213 1292 3280 συμφωνοῦσιν
1315 3209 1340 3261 αἱ
1363 3210 1475 3279 αἱρέσεις,

111 3314 165 3348 πειν
184 3295 209 3348 ti
228 3296 274 3366 τὴν
293 3297 398 3368 σελήνην
416 3303 462 3368 γῆς
480 3299 703 3370 ἀντιφραττοίνσης,
721 3299 766 3353 ένί-
819 3296 855 3354 ὡς
878 3298 923 3365 μὲν
946 3297 972 3349 έν
995 3295 1122 3367 αἰσθητοῖς
1143 3298 1181 3366 τῷ
1204 3299 1262 3366 πυρὶ
1279 3301 1325 3366 τῆς
1343 3301 1388 3366 γῆς
1407 3297 1475 3349 έναν-

108 3383 190 3436 οτεόέ
207 3386 250 3437 καὶ
263 3391 315 3437 τῶν
328 3384 449 3438 ὑποκάτω
462 3389 508 3455 τής
522 3385 626 3456 σελήνης
640 3385 653 3455 Η
669 3390 767 3441 unan—
818 3383 872 3442 τίας
894 3381 982 3454 οῦσης,
1011 3383 1046 3442 ὡς
1068 3384 1095 3436 δέ
1120 3384 1145 3437 έν
1171 3390 1223 3443 τοῖς
1250 3383 1415 3453 μιταβλητοῖς
1437 3389 1474 3454 τῷ

107 3471 222 3540 χρήσατο
240 3490 274 3524 se.
288 3485 315 3524 ut
334 3471 376 3524 ένα
395 3472 454 3525 εἶναι
472 3473 515 3525 τόν
534 3473 628 3542 κόσμον
646 3477 767 3541 probaret
818 3473 876 3540 πυρὶ
898 3474 943 3524 τοῦ
962 3468 1059 3530 ὕδατος.
1087 3471 1186 3524 διὸκαὶ
1205 3471 1279 3530 αότὸς
1297 3477 1334 3540 τῷ
1354 3469 1426 3540 ἁπτῷ
1444 3469 1473 3522 τὸ

146 3559 205 3611 ‘lex
216 3562 315 3623 eodem,
329 3564 397 3612 unde
406 3564 515 3624 Taurus,
525 3565 697 3629 Theophrasti
707 3566 765 3614 Ιοοο
817 3558 906 3629 όρατόν
932 3556 1070 3628 όντέθηιιεν
1098 3555 1139 3628 [ή]
1171 3558 1279 3629 αἰσθητὰ
1306 3559 1339 3610 τὰ
1366 3564 1475 3627 στοιχεῖα

107 3648 183 3698 fluxit
194 3651 280 3700 Procli
290 3653 387 3700 mentio
397 3652 430 3700 ad
442 3653 508 3701 Piut.
519 3653 586 3701 Tim.
600 3650 673 3716 (p.3l
683 3652 712 3711 ιι)
724 3654 766 3703 111
818 3646 967 3715 λαμβάνων,
990 3645 1026 3705 ut
1045 3645 1074 3697 όν
1092 3646 1128 3715 μή
1148 3664 1190 3698 πω
1208 3646 1255 3717 τὴν
1272 3645 1415 3716 μεταβολὴν
1432 3645 1475 3697 αό-

106 3735 247 3800 ρ.14θεη.
273 3738 331 3787 Bas.
350 3738 393 3786 νῦν
417 3735 443 3788 θλ
460 3735 572 3805 λέγωμεν
591 3737 627 3796 ὡς
645 3737 698 3790 ἐπεὶ
715 3738 766 3790 όια-
818 3742 870 3788 τῶν
889 3735 1047 3795 ἐπισκοπῶν,
1071 3730 1134 3784 καθ’
1154 3732 1186 3803 ἢν
1208 3733 1303 3803 μᾶλλον
1325 3733 1475 3803 ήναντίωται

106 3821 197 3880 στατός
224 3823 288 3874 ἐστιν
311 3821 325 3874 ό
348 3822 442 3891 κόσμος
464 3825 508 3876 ιιαλ
530 3821 642 3893 αἰσθήσει
665 3824 767 3895 ληπτός,
817 3829 854 3892 τῷ
873 3824 931 3893 πυρὶ
949 3821 977 3874 τό
997 3818 1064 3890 ὕδωρ
1082 3824 1128 3890 τῆς
1146 3825 1200 3890 γῆς.
1219 3821 1263 3872 καὶ
1281 3819 1329 3890 οὐχ
1346 3820 1382 3878 ὡς
1399 3819 1476 3872 οίεται

108 3907 150 3959 tu
168 3926 195 3960 τε
213 3907 323 3978 ὁράσεως
340 3910 485 3979 γνωρίζεται
508 3911 551 3962 ιιαλ
574 3909 649 3980 ἀρῆς,
667 3911 766 3980 ὡςμέν
819 3907 1028 3980 Θεόφραστος,
1062 3906 1174 3976 ἀτελής
1208 3907 1294 3959 έστιν
1328 3906 1342 3959 ό
1372 3906 1474 3976 λόγος·

105 3993 166 4053 ὅλος
192 3994 220 4047 δι’
252 3994 312 4048 όλου
340 3996 425 4065 φωτός
455 3996 650 4067 πεπληρωμένος
678 3998 766 4070 ὁρατός
818 3998 906 4067 ἀπορεῖ
922 3997 968 4066 γαρ
987 3993 1081 4052 οὕτως·
1105 3994 1134 4047 τί
1156 3993 1191 4064 δή
1214 4012 1289 4046 ποτε
1306 3993 1402 4063 πυρὸς
1420 3995 1474 4062 μὲν

107 4080 153 4144 tiu,
177 4081 212 4140 ὡς
235 4082 261 4135 ti
283 4084 379 4153 στερεὸς
407 4083 484 4142 ἁπτὸς
511 4083 640 4154 ῦπάρχων.
668 4085 768 4157 έξαριιεῖ
817 4083 897 4136 ίόιον
916 4083 980 4136 εἷπε
999 4080 1034 4134 τό
1052 4080 1162 4150 ὁρατόν
1181 4082 1233 4133 ιιαὶ
1251 4080 1350 4150 γῆςτὸ
1368 4080 1474 4145 ἁπτόν,

107 4169 154 4238 γὰρ
172 4167 241 4240 αὐτῷ
259 4169 298 4221 διὰ
316 4169 396 4222 τῶνδε
407 4177 459 4223 τῶν
477 4169 618 4242 αἰσθήσεων
636 4175 716 4227 πάντα
734 4176 766 4228 ιλ
817 4177 879 4223 τῶν
897 4169 928 4223 ii
947 4169 1064 4222 λοιπῶν
1083 4168 1248 4238 στοιχείων
1267 4168 1365 4221 οθόίν.
1395 4167 1474 4236 λέγω·

106 4253 216 4325 αἰσθητὰ
239 4256 386 4326 περιλαβεῖν.
411 4260 454 4310 ιιαὶ
477 4258 541 4312 ἔστιν
564 4299 673 4313 ......
698 4263 765 4314 ίναν-
818 4277 862 4326 μεν
880 4256 912 4327 δή
931 4256 974 4309 οὖν
992 4256 1053 4327 πρὸς
1070 4255 1154 4319 αίιτόν,
1172 4254 1209 4308 ὅτι
1228 4257 1271 4307 καὶ
1287 4256 1358 4326 ήμεῖς
1376 4254 1474 4326 ὁρῶμεν

106 4342 147 4395 τία
165 4347 257 4406 ταῦτα,
279 4344 309 4396 τό
331 4343 420 4414 ὁρατόν
445 4347 488 4398 καί
506 4345 556 4408 (τὸ)
574 4347 663 4400 ἁπτόν
687 4352 766 4401 ταῦτα
817 4344 860 4398 τόν
878 4345 973 4413 κόσμον
986 4346 1030 4397 καὶ
1048 4342 1178 4411 ἁπτόμεθα
1196 4341 1287 4406 αὑτοῦ,
1306 4343 1429 4413 γευόμιθα
1448 4345 1474 4399 δέ

106 4432 153 4500 γὰρ
172 4430 208 4488 ὡς
225 4429 339 4484 πλεῖστον
358 4433 491 4503 ἀφεστῶτα
514 4434 557 4485 καὶ
580 4432 628 4486 ῦπό
653 4434 682 4488 τό
705 4434 766 4487 αότό
817 4432 833 4503 ή
852 4431 976 4500 ἀεοῦομεν
994 4431 1072 4484 αυτοῦ
1090 4432 1107 4501 ἢ
1125 4429 1308 4501 όσφραινόμεθα
1321 4431 1406 4485 οὺιιέτι
1418 4432 1474 4485 ιιτλ.

106 4518 177 4587 γένος
196 4519 306 4571 έναντία·
331 4523 374 4574 ιιαλ
392 4520 469 4586 [141]
487 4521 533 4590 γὰρ
556 4518 665 4591 αἰσθητὰ
687 4520 766 4590 ἄμφω
817 4532 928 4572 ceterum
947 4524 969 4572 εἰ
983 4525 1065 4585 quinti
1080 4504 1195 4587 οοτροτίο
1208 4524 1365 4573 mentionem
1377 4525 1404 4573 iu
1417 4525 1473 4588 ipso

107 4606 151 4658 ιιαλ
168 4609 243 4658 τοῦτο
261 4606 346 4659 αίιτιῖιν
365 4606 488 4660 τὸκοινόν
501 4609 578 4676 γένος,
597 4610 640 4660 ιιαλ
653 4607 766 4660 πλεῖστον
817 4610 990 4675 Theophrasti
1010 4611 1068 4659 ioco
1081 4611 1245 4675 explanatum
1258 4613 1394 4661 invenerat
1405 4612 1474 4661 Ταυ-

107 4693 256 4763 ἀφέστηιιεν,
275 4694 341 4764 ιίπερ
359 4695 388 4747 τὸ
406 4696 452 4763 μέν
470 4695 570 4762 ἀμέσως
589 4693 716 4765 αἰσθητόν,
734 4694 762 4747 τό
816 4714 872 4758 ται,
897 4713 989 4748 vereor
1014 4707 1042 4747 ut
1065 4699 1098 4748 ad
1123 4699 1266 4764 opiniones
1291 4699 1392 4748 Usener
1419 4698 1474 4762 (qui

106 4779 133 4832 θλ
152 4780 200 4834 οῦκ
219 4782 327 4849 ἀμίσως.
346 4783 367 4834 εί
379 4780 405 4834 tt
424 4782 510 4852 ζητοίη
530 4783 576 4851 μέν
594 4783 625 4834 τὰ
644 4782 669 4835 έν
688 4801 762 4850 μετα·
816 4786 903 4835 Procli
916 4785 1002 4836 iocum
1013 4786 1147 4847 indicavit)
1160 4797 1228 4837 recte
1241 4785 1291 4835 hou
1302 4786 1472 4849 fragmentum

108 4867 208 4938 βλητοῖς
221 4868 318 4921 ἐναντία
337 4874 389 4920 τῶν
408 4870 546 4939 στοιχείων,
565 4869 594 4921 οῦ
606 4869 634 4921 τό
652 4874 700 4940 πῦρ
719 4872 763 4922 ιιαὶ
817 4875 954 4934 rettulerit,
979 4888 995 4923 ο
1018 4874 1109 4937 quibus
1132 4875 1320 4939 Peripateticae
1339 4873 1472 4947 όοοοτίορε

106 4956 154 5026 τὴν
172 4960 232 5026 γῆν,
255 4955 319 5008 ἀλλὰ
342 4956 370 5008 τὸ
389 4961 437 5026 πῦρ
457 4959 500 5010 νιαλ
518 4957 546 5009 τό
565 4955 632 5027 ὕδωρ
652 4957 763 5028 ἐροῦμεν,
818 4963 946 5026 expositio
965 4963 1017 5011 ίατο
1037 4964 1141 5012 exclusa
1159 4973 1214 5013 erat
