3442 5588
683 301 961 356 rnonneoronrrs
1435 299 1495 366 167

135 479 261 539 matum
281 470 497 555 recensiones,
519 489 604 555 quae
619 470 816 538 contusaene
830 489 873 535 an
896 489 936 535 ex
958 470 1113 536 alterutro
1137 469 1331 554 compilatae
1345 469 1410 537 sint
1430 490 1496 536 non

134 574 262 659 liquido
277 579 414 640 constat.
437 573 524 657 quod
539 592 642 657 genus
656 570 902 640 Democritea
917 578 992 638 sunt
1006 572 1054 637 IX
1064 573 1117 638 44.
1139 572 1298 658 principia
1314 594 1354 640 ex
1370 572 1496 640 ordine:

133 678 346 761 elementa,
368 676 497 742 mundi
520 676 705 759 origines,
727 673 822 741 solis
842 674 957 742 lunae
978 674 1141 759 fabrica,
1164 681 1231 741 tum
1253 677 1301 739 καὶ
1322 678 1374 760 τὴν
1397 677 1495 763 ψυχὴν

134 781 259 862 ὁμοίως,
287 779 323 862 ἣν
345 779 394 844 καὶ
416 784 483 843 νοῦν
505 779 610 844 ταύτὸν
632 778 714 855 εἶναι,
735 776 875 859 denique
897 777 1011 844 visus.
1055 777 1137 842 haee
1159 797 1177 844 ο
1199 776 1424 861 Theophrasto
1446 800 1496 846 ar·

133 882 257 950 censita
271 899 344 948 esse
359 887 503 965 possunt.
537 880 603 946 iam
617 900 696 947 vero
711 886 805 946 extra
820 877 965 944 ordinem
988 880 1216 946 necessitatem
1229 889 1397 965 memorat,
1418 883 1495 966 quin

133 984 236 1052 etiam
257 983 410 1069 moralia,
432 989 469 1048 ut
488 982 643 1049 aliorsum
670 1002 731 1049 nos
751 981 908 1048 deductos
930 999 1002 1047 esse
1024 981 1211 1048 sentiamus.
1255 990 1400 1049 extrema
1421 990 1496 1049 sunt

132 1087 231 1156 haee:
253 1087 407 1171 ποιότητας
419 1087 454 1151 δὲ
469 1087 551 1172 νόμῳ
566 1084 650 1165 εἶναι,
664 1087 749 1171 φύσει
765 1085 798 1148 δὲ
812 1082 908 1167 ἄτομα
923 1084 971 1147 καὶ
986 1085 1019 1146 τό
1034 1085 1126 1163 κενόν,
1142 1103 1226 1168 quae
1239 1085 1305 1152 iam
1319 1084 1494 1152 Nieteehee

133 1197 172 1256 nt
200 1188 362 1275 prioribus
389 1206 532 1254 consona
562 1187 697 1254 alterius
728 1186 830 1272 partis
859 1188 934 1251 κατὰ
963 1185 1049 1271 μέρος
1074 1185 1290 1270 fragmentum
1319 1188 1391 1254 visa
1420 1196 1495 1256 sunt

131 1289 246 1381 [Beitr.
268 1312 299 1376 p.
317 1287 380 1377 19].
401 1308 597 1374 quamquam
612 1297 671 1376 est,
695 1290 782 1374 quod
797 1288 874 1355 huie
894 1289 1013 1354 rationi
1029 1288 1145 1355 obstet.
1178 1290 1237 1356 sed
1252 1289 1391 1374 priorem
1406 1298 1494 1358 certe

131 1393 257 1462 fontem
283 1393 327 1460 ad
352 1411 483 1459 manum
508 1392 609 1460 fuisse
634 1393 701 1460 noli
727 1391 887 1458 dubitare.
932 1400 1046 1458 contra
1073 1393 1144 1457 sola
1169 1392 1417 1477 Theophrastea
1438 1395 1494 1461 ad·

132 1495 301 1581 gnoverim
323 1496 356 1560 in
378 1495 564 1578 Diogenis
586 1494 864 1581 Apolloniatae
885 1495 1024 1562 decretis
1044 1496 1093 1560 IX
1107 1496 1147 1560 57
1170 1495 1266 1559 ἐδόκει
1288 1497 1321 1559 δὲ
1342 1497 1423 1583 αὐτῷ
1445 1500 1492 1562 τά·

131 1603 165 1665 be
176 1637 219 1649 -
230 1600 288 1665 ero
304 1604 355 1664 τοῦ
370 1604 494 1686 ψυχροῦ.
521 1618 598 1665 nam
614 1598 693 1666 ordo
709 1604 760 1664 est
774 1617 883 1682 sanus,
898 1596 1052 1679 dogmata
1066 1597 1320 1681 Theophrasteis
1334 1600 1493 1666 concinna

132 1701 187 1787 [ei.
203 1702 347 1787 consp.8
362 1723 393 1787 p.
407 1703 493 1786 1441.
520 1702 658 1769 eandem
672 1700 809 1767 formam
824 1699 983 1785 praebent
1000 1698 1169 1765 Zenonis
1187 1700 1324 1766 Eleatae
1339 1701 1493 1786 dogmata

131 1803 181 1870 IX
196 1804 249 1889 29,
271 1823 356 1887 quae
381 1811 491 1871 tamen
521 1823 593 1870 cum
620 1803 756 1890 physica
781 1803 846 1869 sint
871 1811 904 1869 et
930 1800 1136 1886 Empedoclis
1163 1820 1260 1883 quam
1289 1803 1492 1871 Parmenidis

131 1904 289 1973 similiora
310 1907 521 1990 gravissimae
544 1905 737 1973 dubitationi
760 1904 902 1972 obnoxia
923 1910 998 1969 sunt
1019 1902 1312 1970 cateruarios.
1340 1907 1492 1991 antiquus

129 2027 224 2075 error
244 2007 349 2076 latere
370 2007 508 2095 ridetur,
531 2009 590 2077 sed
611 2009 756 2076 nondum
778 2008 857 2074 satis
879 2006 1093 2092 explicatus¹
1127 2011 1306 2073 ceterorum
1328 2016 1492 2094 excerpto·

129 2130 202 2177 rum
224 2110 320 2196 copia
339 2131 401 2178 nos
421 2111 530 2179 delicit
550 2112 584 2177 in
606 2109 877 2196 Empedocleis
890 2109 968 2175 Vlll
984 2110 1025 2174 76
1046 2109 1141 2174 ἐδόκει
1163 2109 1192 2173 δ’
1210 2109 1291 2195 αὐτῷ
1307 2113 1376 2176 τάδε
1390 2149 1432 2161 -
1449 2115 1488 2180 ll

129 2213 231 2300 ἰχθότ,
251 2232 337 2298 qnae
351 2212 631 2299 Theophrasteam
652 2213 782 2297 quidem
804 2212 945 2298 speciem
965 2212 1115 2296 produnt.
1149 2211 1207 2278 sed
1222 2230 1263 2277 ne
1278 2214 1490 2283 confidentius

127 2314 310 2383 indicemus
332 2315 441 2381 obstat
461 2314 598 2399 insignis
619 2316 894 2402 interpretationis
915 2334 1015 2400 error,
1037 2333 1131 2398 quem
1149 2334 1248 2400 supra
1262 2316 1489 2400 allegoriarum

126 2417 342 2504 scriptoribus
369 2418 535 2503 proprium
565 2417 632 2484 dixi
667 2440 699 2503 p.
718 2420 771 2485 90.
819 2437 896 2501 ergo
932 2415 1120 2484 inferiorum
1154 2417 1264 2501 utique
1295 2419 1488 2487 adulterium

127 2538 250 2607 passae
273 2527 357 2606 sunt,
380 2521 408 2587 si
429 2521 526 2588 modo
547 2521 688 2608 luerunt,
711 2519 927 2606 Theophrasti
948 2516 1118 2602 eclogae.¹

216 2625 323 2709 Pergo
351 2622 509 2690 brevioris
537 2624 637 2691 fontis
668 2622 807 2707 vestigia
833 2622 994 2706 colligere.
1039 2623 1222 2688 summatim
1247 2625 1418 2709 exponitur
1447 2627 1489 2694 de

122 2723 407 2793 Anaximandri
426 2725 554 2810 placitis
569 2725 601 2790 Η
618 2727 635 2790 1
652 2725 736 2795 οὗτος
750 2723 875 2810 ἔφασκεν
888 2760 928 2773 --
940 2725 1149 2809 καθαρώτατον
1163 2730 1231 2810 πῦρ.
1256 2725 1485 2811 impetitionem

122 2846 260 2894 manum
283 2827 365 2895 haec
387 2846 485 2913 passa
507 2832 590 2892 sunt.
637 2844 776 2911 namque
799 2833 968 2910 excerptor
990 2846 1062 2891 cum
1084 2827 1279 2911 singularem
1302 2829 1486 2915 philosophi

122 2930 308 2997 doctrinam
329 2950 395 2996 non
417 2935 559 3014 caperet,
582 2928 786 3013 impudenter
808 2929 920 2995 Stoica
941 2928 1084 2994 subdidit
1106 2935 1160 3014 γῆν
1182 2931 1300 3017 κέντρου
1321 2932 1399 3003 τάξιν
1422 2935 1486 2998 ἐτέ-

122 3056 240 3121 χοοσαν
261 3033 350 3099 odoro
374 3035 554 3118 σφαιροειδῆ.
586 3050 648 3098 nec
669 3032 775 3097 minus
796 3031 914 3097 falsum
937 3035 1060 3118 σελήνην
1083 3035 1234 3119 ψευδοφαῆ
1257 3036 1304 3099 καὶ
1328 3037 1386 3099 ἀπὸ
1402 3038 1486 3122 ἡλίου

121 3137 318 3223 ροτῦζισθαι,
346 3133 432 3217 quod
460 3132 644 3199 nominibus
670 3134 811 3200 confusis
842 3134 884 3199 ab
912 3133 1110 3216 Anaxagora
1138 3135 1182 3201 ad
1209 3135 1485 3205 Anaximandrum

122 3239 320 3305 translatum
342 3254 414 3303 esse
436 3234 582 3320 suspicor
605 3234 656 3323 [of.
680 3238 767 3303 Plac.
783 3239 874 3303 1130
891 3247 908 3300 t
929 3237 1019 3302 1128
1038 3238 1077 3320 5].
1116 3235 1244 3303 Stoicus
1264 3237 1380 3304 iterum
1403 3261 1487 3307 oom-

123 3347 222 3425 paret
248 3360 320 3407 oum
347 3338 407 3405 soli
435 3338 644 3425 καθαρώτατον
673 3345 731 3425 τῦρ
758 3338 922 3406 adscribit.
959 3360 1020 3406 nee
1045 3347 1157 3406 tamen
1178 3340 1324 3406 Vitarum
1350 3341 1487 3427 scriptor

124 3442 184 3527 qui
205 3442 287 3509 haec
308 3440 460 3509 conflarit
474 3441 692 3526 Theophrasti
714 3441 775 3508 fuit
789 3443 932 3526 ignarus,
955 3442 1040 3526 quod
1062 3448 1095 3508 et
1111 3442 1146 3506 in
1162 3451 1337 3527 conspectu
1350 3445 1487 3529 probavi

125 3566 157 3630 p
176 3546 239 3612 133
265 3551 299 3612 et
326 3545 515 3610 lemmatum
538 3543 727 3611 confusione
753 3546 807 3611 vel
835 3543 975 3611 maxime
998 3544 1219 3611 confirmatum
1241 3546 1390 3615 arbitror.
1433 3569 1487 3615 ne

122 3668 189 3732 qne
222 3648 308 3714 enim
339 3645 444 3713 facilis
476 3653 526 3712 est
559 3667 649 3712 error
681 3646 745 3712 nisi
780 3646 813 3711 in
842 3646 1054 3731 doxographo
1089 3648 1229 3731 quodam
1262 3648 1355 3715 libro.
1400 3650 1486 3716 idem

126 3749 266 3836 scriptor
286 3748 549 3815 Anaximenea
571 3748 640 3814 113
663 3749 747 3819 οὗτος
769 3750 865 3835 ἀρχὴν
887 3750 961 3834 ἀέρα
983 3749 1047 3813 εἴτε
1069 3752 1116 3814 καὶ
1139 3753 1172 3814 τό
1195 3749 1323 3836 ἄπειρον,
1345 3754 1487 3817 κινεῖσθαι

126 3853 161 3916 δὲ
182 3853 219 3916 τὰ
240 3851 332 3938 ἄστρα
355 3852 412 3938 οῦχ
435 3852 491 3914 ὑπὸ
513 3856 566 3935 γῆν
590 3853 665 3915 ἀλλὰ
691 3852 756 3936 περὶ
782 3857 835 3935 γῆν
864 3870 904 3917 ex
931 3850 1145 3935 Opinionibus
1170 3852 1366 3936 compilarit.
1410 3875 1487 3922 nam

125 3974 170 4021 ne
191 3954 384 4022 brevissima
412 3951 541 4037 quidem
565 3952 646 4019 haec
667 3952 746 4018 vitio
768 3959 888 4019 carent.
925 3953 1079 4038 scriptum
1100 3953 1243 4039 oportuit
1264 3956 1337 4040 ἀέρα
1358 3956 1487 4042 ἄπειρον,

124 4056 186 4124 sed
202 4057 248 4123 ad
262 4057 510 4142 Theophrastea
532 4055 741 4122 redeuntibus
757 4057 808 4141 [ir.
823 4054 855 4143 2]
869 4059 1112 4142 παρακούσματος
1127 4056 1199 4123 fons
1214 4063 1313 4140 patet.
1348 4066 1488 4142 cognata

122 4179 199 4227 oum
221 4159 273 4225 his
294 4159 457 4244 excerptis
479 4165 554 4224 sunt
575 4158 616 4224 de
639 4158 805 4225 Thalete
828 4157 910 4225 haec
924 4162 940 4226 1
955 4162 995 4227 tt
1019 4162 1115 4246 ἀρχὴν
1137 4162 1169 4224 δὲ
1190 4165 1249 4226 τῦν
1271 4165 1385 4226 πάντων
1409 4164 1487 4247 ῦδιορ

123 4265 311 4348 ὑπεστήσατο
332 4263 381 4327 καὶ
403 4264 453 4326 τόν
475 4261 584 4346 κόσμον
607 4260 739 4348 ἔμψυχον
756 4263 804 4326 καὶ
821 4263 965 4346 δαιμόνων
982 4266 1091 4349 πλήρη.
1124 4283 1200 4329 nam
1221 4263 1336 4330 ultima
1358 4264 1400 4331 de
1421 4265 1488 4349 qui-

196 4451 203 4483 ¹
223 4471 282 4505 cum
299 4455 406 4507 Ζοοοιισ
426 4454 516 4506 Stoico
538 4457 672 4506 contusum
692 4471 747 4506 esse
765 4457 885 4506 Eleatem
904 4471 956 4506 non
975 4456 1092 4506 concedo
1110 4457 1211 4507 Zellero
1226 4453 1254 4506 1⁴
1268 4453 1327 4508 538.
1346 4470 1406 4507 uam
1425 4472 1448 4507 e·
1463 4474 1488 4522 g.

117 4543 154 4592 de
173 4543 263 4592 anima
281 4557 349 4606 quse
368 4544 430 4594 dicit
446 4544 581 4608 Diogenes
604 4543 753 4593 abhorrent.
789 4544 860 4593 Arrii
884 4544 1005 4608 placitum
1029 4546 1106 4593 etism
1130 4543 1287 4594 dissimilius.
1324 4559 1408 4607 neque
1431 4539 1488 4611 tet,-

117 4641 193 4696 Πσις
213 4621 422 4696 Έμπτδονιλόους,
448 4645 525 4694 quam
543 4631 643 4681 Zenoni
661 4629 755 4681 Suidas
775 4630 875 4691 tribuit,
899 4633 974 4681 aliter
997 4639 1081 4696 potest
1100 4633 1127 4682 in
1146 4646 1248 4681 censum
1267 4633 1355 4681 venire
1362 4669 1369 4694 ,
1392 4633 1441 4681 uisi
1461 4639 1489 4681 ut

118 4725 225 4768 veteres
244 4719 424 4768 commenticio
442 4717 513 4768 libro
532 4717 612 4769 lalsos
631 4717 753 4768 dieamus.

195 4799 207 4834 ²
225 4805 392 4856 conterentur
413 4813 500 4856 nmen
526 4820 614 4856 versus
638 4801 728 4856 ἄλλοτε
751 4803 796 4873 μὲν
814 4801 928 4873 φιλότητι
948 4832 978 4841 -
997 4803 1090 4861 relator
1109 4800 1179 4874 όχόιι
1197 4804 1259 4869 ΗΘ
1278 4821 1335 4857 eum
1354 4807 1487 4872 Theophr.

120 4892 151 4943 ir.
172 4889 199 4943 3.
