3442 5588
256 354 320 419 370
717 357 818 406 Αυτιι
837 351 1174 406 memo-1⁶41

370 420 1321 512 PLUTARCfflW‘WCL.
1335 458 1348 507 1
1363 453 1418 507 τοι
1438 453 1468 506 οι

961 594 1034 659 εἶναι
1066 597 1119 679 τὴν
1153 594 1266 678 ὅρασιν·
1303 595 1371 658 όταν
1405 591 1429 656 6‘
1468 594 1488 677 ί,
1523 597 1576 657 τού

961 697 1122 780 πνεύματος
1149 697 1227 783 φορὰ
1254 694 1432 781 σφοδροτέρα
1458 696 1575 780 γένηται

961 800 1009 862 καὶ
1032 800 1179 884 πυρώδης,
1201 800 1338 882 κεραυνόν
1356 798 1576 862 ἀποτελεῖσθαι·

963 900 1031 965 όταν
1062 902 1094 964 δὲ
1122 900 1230 985 ἅθρουν
1260 899 1372 983 ἐκπέση
1402 901 1436 962 τό
1462 905 1577 982 πνεῦμα

962 1003 1009 1066 καί
1025 1003 1110 1088 ἦττον
1126 1004 1344 1089 πεπυρωμένον,
1365 1006 1518 1087 πρηστῆρα
1536 1003 1574 1087 γί-
1599 1023 1611 1060 ε

961 1105 1077 1169 νεσθαι·
1100 1105 1168 1170 όταν
1191 1104 1214 1170 6'
1241 1105 1283 1170 ἔτι
1305 1106 1391 1190 ἧττον
1407 1103 1428 1189 ᾗ
1444 1129 1575 1191 πεπυρω-

962 1207 1047 1290 μένον
1069 1209 1102 1271 τό
1125 1211 1249 1291 πνεῦμα,
1271 1212 1399 1292 τυφῶνα.

338 1308 592 1395 Ἀριστοτέλης
625 1309 655 1380 ἐξ
687 1309 954 1392 ἀναθυμιάσευς14
1005 1308 1250 1395 Ἀριστοτέλης
1287 1308 1317 1380 ἐξ
1353 1310 1576 1394 ἀναθυμιάσεως

297 1414 344 1477 καλ
371 1413 408 1476 τά
434 1416 552 1476 τοιαῦτα
577 1410 706 1495 γίνεσθαι
733 1416 786 1497 τῆς
812 1411 908 1497 ξηρᾶς.
962 1413 1009 1475 καί
1035 1412 1212 1478 τὰτοιαῦτα
1237 1413 1368 1496 γίνεσθαι
1397 1418 1450 1499 τῆς
1477 1413 1576 1499 ξηρᾶς.

297 1515 365 1579 όταν
389 1512 439 1579 οὑν
462 1515 571 1600 ἐντύχη
592 1515 644 1598 μέν
660 1519 697 1597 τῇ
714 1515 798 1599 ὑγρᾷ,
820 1536 909 1599 παρα-
962 1514 1030 1578 όταν
1050 1514 1100 1579 οὑν
1115 1516 1223 1602 ἐντύχῃ
1248 1517 1300 1598 μέν
1322 1517 1361 1599 τῇ
1382 1514 1466 1601 ὑγρᾷ,
1484 1541 1575 1602 παρα-
1588 1536 1612 1575 ιο

296 1619 428 1703 βιάζηται
457 1619 490 1681 δὲ
512 1618 564 1702 τὴν
587 1614 698 1695 ἔξοδον,
720 1621 758 1700 τῇ
783 1617 835 1700 μέν
857 1638 909 1680 πα·
961 1616 1094 1702 βιάζηται
1117 1619 1217 1703 δὲτὴν
1234 1616 1342 1696 ἔξοδον,
1364 1619 1403 1701 τῇ
1419 1620 1470 1702 μέν
1485 1643 1575 1704 παρα-

260 1740 272 1777 o
296 1720 424 1805 ρατρίψει
447 1721 494 1783 καὶ
517 1724 555 1802 τῇ
580 1720 657 1804 ῥήξει
679 1721 729 1783 τὸν
747 1718 841 1804 ψόφον
857 1723 909 1803 τῖης
960 1720 1053 1807 τρίψει
1075 1723 1123 1786 καὶ
1145 1721 1186 1805 τῷ
1207 1721 1285 1806 ῥήξει
1300 1721 1348 1784 τὸν
1364 1721 1468 1806 ψόφον,
1490 1721 1569 1806 τῷδ’

295 1825 416 1908 βροντῆς
442 1823 586 1906 γίνεσθαι,
614 1818 652 1905 τῇ
679 1823 711 1886 δέ
738 1820 835 1907 ἐξάψει
857 1825 910 1906 τῆς
961 1822 1058 1909 ἐξάψει
1085 1829 1138 1909 τῆς
1164 1821 1319 1908 ξηρότητος
1345 1825 1397 1908 τὴν
1423 1826 1574 1911 ἀστραπὴν

295 1925 449 2011 ξηρότητος
470 1927 523 2009 τὴν
545 1926 706 2010 ἀστραπήν.
961 1925 1126 2011 παρίστησι.

917 2039 950 2094 15
1002 2025 1163 2113 Στράτων
1178 2030 1290 2114 θερμοῦ
1305 2032 1412 2118 ψυχρῷ
1426 2030 1572 2116 παρείξαν-
1586 2051 1610 2089 ιτ

958 2152 1016 2208 τος,
1039 2131 1108 2196 όταν
1123 2133 1278 2219 ἐκβιασθέν
1293 2133 1384 2219 τύχη,
1405 2133 1575 2197 τὰτοιαῦτα

958 2233 1098 2316 γίνεσθαι,
1114 2236 1235 2321 βροντὴν
1251 2235 1303 2318 μέν
1322 2234 1487 2321 ἀπομρηἜει,
1506 2236 1573 2322 φάει

294 2342 461 2422 πρηστῆρας
476 2337 509 2399 δέ
524 2339 572 2400 καί
585 2340 720 2422 τυφῶνας
733 2341 776 2421 τῷ
788 2337 907 2399 πλεονα-
959 2332 986 2399 δ’
1003 2337 1164 2422 ἀστραπήν,
1186 2337 1270 2423 τάχει
1286 2338 1319 2401 δέ
1334 2338 1482 2421 κεραυνόν,
1503 2361 1573 2422 πρη-

294 2441 362 2525 σμῷ
387 2444 440 2524 τῆς
467 2440 552 2523 όλης,
581 2439 617 2523 ἣν
647 2439 782 2522 ἑκάτερος
808 2436 905 2501 αὑτῶν
959 2441 1067 2523 στῆρας
1081 2439 1115 2502 όέ
1129 2439 1177 2502 καί
1192 2443 1326 2524 τυφῶνας
1341 2439 1386 2524 τῷ
1398 2441 1574 2524 πλεονασμῷ

259 2561 283 2601 ιυ
294 2541 455 2627 ἐφέλκεται,
469 2541 647 2626 θερμοτέραν
663 2541 715 2624 μὲν
730 2541 747 2603 6
762 2542 905 2625 πρηστήμ,
956 2539 1000 2624 τῷ
1032 2543 1084 2624 τῆς
1121 2541 1207 2625 ύλης,
1241 2541 1276 2625 ἢν
1309 2541 1443 2626 ἑκάτερος
1475 2542 1611 2607 αότῶνυν

292 2644 459 2732 παχυτέραν
482 2645 515 2708 δέ
537 2646 553 2707 ό
575 2645 683 2728 ταφῶν.
957 2640 1120 2726 ἐφέλκεται,
1135 2643 1313 2728 θερμοτέραν
1330 2643 1382 2726 μέν
1398 2647 1415 2708 ό
1429 2648 1573 2730 πρηστηρ,

956 2743 1123 2829 παχυτέραν
1146 2746 1178 2809 δέ
1201 2747 1217 2809 6
1238 2748 1347 2831 τυφῶν.

295 2921 324 2999 6.
361 2933 445 3018 Περὶ
468 2936 583 3017 νεφῶν
606 2933 716 2996 ὑετῶν
739 2933 868 3018 χιόνων
1021 2929 1107 3015 Περὶ
1130 2934 1244 3016 νεφῶν
1267 2933 1421 3018 ὁμίχλης
1444 2934 1556 2997 ὑετῶν

433 3037 611 3121 χαλαζῶν.
648 3042 717 3096 677
1074 3032 1200 3117 δρόσου
1223 3033 1344 3119 χιόνος
1365 3037 1502 3121 πάχνης

1131 3136 1301 3220 χαλάζης.
1337 3146 1441 3200 DN6.
1583 3156 1607 3194 ευ

331 3271 560 3357 Ἀναξιμένης
588 3271 662 3356 νέφη
692 3273 745 3356 μέν
773 3272 937 3356 γίνεσθαιΙ
996 3267 1215 3356 ’Ἀναξιμένης
1246 3273 1321 3358 νέφη
1355 3274 1407 3355 μέν
1440 3273 1571 3356 γίνεσθαι

257 3397 281 3434 ιι
292 3376 490 3462 παχυνθέντος
518 3375 566 3438 ἐπὶ
594 3374 693 3437 πλεῖον
726 3378 778 3439 τού
809 3376 904 3461 ἀέρος,
956 3372 1154 3458 παχυνθέντος
1185 3375 1233 3439 ἐπὶ
1262 3378 1360 3439 πλεῖον
1388 3379 1440 3439 τοῦ
1474 3376 1570 3461 ἀέρος,

292 3481 401 3562 μᾶλλον
416 3479 448 3543 δὲ
460 3475 703 3561 ἐπισυναχθέντος
715 3477 904 3564 ἐκθλίβεσθαι
956 3474 1065 3556 μάλλον
1080 3473 1102 3539 δ’
1122 3475 1366 3564 ἐπισυναχθέντος
1381 3477 1570 3564 ἐκθλίβεσθαι

212 3640 216 3648 .
290 3582 356 3651 τοὺς
384 3578 523 3664 ὄμβρους,
553 3579 639 3664 χιόνα
668 3576 692 3642 δ’
725 3579 841 3644 ἐπειδάν
868 3582 902 3645 τὸ
954 3576 1022 3647 τοὺς
1049 3575 1189 3664 όμβρους,
1217 3579 1304 3665 χιόνα
1331 3580 1363 3643 δὲ
1391 3579 1507 3644 ἐπειδὰν
1535 3582 1569 3643 τό

290 3682 521 3768 καταφερόμενον
544 3680 622 3766 ύδωρ
649 3686 744 3764 παγῇ,
770 3684 902 3768 χάλαζαν
953 3678 1186 3765 καταφερόμενον
1214 3680 1291 3767 ύόιυρ
1313 3682 1408 3766 παγῇ,
1435 3684 1568 3769 χαλαζαν
1581 3703 1606 3741 oo

184 3834 186 3839 -
289 3786 322 3849 δὲ
352 3786 419 3849 όταν
447 3784 673 3869 συμπεριληφθῇ
699 3807 726 3847 τι
752 3786 797 3871 τῷ
822 3786 903 3872 ὑγρῷ
954 3777 980 3844 6’
1013 3779 1081 3846 όταν
1108 3782 1337 3871 συμπεριληφθῇ
1363 3807 1389 3847 τι
1416 3786 1461 3870 τῷ
1488 3786 1569 3872 ὑγρῷ

254 3886 491 3969 οοπνευματικύν.
953 3886 1156 3967 πνευματικόν.

280 4077 296 4129 θ
319 4077 459 4128 καὶταῦτα
480 4076 502 4127 Β
527 4070 540 4142 16
565 4077 611 4143 τῆς
629 4090 681 4126 om.
697 4076 720 4127 Β
744 4073 758 4142 66
782 4073 799 4127 3
821 4093 899 4146 παρα·
987 4070 1021 4124 10
1038 4073 1238 4144 παραβιβάζηται
1256 4079 1297 4127 Αι
1316 4094 1382 4129 corr.
1401 4080 1503 4130 Ηεετειι

246 4163 360 4234 βιάζηται
371 4164 429 4214 BC:
447 4160 625 4231 παραβιάζεται
638 4165 664 4213 Δ
675 4163 747 4215 ooo
767 4160 780 4230 66
800 4161 819 4214 8
836 4166 898 4216 Plu·
989 4158 1021 4212 13
1040 4159 1144 4229 ἐμφάσιι
1163 4164 1202 4214 A:
1222 4179 1288 4214 corr.
1308 4167 1412 4216 Ηεετειι

245 4253 346 4303 ευτοίιυε
356 4251 484 4304 Stratonis
497 4252 646 4317 opinionem
656 4252 789 4302 continuat
797 4251 899 4302 Aristo·
986 4244 1020 4298 22
1039 4248 1178 4318 ταχυτέραν
1196 4252 1235 4300 A:
1254 4266 1319 4302 corr.
1339 4253 1396 4303 cod.
1416 4253 1561 4304 Vaticanus

244 4341 287 4389 teli
307 4341 337 4389 cs.
356 4340 426 4390 Prol.
445 4355 470 4402 p.
484 4337 518 4391 64
538 4333 550 4403 66
575 4334 607 4387 10
625 4334 758 4403 ἐφέλκεται
777 4338 812 4390 G:
833 4351 899 4389 συντ·
987 4331 1020 4385 23
1045 4334 1150 4386 Stoboei
1178 4338 1309 4388 codicibus
1336 4340 1458 4390 mutilati·
1482 4346 1610 4406 assumpsi

244 4423 362 4493 φέλκεται
374 4425 469 4486 (ch
483 4420 497 4491 66
520 4421 551 4475 13
565 4420 684 4493 χαλαζῶν
698 4422 898 4494 (Δ1οιπα1χα-
950 4421 989 4471 Io.
1008 4422 1198 4474 Damasoooum
1216 4424 1266 4486 (IV
1284 4443 1309 4490 p.
1328 4423 1375 4477 151
1396 4425 1489 4487 Mein.)

242 4511 326 4572 λαζῶν
342 4513 366 4562 Β
386 4507 400 4578 61
433 4509 464 4564 15
490 4509 530 4562 ἐπ1
555 4507 638 4561 πλεῖον
664 4512 699 4564 G:
724 4507 762 4561 ότι
786 4508 900 4562 πλεῖστον
990 4505 1024 4560 29
1042 4507 1114 4577 χιόνα
1136 4517 1162 4559 et
1180 4507 1291 4578 χάλαζαν
1314 4514 1401 4563 sedem
1426 4521 1557 4565 mutarunt
1578 4518 1610 4566 cf.

243 4598 335 4664 1A1BC
348 4594 360 4666 66
376 4598 406 4650 17
420 4595 490 4666 χιόνα
502 4607 528 4647 ετ
539 4593 651 4666 χάλαζαν
664 4598 696 4649 εὑ
712 4600 790 4650 Aetio
803 4607 902 4650 mutata
951 4596 1019 4646 infra
1030 4594 1075 4660 §5
1093 4613 1118 4661 p.
1131 4594 1202 4648 3716
1215 4595 1248 4650 25
1267 4608 1293 4648 ει
1311 4600 1382 4650 ΡιοΙ.
1400 4618 1425 4665 p.
1441 4600 1489 4653 136

241 4697 301 4738 nunt
318 4689 350 4738 of.
360 4687 432 4739 l'rol.
443 4703 468 4752 p.
477 4682 524 4738 136
539 4683 552 4752 66
570 4683 603 4736 18
616 4682 713 4753 χάλαζα
727 4688 751 4735 Δ
765 4682 778 4752 11
797 4685 828 4738 19
841 4681 900 4738 όταν

240 4791 265 4825 τι
284 4776 306 4827 0
331 4770 345 4841 66
369 4790 393 4823 τι
411 4769 479 4841 ὑγρῷ
497 4772 558 4823 Ae:
580 4770 617 4840 τῷ
634 4768 702 4840 ὑγρῷ
719 4773 778 4824 GB:
798 4776 898 4825 correxi

240 4860 345 4912 ostob.
367 4858 380 4926 66
400 4859 434 4912 20
447 4854 566 4926 πνεύματι
580 4858 688 4922 Θ(Α)Οι
706 4860 802 4926 πνεῦμα
820 4858 845 4910 τί
861 4861 897 4911 B:

241 4951 342 4999 correxi
360 4963 374 4997 o
393 4945 466 5000 stab.
