3442 5588
647 309 923 361 nnorncounnx
1419 306 1460 370 23

98 478 267 562 Ἐπικούρου
288 497 311 542 a
337 478 512 543 Plutarcho
541 478 669 544 demum
700 477 787 542 illam
819 478 1013 543 mentionem
1044 499 1115 543 esse
1144 477 1382 559 interpolatam.
1428 483 1462 540 ut

100 580 214 645 iterum
238 579 372 661 originis
394 580 597 645 manifestum
621 588 734 646 teneas
749 580 911 644 indicium.
947 579 1064 644 deinde
1080 580 1147 643 112
1169 580 1211 644 rle
1226 567 1343 644 ‘mnndi
1358 578 1462 643 forma

99 702 175 745 nurn
191 680 384 764 respiciatur
406 685 466 747 cli
488 682 556 748 init.
574 704 603 764 p.
622 684 706 747 1300
722 682 852 748 dubitur
870 689 927 747 est.
962 687 1049 746 certe
1073 679 1284 766 Orphicoruur
1308 681 1462 747 memoria

98 782 265 864 abhorret,
281 803 365 866 quas
381 803 421 849 cx
433 788 599 867 superiore
615 785 686 848 loco
702 806 731 867 p.
743 786 828 849 l2ln
844 783 895 870 [cf.
909 782 1064 848 Lobeclrii
1079 783 1239 867 Aglaoph.
1252 785 1330 865 lli)
1344 785 1461 848 iterata

97 895 157 951 cst
179 884 336 951 abhorret
350 886 447 952 etiam
464 907 495 969 p.
510 887 597 950 1291)
613 887 837 971 Θαλῆς-ἀέρα
852 893 885 951 et
900 885 1105 969 Empedoclis
1120 906 1233 950 versus
1252 906 1281 967 p.
1297 887 1392 949 1300.
1420 905 1459 949 ex

98 987 158 1051 115
173 987 245 1051 sine
260 986 473 1072 dubitatione,
488 988 635 1070 quamvis
652 988 738 1053 haud
753 989 877 1070 (lextra,
896 993 1081 1069 excerptum
1098 994 1148 1052 est
1163 1009 1192 1069 p.
1208 989 1293 1051 ltus
1305 1023 1347 1031 —
1362 988 1458 1052 tntu.

98 1089 149 1154 hic
171 1088 388 1171 antiquissimi
413 1090 531 1156 erroris
553 1090 644 1154 iuvat
664 1111 830 1174 apponere
853 1090 1081 1156 testimonium.
1118 1089 1172 1153 (liu
1196 1088 1357 1173 dubitavi,
1383 1088 1459 1172 quid

96 1191 229 1257 tandem
252 1191 335 1257 haec
353 1191 413 1256 sibi
429 1193 551 1258 vellent
574 1215 605 1276 p.
624 1193 710 1258 128³
733 1193 805 1273 τινὲς
825 1195 858 1256 δὲ
878 1200 915 1276 τῇ
932 1199 981 1257 τοῦ
1003 1195 1104 1261 ὕδατος
1120 1192 1227 1276 σφαίρᾳ
1243 1214 1286 1256 sc.
1303 1193 1458 1277 τρέφεσθαι

96 1297 222 1376 κύαμον,
255 1294 359 1359 donec
386 1293 420 1358 in
451 1295 597 1377 proximo
626 1295 822 1359 Placitornm
849 1296 955 1378 capite
977 1299 997 1359 u
1016 1305 1031 1355 3
1054 1294 1184 1360 Eusebii
1218 1294 1458 1359 vitiosissimam

95 1397 287 1480 scripturam
300 1395 516 1461 animadverti
528 1404 565 1479 τη
582 1399 661 1482 ’ρύμη
677 1402 738 1480 τῆς
754 1399 902 1481 σφαίρας
915 1396 1038 1482 {verum
1050 1404 1100 1462 est
1112 1401 1267 1481 περιφορᾶς
1279 1395 1458 1461 etAristot.

95 1500 136 1565 tle
159 1499 240 1564 cael.
261 1499 293 1563 ΙΙ
317 1519 348 1581 p.
364 1498 444 1563 295³
463 1501 518 1580 ll,
546 1499 640 1582 Diog.
656 1500 763 1583 Apoll.
786 1520 838 1582 ap.
858 1499 966 1564 Laert.
987 1500 1034 1564 IX
1049 1498 1102 1586 bl]
1130 1501 1287 1584 draptiaco
1314 1501 1347 1563 τὸ
1371 1502 1459 1583 ὕδωρ,

94 1602 124 1670 ἐξ
150 1602 186 1664 οὒ
214 1601 451 1684 ἀναθυμιαθῆναι
478 1603 527 1664 τὸν
550 1601 633 1685 ἀέρα.
667 1601 740 1666 hinc
763 1601 887 1683 antiqui
914 1602 1031 1668 erroris
1055 1601 1155 1667 habes
1178 1602 1383 1685 explicatum.
1418 1622 1457 1667 cx

95 1704 164 1768 [16
183 1712 200 1764 5
224 1702 434 1787 Pythagorea
456 1702 566 1785 opinio
589 1703 770 1787 comparari
794 1711 901 1786 potest
923 1724 994 1768 cunr
1018 1726 1048 1787 p.
1069 1707 1125 1768 131
1138 1727 1167 1786 r,
1190 1705 1248 1770 serl
1271 1711 1322 1771 est
1343 1725 1384 1769 ca
1406 1704 1458 1768 tri-

92 1805 227 1870 tissima.
250 1805 502 1889 Empedocleum
519 1826 550 1888 p.
565 1806 651 1870 128⁸
667 1826 708 1871 ex
723 1806 754 1870 II
772 1807 788 1868 l
810 1819 824 1869 ο·
847 1805 1077 1888 amplificatum
1094 1806 1230 1872 ridetur.
1257 1815 1333 1871 ante
1349 1806 1458 1870 omnia

94 1907 250 1974 memoria
280 1907 380 1990 digna
411 1927 495 1990 qnae
526 1927 566 1972 ex
588 1908 619 1971 ΙΙ
638 1911 675 1971 11
694 1917 762 1969 2-5
785 1908 947 1991 excerpsit
970 1929 1001 1991 p.
1020 1910 1114 1974 1280.
1159 1909 1307 1974 nimirum
1335 1908 1361 1973 si
1386 1909 1458 1972 Plu-

93 2008 195 2076 tarchi
212 2010 347 2092 vulgata
363 2009 513 2093 exempla
528 2009 717 2093 inspexeris,
733 2010 814 2075 nihil
825 2009 993 2076 Achilleae
1008 2011 1142 2094 eclogae
1158 2011 1263 2076 simile
1275 2010 1455 2093 apparebit.

92 2120 201 2178 tamen
224 2133 266 2178 ex
289 2111 509 2195 compilatoris
531 2113 691 2195 exemplo,
720 2112 746 2176 si
774 2132 831 2195 per
858 2114 1035 2196 emplastra
1061 2114 1103 2178 ari
1131 2114 1240 2179 vivum
1268 2113 1456 2195 resecueris,

91 2214 229 2298 pristina
259 2213 423 2280 Plutarchi
455 2214 581 2297 species
609 2213 782 2297 renidebit,
812 2214 944 2281 horrida
974 2235 1014 2280 ea
1043 2216 1172 2298 quidem
1201 2214 1315 2279 hiulcis
1345 2216 1456 2280 vulne-

90 2317 193 2400 ribus,
216 2318 277 2383 νυνί
299 2324 408 2384 umen
431 2325 465 2382 ut
486 2316 610 2382 sanitas
632 2316 815 2400 recuperari
838 2317 951 2400 possit.
985 2317 1072 2400 quod
1096 2316 1236 2382 breviter
1261 2318 1321 2382 hac
1344 2317 1456 2383 tabula

88 2419 255 2486 illustrare
279 2419 355 2486 licet

395 2690 399 2729 l

437 2751 589 2801 Plutarchus
609 2754 738 2800 restitutus
872 2753 985 2801 Achilles
1130 2748 1283 2799 Plutarchus
1304 2747 1415 2809 vulgaris

770 2887 774 2979 l
1082 2887 1085 2966 l

794 2957 1024 3028 Ἀναξίμανδρος
1052 2959 1084 3057 δέη
1105 2955 1315 3027 Ἀριστοτέλης
1339 2957 1368 3010 έν
1392 2959 1453 3025 πέμ·

101 2908 398 3055 Ἀναξίμανδροςέιιὶ
418 2953 629 3027 Ἀριστοτέλης
651 2959 681 3010 ἐκ
705 2960 766 3025 τέμ-

83 3036 180 3107 imaue
209 3041 254 3092 acl
292 3042 390 3112 ψυχροῦ
401 3062 463 3096 πτου
481 3044 598 3111 σώματος
777 3047 869 3117 πτηνὸν
901 3046 975 3116 πυρὸς
1008 3047 1150 3113 μετέ-οιτον
1169 3044 1286 3113 σώματος
1304 3044 1379 3114 πυρὸς

83 3126 208 3194 μίῃιατυς
777 3152 854 3204 χοντα

98 3220 592 3338 Παρμενίὸης“Ηρά-Ξ...πύρινον
628 3271 688 3324 εἶναι
724 3274 766 3325 τὸν
793 3271 1001 3342 Ἀριστοτέλης
1052 3273 1077 3324 δὲ
1105 3273 1170 3342 hta
1189 3272 1282 3343 θερμοῦ
1296 3276 1339 3327 καὶ
1353 3274 1452 3345 ψυχροῦ

83 3353 208 3412 ιλιιτος
245 3351 391 3423 Στράτων
401 3358 504 3428 οὺρανύν
777 3367 851 3428 σῶμα
869 3360 898 3413 la
918 3361 1015 3430 ψυχροῦ
1034 3362 1077 3413 καὶ
1088 3362 1210 3430 μίγματος

84 3438 195 3509 Ζήνων
213 3440 314 3511 νώρινον
331 3443 391 3495 εἶναι
776 3445 869 3516 θερμοῦ

81 3528 125 3579 τὸν
143 3526 250 3596 οὐρανόν

101 3664 312 3738 Ἀριστοτέλης
360 3671 389 3722 la
418 3669 649 3742 Ἀναξίμανδρος
667 3671 764 3742 ἐκθερ-

84 3756 200 3822 ντίμιττυυ
219 3755 337 3822 σώματος
400 3764 449 3825 μου
467 3760 511 3811 καί
530 3759 627 3830 ψυχροῦ
644 3761 765 3829 μίγματος

769 3662 772 3685 l

769 3694 772 3711 ι

162 4005 266 4072 Vides
278 4027 391 4073 sanam
404 4009 536 4075 Stobaei
550 4010 748 4095 memoriam,
764 4020 829 4077 tum
844 4013 939 4078 tertio
953 4015 1023 4078 loco
1037 4012 1171 4077 Achillis
1187 4011 1450 4092 turbatissimum,

87 4108 180 4188 qnasi
211 4110 359 4175 consulto
381 4111 499 4194 aliquis
521 4112 666 4178 membra
688 4112 823 4180 disiecta
848 4115 930 4179 sicut
956 4114 1022 4178 fors
1049 4114 1185 4179 dederat
1212 4114 1449 4197 conglutinant.

86 4208 255 4275 mirificum
268 4210 348 4277 illud
360 4219 571 4292 ΠΤΗΝΟΝ
584 4215 713 4297 ambigo
727 4223 831 4280 utrum
844 4235 883 4280 cx
898 4221 1065 4292 ΖΗΝωΝ
1078 4236 1120 4281 an
1132 4236 1171 4281 cx
1184 4222 1450 4293 ΠΕΛΛΠΤΟΝ

86 4317 274 4396 corruptum
297 4313 349 4379 sit.
381 4315 460 4380 illurl
483 4318 602 4382 lemma
618 4319 765 4401 expleret
780 4325 856 4383 ante
871 4318 986 4401 πύρινον
1001 4316 1072 4380 εἶναι
1086 4321 1135 4382 τὸν
1151 4321 1272 4403 οὐρανὸν
1289 4319 1450 4402 omissum,

86 4414 145 4479 hoc
167 4421 249 4480 ante
271 4421 359 4499 σῶμα
381 4416 594 4502 desideratur,
618 4439 812 4502 quamquam
835 4440 900 4485 non
922 4417 1052 4483 difficile
1067 4425 1116 4484 est
1131 4421 1145 4483 ε’
1161 4429 1234 4505 post
1249 4422 1281 4485 δέ
1296 4421 1449 4486 inserere.

86 4520 173 4601 τυρὸς
198 4519 360 4604 μετέχοντα
382 4519 540 4602 reliquum
556 4528 606 4587 est
621 4528 671 4587 est
686 4543 726 4587 cx
742 4524 857 4607 πύρινον
873 4522 944 4586 εἶναι
960 4524 1008 4585 τὸν
1024 4521 1154 4604 otperto,
1177 4523 1263 4589 uncle
1281 4523 1449 4608 Byzantini

86 4621 161 4686 nihil
197 4621 261 4686 nisi
297 4622 386 4706 πυρύς
413 4630 634 4688 servaverunt.
680 4625 828 4689 restituta
856 4630 905 4689 cat
930 4624 1103 4688 Plutarcho
1132 4626 1258 4709 planior
1285 4626 1381 4692 lectio
1409 4646 1449 4691 ex

87 4722 222 4805 Galerio,
248 4723 303 4806 qui
327 4730 362 4788 ut
384 4723 618 4791 Anaximandri
640 4727 704 4792 iarn
727 4728 879 4791 lemmate
901 4725 1033 4789 orbatus
1058 4734 1116 4808 est,
1139 4729 1184 4793 ita
1204 4736 1293 4796 caret
1310 4729 1450 4811 interpo-

86 4825 147 4889 lato
170 4825 229 4889 illc
254 4825 286 4908 ἦ.
321 4826 460 4892 maxime
483 4834 649 4894 truncatus
672 4835 721 4894 est
743 4827 888 4893 codicum
910 4835 1092 4896 nostrorum
1111 4831 1317 4914 archetypus,
1342 4850 1449 4911 quarn-

87 4926 131 4992 rir
153 4948 220 4994 non
244 4936 313 4994 tarn
338 4927 448 5011 inepte
471 4928 512 4996 sit
534 4931 691 5013 turbatus,
714 4951 809 5013 quarn
825 4930 979 4998 Achilles.
1013 4933 1089 5016 quid
1104 4933 1136 4997 in
1155 4931 1282 4996 Eusebii
1299 4933 1448 5015 exemplo
