3442 5588
655 369 933 422 PROLEGOMENA

150 537 168 602 1
191 537 246 603 31
270 539 346 604 ἐστιν
368 540 448 625 ἀρχή
472 536 566 605 OFG
586 573 630 584 —
652 538 732 624 ἀρχή
755 537 831 602 ἐστιν
851 544 939 606 recte
959 539 1057 622 vulgo

271 645 324 706 τοῦ
345 640 449 712 ὕδατος
471 639 566 707 cle
587 644 710 704 -τῶν
733 641 846 706 ὑδάτων
869 647 957 707 recte
977 641 1076 724 vulgo

150 742 250 808 1318
272 743 476 829 apostilicam
497 742 581 809 falso
605 742 700 810 OFG
721 779 765 789 -
785 742 967 829 προσέθηκεν
989 741 1107 810 rectius
1130 741 1227 824 vulgo

108 844 167 910 'II
189 846 265 913 301
288 845 361 912 sicar
382 849 416 913 ol.
438 845 532 914 olle
555 881 596 892 -
618 845 690 911 εἶναι
711 846 766 930 γὰρ
787 850 875 911 recto
896 846 1004 929 vulgo.

107 946 142 1011 in
171 947 284 1016 codice
314 947 339 1015 (l
366 949 490 1014 nullum
522 947 784 1032 interpolationis
816 946 988 1032 vestigium
1017 943 1136 1012 inveni.
1166 945 1333 1028 complura
1366 947 1400 1013 in
1426 969 1473 1016 ro-

108 1049 308 1116 oentioribue
329 1050 402 1118 FG.
446 1051 532 1116 male
562 1049 649 1116 enim
676 1056 853 1117 correctum
881 1055 931 1115 est
952 1049 968 1113 1
991 1050 1065 1114 101
1090 1047 1135 1132 μὴ
1163 1047 1333 1133 ὑφεστῶσα,
1361 1056 1474 1115 contra

108 1153 191 1219 scite
207 1153 425 1238 excogitatum
447 1156 539 1222 144
561 1156 707 1238 σωμάτων
730 1160 763 1221 et
785 1153 885 1238 01qu<ss
923 1151 1023 1218 semel
1044 1149 1145 1215 Π61
1170 1148 1229 1215 Fe
1243 1185 1288 1196 -
1300 1150 1474 1234 ingenione

108 1273 155 1319 an
179 1255 316 1322 meliore
342 1259 499 1325 memoria
524 1257 574 1323 fisi
600 1257 759 1324 incertum
785 1292 829 1302 —
850 1274 963 1321 verum
990 1254 1086 1339 ἀρχήν
1113 1273 1172 1338 pro
1195 1253 1275 1339 ἀρχή
1303 1260 1474 1319 servarunt

111 1357 185 1423 soli.
229 1359 289 1426 sed
310 1360 398 1444 quud
420 1361 550 1446 saepius
572 1359 742 1444 querebar,
765 1356 870 1423 omnis
884 1355 1004 1438 gradus
1018 1355 1206 1422 inlubrico:
1229 1354 1378 1438 equidem
1392 1353 1474 1421 nibil

108 1459 262 1544 cupidius
281 1468 360 1546 opto
375 1482 471 1546 quam
494 1470 529 1530 ut
543 1464 651 1530 denuo
674 1460 818 1529 excussis
834 1457 998 1526 codicibus
1019 1478 1098 1525 vera
1113 1458 1258 1525 codicum
1280 1456 1474 1541 propagatio

108 1561 291 1644 aporiatur.
325 1565 452 1634 interea
474 1567 560 1650 quod
583 1563 748 1650 composui
769 1561 915 1629 codicum
937 1568 1073 1628 stemma
1096 1561 1158 1626 boc
1180 1566 1271 1627 utere
1292 1578 1417 1626 mecum

268 3493 344 3549 xm
372 3495 422 3551 DE
440 3490 697 3551 nuuornnlsul
713 3492 753 3547 Ill
769 3489 928 3547 menone
946 3489 1104 3548 mcum
1122 3492 1328 3554 neumis

204 3704 257 3771 De
279 3702 400 3769 Laertii
429 3701 585 3785 Diogenis
611 3701 753 3767 sontibus
782 3701 837 3784 qui
867 3708 945 3768 anto
971 3701 1031 3767 hos
1058 3724 1175 3771 novem
1204 3725 1308 3773 annos
1340 3706 1481 3774 scribere

112 3805 229 3890 coepit
250 3804 287 3871 F.
306 3804 501 3871 Nieteoheus
522 3823 595 3870 eam
617 3804 851 3888 quaestionem,
873 3823 958 3888 quae
981 3811 1031 3870 est
1052 3805 1094 3872 de
1114 3807 1277 3891 primariis
1295 3807 1481 3874 auctoribus

115 3915 154 3974 et
171 3906 260 3974 unde
274 3928 422 3993 quaeque
434 3907 612 3991 antiquitus
626 3906 847 3992 profluxerint,
863 3912 998 3990 tangere
1012 3909 1125 3975 noluit.
1160 3930 1236 3976 nam
1250 3910 1433 3994 quicunque
1447 3910 1481 3975 in

116 4030 160 4076 eo
175 4029 307 4095 genere,
327 4010 414 4095 quod
429 4016 462 4076 et
477 4007 699 4074 difficillimum
714 4009 796 4075 duco
813 4014 846 4074 et
860 4006 1149 4077 fructuosissimum
1164 4012 1320 4098 proficere
1334 4011 1481 4095 voluerit,

114 4112 147 4178 ia
168 4132 236 4178 non
257 4110 375 4178 frivola
396 4111 584 4179 curiositate
598 4117 765 4177 auctorum
782 4108 917 4175 nomina
932 4120 1130 4198 perreptare,
1152 4116 1210 4182 sed
1225 4113 1355 4181 assiduo
1371 4113 1482 4181 labore

114 4215 153 4280 in
174 4219 316 4280 mentem
339 4222 372 4283 et
393 4213 530 4281 consiliu
551 4212 714 4278 variorum
736 4212 928 4296 soriptorum
949 4215 1042 4297 quasi
1063 4216 1227 4284 insinuare
1249 4215 1355 4282 debet.
1396 4214 1483 4298 quod

114 4318 175 4383 ille
196 4337 258 4384 nec
278 4316 358 4384 fecit
377 4337 438 4385 noo
459 4317 569 4383 iacere
590 4315 705 4400 potuit,
726 4314 879 4399 quoniam
894 4316 928 4381 id
951 4325 1000 4384 est
1022 4319 1147 4385 subacti
1168 4318 1290 4402 ingenii
1312 4325 1345 4384 et
1366 4317 1485 4384 aetatis

115 4418 315 4484 maturioris.
355 4440 427 4486 cnm
454 4425 564 4485 tamen
591 4417 738 4501 quaestio
759 4417 966 4502 aliquatenus
989 4428 1075 4488 esset
1097 4421 1332 4505 promovenda,
1362 4420 1484 4487 lieertii

115 4519 285 4604 proximos
306 4520 414 4589 sontes
443 4558 487 4568 —
513 4539 590 4586 nam
613 4521 646 4586 in
668 4519 720 4585 bis
741 4520 809 4586 sere
837 4541 873 4586 se
896 4521 1054 4587 continuit
1084 4560 1121 4568 -
1151 4523 1395 4605 investigandos
1423 4522 1484 4588 sibi

115 4623 298 4707 proposuit.
343 4623 401 4688 sed
426 4644 468 4690 ne
495 4624 580 4689 intra
607 4622 744 4689 artiores
771 4622 902 4706 quidem
929 4622 1010 4688 fines
1038 4642 1110 4689 eam
1138 4623 1346 4691 sobrietatem
1375 4625 1485 4690 iudicii

114 4724 296 4809 praestitit,
326 4744 391 4807 qua
419 4724 567 4808 aequalis
594 4723 630 4789 F.
654 4723 830 4789 Bahnsohii
858 4724 1082 4809 quaestionum
1110 4723 1151 4791 de
1179 4725 1335 4809 Diogenis
1363 4728 1486 4794 Laertii

112 4826 263 4893 sontibus
289 4826 383 4892 initia
411 4822 715 4913 [Gumbinn.1868]
742 4826 915 4892 excellunt.
964 4834 999 4892 at
1024 4826 1215 4909 quantillum
1249 4831 1411 4913 estquod
1440 4830 1487 4895 illi

112 4928 206 4995 omni
222 4927 427 4994 dubitatione
442 4934 626 5012 exemptum
641 4926 805 4995 affirmare
820 4928 919 4995 licuit.
953 4929 1063 5010 itaque
1078 4926 1273 4996 Nietscheus
1287 4931 1320 4996 in
1337 4950 1485 5015 campum

168 5059 267 5103 noers,
288 5058 434 5108 noronrpur
452 5061 534 5108 μικι.
1244 5034 1282 5097 11
