3442 5588
405 1286 420 1341 1
455 1286 505 1342 DE
523 1283 787 1343 PLUTABOHEOE
805 1286 988 1344 armans
1005 1286 1175 1343 Uenu

188 1492 355 1557 Plutarchi
386 1512 470 1575 quae
491 1492 593 1559 fertur
620 1492 663 1559 de
688 1493 820 1559 Plaeitis
844 1496 1006 1579 epitomen
1029 1494 1150 1578 primus
1172 1493 1319 1575 attigisse
1341 1492 1468 1557 videtur

93 1592 213 1658 Philo
236 1595 386 1678 lndaeus,
410 1594 553 1660 simodo
576 1594 659 1660 buna
682 1596 787 1661 loeum
810 1596 883 1662 libri
906 1596 999 1680 primi
1021 1596 1066 1662 de
1087 1595 1341 1680 providentia
1363 1593 1405 1659 ab
1427 1612 1467 1658 eo

93 1694 256 1779 seriptum
280 1715 353 1762 esse
375 1696 552 1763 eredimus:

188 1799 261 1864 1⁶22
284 1820 317 1881 p.
334 1801 373 1863 11
402 1798 478 1864 edit.
511 1818 633 1864 armen.
664 1799 756 1865 latin.
786 1799 926 1866 Auoher.
975 1801 1077 1867 Haeo
1104 1799 1270 1888 [mundum
1297 1818 1369 1865 eum
1397 1815 1468 1881 pro

95 1898 232 1987 creatis]
248 1901 364 1966 Plato
379 1919 399 1965 a
414 1901 488 1967 deo
503 1900 608 1966 faeta
622 1899 742 1966 fuisse
757 1902 866 1967 novit
888 1908 925 1968 et
946 1904 1146 1970 materiam
1169 1923 1236 1988 per
1258 1921 1303 1967 se
1325 1906 1467 1965 ornatu

95 2012 300 2069 carentem
317 2002 354 2067 in
371 2004 509 2068 mundo
533 2023 614 2069 eum
630 2009 770 2068 ornatu
791 2003 875 2087 ipso
898 2005 1109 2090 prodiisse;
1131 2006 1208 2071 hae
1231 2002 1332 2070 enim
1356 2010 1468 2069 erant

100 2104 256 2187 primae
283 2124 452 2172 caussae
479 2106 579 2171 unde
608 2110 646 2170 et
667 2105 825 2170 mundns
847 2104 930 2171 fnit.
962 2106 1144 2188 quoniam
1168 2115 1206 2172 et
1228 2105 1467 2171 Judaeornm

96 2206 208 2287 legis
231 2206 335 2271 lator
362 2207 517 2291 Moyses
538 2226 672 2289 aquam
700 2208 884 2274 tenebras
913 2215 952 2274 et
979 2208 1096 2274 ebaos
1122 2208 1224 2274 dixit
1249 2214 1342 2273 ante
1364 2228 1468 2272 mun-

93 2308 189 2372 dum
215 2307 345 2374 fuisse.

952 2412 1035 2477 Plut.
1058 2412 1101 2478 de
1124 2411 1238 2478 Plocio.
1261 2413 1276 2477 Ι
1299 2414 1319 2476 3

142 2514 266 2578 Plato
287 2521 416 2578 antem
438 2516 639 2580 materiam
863 2522 895 2574 αι
934 2512 1144 2578 Πλάτων..
1170 2519 1274 2599 .τροῖς
1299 2515 1393 2600 ἀρχὰς
1419 2518 1468 2578 τὸν

813 2617 881 2682 θεὸν
903 2617 956 2701 τὴν
979 2617 1065 2701 ὕλην
1087 2618 1139 2702 τὴν
1162 2617 1250 2680 ἰδέαν.

145 2717 300 2783 Thales
324 2718 501 2784 Milesius
523 2739 660 2802 aquam
869 2720 880 2780 l
917 2717 1270 2805 ΘαλῆςὸΜιλήσιος
1292 2721 1388 2806 ἀρχὴν
1410 2727 1468 2785 τῶν

814 2820 905 2886 ὄντων
927 2823 1096 2907 ἀπεφήνατο
1118 2822 1158 2885 τὸ
1181 2822 1288 2907 ὕδωρ.

146 2921 443 2988 Anaximander
468 2923 645 2989 Milesius
670 2922 762 2987 infi-
868 2930 884 2983 3
914 2922 1189 3009 Ἀναξίμανδρος
1211 2924 1243 2987 δὲ
1263 2927 1279 2989 ὁ
1296 2922 1470 3010 Μιλήσιός

95 3023 230 3088 mitum
814 3047 886 3112 φησι
913 3031 972 3089 τῶν
1002 3023 1092 3089 ὄντων
1125 3027 1177 3109 τὴν
1211 3027 1307 3113 ἀρχὴν
1334 3026 1405 3090 εἶναι
1432 3029 1470 3091 τὸ

814 3129 971 3213 ἄπειρον.

144 3227 411 3296 Anaximenes
432 3251 560 3298 aerem
868 3242 885 3292 4
914 3227 1145 3313 Ἀναξιμένης
1167 3230 1199 3293 δὲ
1222 3229 1401 3317 ὁΜιλήσιος
1422 3235 1470 3318 ἀρ·

815 3335 873 3418 χὴν
897 3338 956 3396 τῶν
979 3331 1070 3396 ὄντων
1093 3331 1179 3416 ἀέρα
1201 3335 1380 3418 ἀπεφήνατο.

136 3433 763 3514 Anaxagorasctazomoniusho
868 3444 884 3496 5
914 3433 1154 3517 Ἀναξαγόρας
1182 3433 1472 3519 ὁΚλαζομένιος

99 3534 382 3600 moeomeriam
815 3537 910 3622 ἀρχὰς
932 3541 991 3598 τῶν
1015 3535 1105 3598 ὄντων
1127 3536 1191 3606 τὰς
1214 3539 1471 3624 ὁμοιομερείας

815 3639 1000 3722 ἀποφήνασα

147 3738 399 3822 Pythagoras
446 3741 671 3807 Mnesarchi
718 3742 764 3807 fi=
869 3738 1227 3825 8...’Πυθαγόμας
1257 3742 1472 3828 Μνησάρχου

101 3839 213 3904 iius¹
253 3860 435 3908 numeros
474 3862 763 3910 commensura·
814 3843 924 3924 Σάμιος
951 3888 959 3904 ·
990 3889 998 3904 ·
1027 3888 1035 3904 ·
1063 3843 1157 3928 ἀρχὰς
1184 3845 1265 3913 τοὺς
1290 3847 1472 3929 ἀριθμοὺς

101 3942 241 4008 tiones
262 3951 299 4008 et
321 3943 577 4011 barmonias'
815 3947 875 4010 arri
899 3945 963 4013 τὰς
985 3945 1207 4029 συμμετρίας
1233 3947 1284 4015 τὰς
1310 3948 1339 4009 ἐν
1362 3948 1473 4017 τούτοις

816 4049 851 4117 ἃς
872 4047 930 4110 καὶ
954 4046 1127 4130 ἁρμονίας
1148 4050 1292 4110 καλεῖ...

148 4147 412 4213 Heraclitus¹
431 4150 676 4235 etHippasus
692 4149 765 4215 Me·
871 4160 899 4211 ιι
940 4147 1169 4234 Ἡράκλειτος
1192 4150 1250 4212 καὶ
1267 4147 1434 4222 Ἵππασος
1457 4157 1472 4217 ὁ

104 4249 314 4332 tapontius
336 4248 463 4332 ignem
819 4250 1087 4320 Μεταποντῖνος
1106 4252 1202 4336 ἀρχὴν
1222 4256 1281 4314 τῶν
1295 4255 1410 4316 πάντων
1434 4257 1472 4318 τὸ

818 4378 893 4439 orep.

183 4543 190 4574 ¹
209 4548 353 4596 armeniano
372 4545 555 4610 Mnesarqaj
576 4545 662 4607 ordi,
681 4544 750 4608 qnod
769 4560 826 4595 oum
840 4543 977 4594 Aucherns
994 4543 1120 4594 divideret
1139 4545 1228 4594 Mnes
1247 4546 1421 4610 arqajordi
1440 4547 1475 4598 ad

107 4632 189 4683 rerba
213 4643 293 4694 rorte,
316 4635 350 4684 ad
372 4651 474 4684 sensum
498 4636 583 4699 inepte
608 4635 685 4684 vertit
708 4633 797 4682 mites
822 4633 906 4695 regis
930 4632 1030 4680 iilius.
1068 4648 1154 4680 veram
1180 4633 1316 4681 lectionem
1340 4642 1366 4680 et
1384 4632 1425 4681 bie
1449 4643 1474 4682 et

106 4721 178 4769 inira
196 4720 279 4770 debeo
298 4721 488 4773 (iiidemeisteri
508 4722 711 4771 benevolentias.

181 4805 192 4834 ²¹
212 4807 410 4859 harmoniam
429 4823 562 4874 perperam
583 4808 693 4857 Ancher.

150 4954 156 4962 .
182 4892 402 4946 ³Heraeiides
421 4896 485 4946 falso
506 4895 618 4945 Aucirer.

162 4982 266 5053 Diels:
276 5008 416 5057 Doxogrrphi
435 5007 516 5056 graeci.
