3442 5588
172 344 236 409 630
577 342 715 393 (ιιιυυαι
733 340 873 392 Ητετοιι
890 337 1029 391 mimos.
1042 336 1085 390 το.
1097 336 1132 393 τι

224 514 307 578 ῶλοι
342 515 375 576 δὲ
410 514 567 576 ἀνάκλασιν
608 515 661 593 τῆς
695 510 838 595 ἡμετέρας
868 508 964 595 όψεως
992 509 1064 593 πρδς
1092 508 1143 571 τὸν
1173 510 1255 592 ἥλιον
1284 507 1495 593 παραπλησίαν

224 621 287 687 ταῖς
320 618 523 699 κατοπτρικαῖς
555 613 724 697 ἐμφάσεσιν.
770 609 1001 697 Ἀναξαγόρας
1034 612 1082 676 καί
1116 610 1336 695 Δημόκριτος
1371 612 1495 676 σύνοδον
1532 667 1543 678 ,

225 719 354 802 ἀστέρων
377 720 456 782 δυοῖν
478 719 498 800 ἢ
522 718 570 782 καὶ
593 717 733 781 πλειόνων
756 714 831 779 κατὰ
852 714 1063 799 συναυγασμόν.
1104 710 1350 799 Ἀριστοτέλης
1377 715 1412 779 δέ
1438 717 1494 796 τῆς

224 823 311 906 ξηροῖς
327 822 360 884 ἐκ
374 825 426 904 τῆς
440 824 494 904 γῆς
509 821 732 902 ἀναθυμιάσεως
747 819 795 883 διὰ
809 819 862 902 τὴν
877 816 1006 903 ἔμπυρον
1021 816 1160 881 ἐπίτασιν.
1195 816 1358 901 Στράτων
1380 818 1491 900 ἄστρου

136 923 146 938 ’
224 929 289 1010 φῶς
326 923 581 1006 [πεπληρωμένον]
620 921 798 1006 περιληφθὲν
834 925 917 1005 ψυχῇ
954 942 1016 982 τινι.
1076 920 1244 1004 Διογένης
1280 924 1401 1003 σημεῖον
1438 918 1518 982 ἐπὶι

225 1021 397 1110 τοῦβσημ”
422 1024 592 1110 ἐπισφαλῶς
618 1047 694 1094 τινος
715 1022 788 1087 εἶναι
813 1023 880 1092 τοὺς
905 1022 1046 1105 κομήτας.
1086 1021 1318 1106 Ἀναξαγόρας
1347 1022 1414 1092 τοὺς
1443 1045 1492 1084 κα·

227 1130 384 1212 λουμένους
406 1125 543 1212 ᾅττοντας
565 1127 624 1191 ἀπὸ
646 1131 697 1191 τοῦ
719 1125 850 1210 αἰθερίου
872 1125 1143 1209 πυρδςοσπινθῆρος
1165 1126 1248 1207 δίκην
1274 1124 1491 1210 καταφέρεσθαι

229 1234 278 1297 καὶ
307 1231 470 1317 παραυτίκα
498 1230 680 1315 σβέννυσθαι.
732 1227 968 1313 Μητρόδωρος
1001 1230 1053 1313 τὴν
1082 1228 1123 1298 εἰς
1153 1228 1189 1290 τά
1219 1228 1293 1313 νέφη
1323 1231 1377 1291 τοῦ
1406 1228 1492 1310 ἡλίου

177 1355 212 1394 τοι
225 1333 372 1419 ἔμπτωσιν
396 1337 437 1403 ῶς
460 1334 542 1419 βέλος
559 1334 697 1403 πολλάκις
712 1332 920 1416 σπινθηρίζειν.
963 1328 1174 1416 ΞενοφάΙνης
1195 1329 1232 1396 τὰ
1253 1334 1372 1395 τοιαῦτα
1393 1333 1490 1414 νεφῶν

231 1437 447 1521 πεπυρωμένων
470 1436 604 1520 σύστημα
627 1436 646 1520 ἢ
670 1435 777 1519 κίνημα
798 1431 881 1497 εἶναι.
1508 1452 1531 1491 ιο

323 1752 363 1815 76
401 1748 486 1831 Περὶ
509 1749 667 1832 βροντῶν
689 1746 746 1811 καὶ
768 1747 964 1830 ἀστραπῶν.
1002 1755 1082 1819 [ΡΙαι.
1096 1752 1199 1806 11131.
1210 1763 1307 1806 περ.
1319 1763 1351 1805 τι
1363 1754 1400 1821 ιν]

311 1933 585 2019 ’Ἀναξίμανδρος
615 1935 649 1998 έκ
677 1938 730 1997 τοῦ
756 1935 917 2028 πνεύματος
946 1932 1093 2011 ύπιόντος,
1119 1933 1188 1997 όταν
1216 1933 1395 2018 περιληφθὲν
1415 1931 1496 2015 νέφει

233 2041 325 2123 παχεῖ
346 2036 515 2122 βιαζόμενον
538 2036 650 2120 ἐκπέση
672 2042 711 2119 τῇ
733 2034 924 2120 λεπτομερείᾳ
946 2036 994 2098 καὶ
1016 2035 1185 2120 κουφότητι,
1206 2036 1272 2099 τότε
1293 2037 1313 2120 ἡ
1337 2037 1390 2118 μὲν
1417 2032 1497 2120 ῥῆξις

231 2140 281 2202 τόν
303 2140 397 2225 ψόφον
420 2141 571 2218 ἀποτελεῖ,
600 2140 620 2223 ἡ
644 2139 677 2201 δὲ
700 2139 837 2223 διαστολὴ
861 2140 996 2222 μελανίαν
1019 2142 1070 2201 τοῦ
1092 2137 1206 2224 νέφους.
1249 2136 1497 2223 Μητρόδωρος

235 2242 304 2305 όταν
327 2241 368 2311 εἰς
390 2241 476 2326 νέφος
497 2242 626 2325 πεπηγός
649 2241 706 2303 ὑπὸ
729 2243 906 2326 πυκνότητος
929 2241 1045 2325 ἐμπέση
1075 2245 1203 2323 πνεῦμα,
1232 2246 1271 2324 τῇ
1298 2242 1351 2323 μὲν
1373 2239 1497 2324 θραύσει
1515 2257 1537 2294 ιι

232 2343 282 2406 τὸν
304 2343 412 2407 κτύπον
435 2347 526 2420 ποιεῖ,
549 2349 586 2427 τῇ
609 2345 642 2408 δὲ
664 2347 762 2428 πληγῇ
785 2345 898 2431 καὶτῷ
928 2347 1046 2430 σχισμῷ
1070 2344 1231 2426 διαυγάζει,
1261 2349 1299 2426 τῇ
1326 2340 1352 2408 δ’
1380 2342 1496 2424 όξύττρι

232 2450 284 2529 τῆς
306 2451 399 2530 φοράς
421 2446 642 2532 προσλαμβάνον
664 2448 716 2531 τὴν
739 2449 871 2512 ἀπὸτοῦ
894 2446 979 2532 ηλίου
1002 2445 1169 2531 θερμότητα
1196 2447 1408 2531 κεραυνοβολεῖ.
1445 2448 1497 2508 τοῦ

236 2549 269 2610 δὲ
300 2553 439 2632 κεραυνοῦ
466 2549 518 2631 τὴν
545 2548 697 2612 ἀσθένειαν
724 2549 766 2619 εἰς
792 2554 946 2635 πρηστῆρα
974 2547 1161 2633 περιίστησιν.
1202 2547 1435 2633 Ἀναξαγόρας
1465 2547 1499 2609 δέ

237 2650 306 2713 όταν
329 2650 362 2712 τὸ
387 2650 496 2734 θερμὸν
517 2652 558 2721 εἰς
581 2651 692 2736 ψυχρὸν
721 2651 836 2736 ἐμπέση
865 2650 963 2737 (τοῦτο
989 2653 1022 2715 δέ
1051 2652 1127 2716 ἐστιν
1155 2650 1284 2737 αἰθέριον
1313 2650 1400 2735 μέρος
1425 2647 1494 2733 (εἰς)

182 2749 386 2836 νυιάερῶδετ),
427 2759 471 2838 τῷ
512 2754 564 2834 μέν
609 2752 691 2838 ζόφῳ
729 2754 865 2835 μελανίαν
906 2755 1055 2833 ἀποτελεῖ,
1089 2761 1132 2840 τῷ
1163 2752 1168 2841 Ι
1197 2755 1230 2818 δέ
1269 2756 1405 2839 χρώματι
1444 2755 1496 2815 τοῦ
1513 2769 1536 2807 w

232 2857 381 2939 νεφώδους
402 2856 454 2939 τἠν
483 2857 647 2941 ἀστραπήν,
677 2862 719 2942 τῷ
744 2858 777 2920 δέ
799 2857 906 2941 πλήθει
928 2861 980 2920 τοῦ
1005 2858 1104 2942 φωτδς
1133 2860 1182 2921 τὸν
1208 2856 1362 2942 κεραυνόν,
1390 2860 1435 2942 τῷ
1466 2855 1498 2917 δέ

234 2958 515 3042 πολυσωματωτέρῳ
545 2959 613 3042 πυρὶ
641 2959 690 3021 τδν
720 2963 855 3044 τυφῶνα,
883 2963 926 3044 τῷ
958 2959 991 3021 δέ
1020 2961 1143 3044 νεφώδει
1173 2961 1222 3024 τδν
1250 2963 1413 3044 πρηστῆρα
1460 2955 1497 3022 O!

234 3060 388 3124 Στωικοὶ
412 3061 532 3145 βροντὴν
556 3061 608 3143 μὲν
630 3064 774 3145 κρουσμδν
797 3065 907 3147 νεφῶν,
928 3062 981 3145 τὴν
1005 3063 1038 3125 δέ
1059 3064 1211 3148 ἀστραπὴν
1232 3061 1330 3147 ἔξαψιν
1351 3062 1386 3125 ἐκ
1408 3083 1498 3144 παρα-

234 3163 372 3247 τρίψεως,
399 3164 537 3246 κεραυνδν
564 3164 598 3227 δὲ
625 3165 819 3249 σφοδροτέραν
841 3163 998 3249 έλλαμψιν,
1032 3172 1185 3251 πρηστῆρα
1212 3167 1245 3229 δέ
1270 3163 1497 3250 νωχελεστέραν.

230 3264 475 3349 Ἀριστοτέλης
498 3266 531 3329 δέ
553 3265 582 3335 ἐξ
605 3267 828 3349 ἀναθυμιάσεως
849 3268 942 3330 πάντα
963 3267 999 3329 τὰ
1021 3273 1141 3333 τοιαῦτα
1161 3269 1339 3354 συμβαίνειν·
1364 3266 1433 3329 ὅταν
1449 3261 1499 3326 οὖν
1517 3282 1541 3320 κν

234 3368 343 3452 ἐντύχη
367 3366 405 3449 η’
428 3367 517 3450 ὑγρᾷ,
544 3370 752 3455 παραβιάζεται
773 3370 826 3454 τἠν
848 3368 962 3448 ἔξοδον,
991 3371 1039 3433 καὶ
1061 3393 1099 3453 τη
1122 3372 1175 3454 μὲν
1197 3371 1369 3455 παρατρίψει
1390 3368 1440 3430 καὶ
1461 3367 1500 3448 τῇ

235 3470 314 3555 ψήξει
336 3471 385 3533 τδν
408 3471 501 3555 ψόφον
523 3475 576 3554 τῆς
606 3472 726 3557 βροντῆς
755 3472 900 3554 γίνεσθαι,
929 3473 968 3555 τῇ
996 3471 1021 3536 δ’
1049 3473 1147 3559 ἐξάψει
1175 3479 1228 3558 τῆς
1259 3472 1415 3556 ξηρότητος
1446 3470 1499 3552 τὴν

234 3574 399 3658 ἀστραπήν,
433 3579 586 3659 πρηστῆρα
618 3575 651 3637 δὲ
677 3576 725 3638 καὶ
751 3581 871 3663 τυφῶνα
899 3577 1074 3662 πλεονασμῷ
1105 3582 1157 3662 τῆς
1181 3578 1261 3661 ύλης,
1293 3576 1329 3659 ἣν
1363 3573 1501 3656 ἑκάτερος

235 3674 333 3739 αὐτῶν
356 3675 522 3762 ἐφέλκεται·
547 3678 721 3762 θερμότερος
744 3679 795 3761 μὲν
819 3680 835 3742 ύ
857 3679 1001 3762 πρηστήρ,
1023 3678 1186 3766 παχύτερος
1208 3681 1241 3744 δὲ
1264 3682 1280 3745 ό
1302 3682 1411 3763 τυφών.

186 3885 197 3936 l
218 3883 353 3954 ἀνάκλησιν
374 3888 399 3936 A
420 3880 433 3951 β
453 3880 634 3953 παραπλησίως
653 3881 666 3952 ΙΙ
687 3884 703 3936 2
723 3901 841 3936 κατοπτι·
891 3884 969 3953 τάπης
991 3886 1014 3937 Β
1039 3881 1054 3952 ΙΙ
1087 3885 1118 3938 16
1143 3891 1245 3954 χρισμῳ
1268 3886 1291 3936 Β
1320 3880 1335 3951 ΙΙ
1363 3880 1464 3942 όξυτάτι
1487 3885 1511 3935 Β
1535 3881 1549 3949 β

183 3976 239 4030 καῖς
258 3973 280 4024 Β
302 3970 314 4040 ψΙ
338 3972 355 4025 4
375 3969 485 4039 ἔμπυρον
507 3974 545 4022 A:
568 3967 658 4039 ίπυρον
682 3972 704 4023 Β
725 3968 737 4038 β
757 3970 840 4024 ἐπίτα-
894 3972 925 4024 17
948 3971 1149 4041 προσλαμβάνων
1174 3974 1209 4023 B:
1238 3971 1414 4042 προλαμβάνον
1433 3972 1458 4020 A
1479 3967 1493 4037 ΙΙ
1521 3969 1551 4022 18

183 4075 220 4111 σιν
247 4063 286 4111 A:
320 4076 371 4111 om.
404 4060 427 4109 B
460 4060 544 4124 spatio
576 4075 622 4110 sex
658 4061 707 4111 litt.
741 4062 840 4111 relicto.
893 4058 1025 4129 ἐμπρηστᾶ
1047 4060 1102 4128 περὶ
1120 4062 1166 4129 γῆς
1196 4062 1233 4123 (π.
1251 4079 1274 4130 γ.
1294 4079 1344 4113 om.
1360 4062 1394 4124 B)
1414 4059 1464 4109 AB
1485 4054 1499 4123 ΙΙ
1522 4057 1551 4110 19

183 4149 252 4199 Plut.
276 4144 394 4214 διάπυρον
416 4142 530 4196 σύστασιν
560 4141 572 4212 β
602 4144 618 4198 5
645 4143 841 4216 πεπληρωμένον
893 4144 1025 4216 ἢψυχρόν
1044 4150 1091 4199 AB
1112 4145 1125 4215 ΙΙ
1150 4147 1184 4206 είς
1202 4150 1290 4200 addidi
1311 4146 1325 4214 ΙΙ
1345 4146 1380 4200 20
1399 4145 1471 4215 ζόφῳ
1490 4146 1550 4196 AB:

183 4237 316 4301 proximae
340 4237 411 4287 vocis
434 4227 800 4299 interpretamentum'inclusi
826 4231 839 4302 ΙΙ
893 4233 968 4303 ψόφῳ
986 4234 1033 4303 την
1052 4234 1157 4304 βροντὴν
1175 4234 1292 4288 ἀποτελεῖ
1309 4239 1375 4288 Plut.
1394 4253 1420 4302 ρ.
1433 4232 1551 4288 368213.

183 4320 266 4390 ψυχης
295 4323 364 4388 apud
394 4324 462 4373 Plut.
491 4320 559 4388 νέφει
585 4320 672 4389 πυκνῳ
698 4317 711 4387 β
739 4325 776 4372 σία
803 4323 840 4372 A:
893 4319 1010 4389 μελανίαν
1027 4324 1062 4374 ad
1080 4327 1200 4389 proxima
1217 4327 1340 4390 ρεηὶπει,
1363 4325 1408 4375 uhi
1427 4324 1498 4374 Plut.
1515 4326 1551 4390 τῷ

182 4405 300 4478 Διογένης
327 4412 429 4477 σημεῖον
446 4407 576 4459 ....καλ
603 4406 753 4475 ἐπισφαλοῦς
776 4407 841 4467 τινός
892 4407 919 4460 δέ
938 4407 1006 4477 παρὰ
1020 4409 1067 4478 τὴν
1079 4409 1196 4477 μελανίαν
1207 4414 1253 4463 τοῦ
1264 4408 1392 4480 ντφῶδους
1404 4407 1525 4479 χρῶματι
1537 4407 1551 4477 ΙΙ

182 4493 243 4547 εἶναι
261 4514 284 4548 τ.
304 4514 329 4547 κ.
342 4497 374 4558 Β,
394 4511 460 4560 quae
478 4497 539 4560 quid
557 4496 606 4547 sibi
626 4498 706 4546 velint
723 4514 776 4548 non
794 4514 840 4550 ex·
892 4496 925 4549 21
939 4496 1061 4564 νέφουςΒ
1079 4495 1092 4566 ΙΙ
1105 4497 1135 4549 τὸ
1147 4496 1173 4550 δδ
1186 4496 1430 4566 πολυσωματωτέρῳ
1443 4497 1550 4564 (comp.)

180 4572 259 4649 ρεάίυ
280 4580 293 4650 ΙΙ
314 4584 330 4636 Ί
350 4580 473 4639 ἅπτοντας
486 4584 534 4634 AB
554 4578 567 4649 β
590 4580 806 4652 θίμπρησινΑΒ
827 4581 840 4651 Η
892 4582 1278 4654 ΑιτῷδέπολυσωματικῶΒ
1298 4585 1310 4655 ΙΙ
1330 4585 1364 4638 22
1381 4581 1551 4654 νίφειΒΙΙοί

184 4668 244 4739 βίλη
262 4672 285 4721 Β
307 4667 319 4735 Η
341 4666 492 4739 σπινθηρίζιι
510 4673 535 4721 A
893 4690 944 4723 om.
963 4675 988 4723 A
1008 4669 1022 4740 ΙΙ
1043 4670 1077 4724 23
1096 4671 1207 4725 eat-24
1225 4671 1347 4739 ίλλαμψιν
1366 4689 1418 4723 om.
1436 4675 1462 4722 A
1484 4669 1498 4738 ΙΙ
1518 4670 1552 4723 24

220 4756 252 4808 12
270 4753 412 4826 περιληφθῖγ
430 4760 452 4809 Β
472 4753 485 4822 ΙΙ
507 4756 538 4809 13
551 4756 647 4825 ίμπίση
661 4760 708 4809 AB
724 4754 737 4824 ΙΙ
751 4755 838 4809 λεπτο-
891 4756 1073 4829 νωχελίσπερον
1092 4763 1116 4811 A
1143 4759 1156 4830 ΙΙ
1180 4759 1214 4814 25
1238 4759 1318 4831 πάντη
1337 4761 1459 4812 ταῦταΒ
1484 4754 1499 4829 ΙΙ
1518 4757 1552 4813 28

182 4848 252 4914 μιριῖ
276 4847 299 4895 Β
324 4841 338 4911 ΙΙ
363 4841 489 4914 παχύτητι
514 4855 574 4897 ante
601 4842 738 4913 κουφότητι
767 4848 839 4897 euius
891 4844 1037 4900 πλιονασμ“
1058 4850 1083 4898 A

183 4929 256 5009 νρτίκ
267 4934 344 4982 lectio
357 4942 395 4982 εει
407 4933 429 4983 Β
444 4928 457 4997 ΙΙ
471 4931 487 4999 ἡ
500 4929 601 5000 μίρηξις
614 4936 639 4983 A
659 4928 673 4999 β
696 4931 727 4984 15
746 4950 837 4985 πυκνο-
