3442 5588
647 349 921 400 rnouncorunus
974 373 977 381 -
1418 348 1460 412 φρ

94 522 191 605 paulo
219 526 296 585 ante
320 518 568 584 Schahrastanii
601 522 743 583 aetatem
778 516 973 581 Placitomm
1007 516 1142 597 emergit
1175 524 1208 581 et
1240 516 1396 582 memoria
1428 525 1462 581 et

91 622 239 687 imitatio.
290 621 457 688 Michacl
492 620 672 685 Psellus'
708 618 893 701 aequalium
925 618 1021 683 facile
1054 619 1259 684 doctissimus
1291 639 1461 700 rerumque

91 723 235 788 civilium
257 724 344 790 idern
366 721 579 807 peritissimus
602 718 810 787 Plutarchum
832 718 892 784 sibi
923 720 965 784 ad
993 720 1184 785 imitandum
1211 721 1377 805 proposuit
1406 722 1460 786 hli-

92 826 199 892 chaeli
222 827 335 892 Dusae
357 823 545 907 imperatori
568 824 746 907 scripturus
772 824 915 892 ἐπιλόσειτ
941 823 1099 906 συντόμους
1124 829 1254 908 φυσικῶν
1277 827 1460 908 ζητημάτων.

92 947 170 993 cccc
192 929 406 1012 prooemium:
435 930 451 991 δ
475 928 527 1009 μὲν
543 926 732 1012 Πλούταρχος
755 927 780 988 ὦ
804 927 919 1009 μέγιστε
941 928 988 990 καὶ
1012 927 1144 991 οειότατε
1166 927 1283 1012 βασιλεῦ
1306 929 1461 1012 διαφόρους

91 1030 177 1100 δόξας
203 1031 459 1115 ἀπαριθμοόμενος
490 1030 538 1093 καὶ
565 1032 619 1114 τήν
646 1030 745 1113 ἀληθῆ
775 1030 816 1113 μὴ
845 1030 1040 1092 ἀποδεικνύων
1063 1031 1111 1092 καὶ
1134 1029 1322 1111 πιστούμενος
1343 1032 1460 1115 scatet

92 1136 203 1214 μᾶλλον
227 1135 275 1196 τδν
297 1135 435 1216 λογισμὸν
459 1133 506 1195 καὶ
530 1134 647 1216 ἀπορεῖν
676 1134 888 1217 παρασκευάζει
911 1132 930 1214 ἦ
960 1132 1001 1200 εἰς
1030 1131 1176 1194 ἐπίστασιν
1202 1130 1274 1213 ἄγει.
1310 1132 1460 1213 quocirca

91 1241 203 1319 spreta
226 1236 391 1301 Plutarchi
414 1233 563 1300 doctrina
585 1235 727 1318 capitum
750 1234 861 1299 titulos
883 1233 1105 1298 tantummodo
1132 1232 1348 1316 transcripsit,
1372 1235 1460 1317 ipsas

92 1339 303 1420 quaestiones
326 1336 547 1422 splendidiore
570 1336 732 1419 sapientia
753 1335 906 1401 videlicet
928 1334 1124 1399 scholastica
1146 1335 1252 1400 solvit.

179 1442 271 1508 Idem
294 1441 381 1506 cadit
402 1440 436 1504 in
460 1438 604 1505 ciusdem
627 1439 725 1504 Pselli
750 1438 989 1521 Παντοδαπὴν
1012 1439 1245 1501 διδασκαλίαν
1268 1438 1364 1502 simili
1386 1459 1460 1504 ccu-

91 1544 165 1610 silio
193 1545 439 1626 concinnatam,
473 1561 569 1624 quem
600 1539 716 1605 librum
746 1561 786 1606 ex
813 1539 1003 1623 apographo
1026 1539 1337 1620 Lindenbrogiano'
1359 1541 1460 1606 edidit

92 1646 262 1712 Fabricius
277 1647 340 1712 t.V
357 1668 388 1730 p.
400 1643 550 1710 69-186
570 1643 620 1708 οδ.
637 1644 663 1708 1.
684 1643 796 1707 titulos
812 1641 993 1708 Psellianos
1009 1643 1154 1706 conlatos
1170 1662 1241 1706 curn
1258 1643 1459 1709 Plutarcheis

91 1748 204 1814 inira’
231 1748 402 1833 subiciam,
434 1766 570 1830 quorum
592 1744 697 1809 forma
718 1766 784 1810 non
805 1764 979 1826 numquam
1008 1743 1128 1809 utiliter
1150 1764 1221 1808 cum
1244 1744 1369 1828 reliqua
1397 1767 1459 1812 rne-

167 1965 173 1997 ¹
194 1967 324 2018 Constans
342 1967 551 2034 [Constantinus]
569 1969 684 2030 Psellus,
708 1971 750 2031 qui
769 1970 830 2019 dum
848 1970 990 2020 monachus
1008 1979 1064 2020 erat
1082 1971 1237 2020 Michaelcm
1255 1985 1282 2020 se
1301 1972 1459 2032 nominabat,

92 2065 170 2104 natus
189 2065 275 2105 estut
294 2057 371 2120 vulgo
391 2058 500 2108 credunt
518 2074 542 2109 a.
559 2054 634 2117 1020,
653 2063 682 2105 ut
694 2054 787 2106 Sathas
807 2053 894 2109 docuit
905 2054 976 2109 '1018
993 2055 1160 2124 [μεσαιωνιιιὴ
1180 2052 1330 2126 βιβλιοδήιιη
1349 2055 1373 2108 δ’
1388 2053 1459 2127 Ἀθή-

92 2156 147 2210 νησ.
169 2141 237 2194 1874
256 2145 337 2193 eiusd.
361 2145 438 2195 Deux
461 2146 549 2196 lettres
573 2144 683 2196 ineditas
706 2144 737 2192 de
761 2145 911 2209 l’empereur
934 2147 1013 2196 Mich.
1037 2146 1125 2194 Duces
1147 2146 1269 2210 Parapin.
1293 2146 1366 2195 Paris
1393 2146 1460 2198 1875

93 2247 117 2294 p.
132 2229 148 2280 4
163 2228 214 2294 sq]
235 2231 322 2280 floruit
340 2235 453 2282 maxima
472 2236 623 2283 anctoritate
642 2232 689 2282 sub
702 2231 832 2281 Michacle
848 2232 985 2281 VllDuca
1004 2232 1130 2298 discipulo
1139 2221 1205 2294 ὀνο,
1224 2235 1268 2296 qui
1290 2231 1354 2284 1071
1376 2252 1459 2286 rerum

92 2320 190 2382 potitus
213 2329 252 2368 est
275 2319 416 2369 adiurante
440 2324 551 2371 maxime
575 2319 671 2371 Psello.
709 2318 825 2367 ultimam
852 2321 907 2369 eius
931 2322 1080 2370 memoriam
1104 2335 1128 2370 a.
1155 2319 1220 2371 1077
1244 2323 1337 2370 tactam
1361 2324 1458 2372 invenit

93 2403 197 2466 Sstbas,
216 2421 269 2469 quo
289 2423 358 2457 anuo
377 2409 513 2473 epistulam
532 2408 564 2457 ad
578 2406 753 2470 Nicephorum
766 2406 883 2456 Phocam
902 2409 1012 2471 scripsit.
1030 2407 1076 2456 sed
1095 2415 1191 2456 certum
1210 2417 1248 2456 est
1266 2409 1299 2457 ad
1317 2418 1459 2460 extremum

93 2509 112 2541 s.
132 2493 171 2542 xi
196 2495 276 2543 vitam
299 2496 451 2559 produxisse
476 2505 553 2558 atque
577 2503 629 2543 tum
652 2495 764 2542 maxime
788 2495 814 2543 in
839 2511 940 2544 secessu
963 2494 1035 2544 libris
1058 2495 1198 2544 scribendis
1222 2510 1327 2559 operam
1351 2512 1459 2546 navasm

95 2580 163 2628 velut
181 2584 358 2631 aeconomiae
377 2583 579 2646 quaestionibus.
619 2581 711 2644 quibus
730 2584 853 2646 temporis
872 2591 934 2632 nota
957 2579 1022 2633 1092
1040 2581 1162 2632 adiuncta
1180 2592 1230 2643 cst,
1254 2597 1330 2645 quam
1352 2585 1460 2634 feliciter

94 2668 242 2717 emendarit
256 2676 282 2718 ct
294 2671 434 2734 explicavit
447 2671 579 2720 Usenerus
596 2668 717 2734 [symbol.
730 2670 763 2718 ad
775 2669 864 2719 histor.
883 2678 978 2720 aemon.
997 2670 1073 2720 Bonn
1089 2668 1155 2722 1876
1173 2687 1199 2734 p.
1212 2666 1267 2730 25].
1286 2680 1398 2721 ceterum
1417 2673 1459 2722 ille

89 2752 286 2820 'philosophiae
299 2752 429 2821 princeps’
451 2761 495 2822 qui
508 2759 664 2808 nostratibus
679 2759 799 2808 videlicet
813 2772 875 2808 sanc
895 2772 971 2820 quam
992 2772 1072 2806 vanus
1091 2765 1118 2805 et
1135 2758 1260 2822 insipidus
1279 2759 1389 2820 videtur,
1407 2760 1458 2825 By·

94 2845 202 2893 rsntinis
227 2843 361 2894 Graeculis
385 2845 551 2897 vehementer
574 2846 695 2910 probatus
720 2857 758 2894 est
786 2855 813 2894 ut
840 2846 880 2894 vel
904 2846 997 2894 satirae
1020 2844 1176 2894 'Fimarionis
1200 2849 1332 2908 ceteroqui
1355 2848 1458 2897 morda-

94 2932 209 2980 cissimus
238 2934 348 2995 scriptor
376 2933 511 2995 plurimum
536 2929 679 2997 ‘sophistae
702 2933 738 2982 illi
763 2927 914 2996 Byzantino'
941 2932 1051 2980 deferret
1074 2931 1195 2982 Ellisseni
1224 2934 1341 2986 Analect.
1367 2936 1406 2984 IV
1425 2934 1459 2986 89

94 3032 113 3066 c.
125 3015 169 3066 45.
206 3010 343 3074 Έπιλόσεις
362 3022 454 3083 partim
473 3020 555 3070 edidit
573 3022 605 3072 G.
618 3019 736 3070 Seebode
749 3018 841 3082 [Goth.
858 3017 924 3071 1840
937 3027 963 3069 et
975 3018 1107 3069 Wiesbad.
1124 3017 1189 3071 1857
1208 3037 1241 3070 ex
1260 3022 1410 3086 apographo
1424 3020 1458 3073 82

94 3103 192 3154 Febris.
216 3106 279 3155 bibl.
303 3106 384 3155 Acad.
409 3106 566 3170 Herniensi]
588 3109 707 3172 pessime.
731 3122 790 3158 nam
813 3123 845 3157 ne
873 3107 936 3156 illud
960 3106 1063 3169 quidem
1090 3107 1218 3156 intellexit
1239 3124 1271 3158 ex
1294 3112 1407 3173 quinque
1431 3126 1457 3160 se

95 3201 143 3240 tres
162 3192 244 3242 libros
268 3201 390 3255 tanquam
414 3195 542 3257 integrum
565 3210 630 3258 opus
654 3195 775 3244 edidisse.
802 3197 907 3260 plenum
931 3201 1002 3244 extet
1024 3192 1070 3242 sub
1093 3195 1197 3243 nomine
1221 3193 1349 3246 Simeonis
1372 3197 1458 3248 Sethis

93 3275 192 3345 σδνοψιτ
204 3279 249 3330 acl
262 3275 405 3346 ἀπάνδισμα
423 3286 537 3347 φυσικῶν
555 3298 583 3332 τε
601 3280 645 3332 καὶ
664 3277 806 3348 φιλοσόφων
824 3277 957 3347 δογμάτων
974 3278 1087 3342 [Fabric.
1101 3277 1191 3331 11322
1206 3282 1247 3331 ed.
1261 3285 1354 3333 Hamb.
1372 3282 1458 3350 1721]

93 3365 241 3417 Simeonem
260 3376 286 3417 et
303 3370 386 3432 ipsum
408 3369 456 3417 sub
477 3368 608 3419 michaeis
626 3370 702 3419 Daca
720 3369 837 3418 floruisse
860 3385 893 3419 cx
911 3377 1071 3434 syntagmate
1090 3366 1145 3435 περὶ
1163 3373 1264 3436 τροφῶν
1283 3371 1320 3420 illi
1339 3372 1458 3422 dedicato

92 3462 207 3518 apparet.
244 3453 361 3504 11ιιδιίο.Ι
376 3452 475 3508 11320.
503 3457 549 3505 scd
569 3457 619 3506 hoc
637 3471 741 3520 quoque
760 3471 792 3505 en
806 3455 887 3506 Pselll
905 3457 1015 3519 gemello
1034 3456 1101 3505 libro
1119 3472 1199 3522 prope
1218 3467 1300 3507 totum
1320 3462 1458 3524 transcrip-

92 3543 153 3589 sisse
172 3541 275 3591 dicitur.
304 3544 365 3592 ibid.
386 3560 411 3608 p.
429 3540 490 3594 321.
518 3559 569 3606 quo
597 3552 673 3609 pacto
701 3546 751 3593 ista
778 3544 926 3606 aequalium
949 3544 1088 3593 aemulatio
1111 3544 1267 3608 explicanda
1294 3549 1327 3596 sit
1350 3547 1460 3597 libenter

92 3629 179 3678 doceri
204 3630 290 3679 selim.
317 3631 425 3679 forsitan
451 3631 530 3681 Pselli
556 3646 649 3682 nomen
673 3647 759 3682 errore
783 3632 875 3681 eodem
899 3633 1015 3681 tradatur
1032 3647 1083 3693 quo
1107 3640 1242 3695 syntagma
1259 3633 1388 3696 quadrivii
1405 3631 1458 3695 [ed.

93 3717 206 3781 Xyland.
224 3716 305 3767 Bssil.
325 3714 405 3779 1556]
424 3719 498 3768 initio
517 3734 538 3769 s.
551 3719 588 3770 Xl
609 3722 782 3784 couscriptum
801 3721 870 3770 illius
888 3734 944 3769 esse
963 3719 1064 3769 dicitur.
1094 3721 1125 3769 cf.
1145 3720 1213 3770 Rosa
1233 3722 1321 3771 Herm.
1335 3719 1435 3773 11465.

161 3800 244 3854 'boc
262 3820 315 3855 nou
334 3805 417 3855 solnm
436 3807 659 3858 mendosissimum
678 3817 728 3870 cst,
747 3808 888 3857 sedetiam
908 3823 1025 3857 mancum
1044 3818 1071 3857 ut
1089 3823 1121 3856 ex
1141 3807 1252 3857 Fabricii
1272 3810 1356 3858 indice
1376 3809 1458 3859 altero

93 3908 115 3957 p.
127 3890 159 3943 51
172 3907 230 3956 sqq.
250 3893 399 3957 intellegere
419 3909 507 3956 queas.
526 3895 668 3959 pleniorem
680 3897 793 3946 Psellum
810 3896 934 3946 exhibent
950 3896 1053 3945 codices
1072 3896 1240 3945 Taurinensis
1267 3892 1312 3956 [ci.
1334 3895 1460 3945 Doehner

93 3981 188 4031 Philol.
198 3980 266 4031 xlv
276 3977 340 4043 408]
360 3990 386 4030 et
398 3982 506 4033 tortasse
519 3983 707 4049 Neapolitanus
720 3983 833 4037 Fabric.³
847 3986 870 4035 V
884 3982 936 4035 790
949 4000 974 4034 ιι.
989 3979 1049 4034 238.
1069 3983 1137 4032 idem
1149 3984 1215 4032 liber
1227 3985 1254 4032 in
1267 3983 1324 4032 cod.
1337 3984 1458 4033 Parisino

93 4063 158 4119 2087
178 4065 244 4117 171
265 4066 311 4130 [V.
329 4068 397 4118 Rose
417 4071 463 4119 Ar.
483 4072 527 4121 Ps.
548 4068 612 4136 225]
634 4075 782 4123 inscribitur
799 4073 845 4121 τοῦ
863 4070 1011 4137 σοφωτάτου
1030 4066 1165 4136 δπιρτίμου
1183 4072 1228 4120 τοῦ
1246 4067 1338 4138 ψελλοῦ
1356 4068 1458 4138 ἀποκρί-

93 4167 137 4209 σεις
156 4154 306 4205 συνοπτικαὶ
326 4155 391 4219 lael]
410 4152 536 4223 ἐξηγήσεις
555 4154 616 4224 πρδς
634 4157 768 4226 ἐρωτήσεις
786 4155 974 4226 διαφόραςῂίο]
993 4155 1037 4206 καὶ
1056 4156 1159 4225 ἀπορίας
1185 4160 1313 4225 γραφεῖσαι
1336 4155 1396 4225 πρὸς
1417 4155 1459 4208 τδν

93 4240 195 4310 βασιλέα
215 4241 301 4311 κόριον
320 4239 418 4312 μιχαὴλ
439 4240 481 4293 τδν
505 4240 593 4294 dodae.
621 4261 653 4295 ex
671 4246 823 4295 Didascalia
840 4246 969 4310 adscripta
986 4255 1047 4293 sunt
1064 4244 1146 4295 multa
1164 4248 1249 4309 capita
1269 4249 1379 4309 margini
1401 4247 1458 4296 cod.

93 4331 196 4382 Parnes.
212 4328 257 4394 [F]
277 4330 384 4382 Stcbael
404 4331 495 4394 eclog,
515 4347 582 4396 quae
601 4333 682 4383 edidit
700 4335 812 4384 Heeren.

160 4417 171 4449 ³
189 4419 304 4470 exhibeo
324 4420 399 4470 binos
411 4418 524 4469 Fabricii
542 4436 671 4470 numeror.
691 4423 763 4485 prior
780 4435 813 4470 ex
827 4428 845 4470 t.
860 4421 883 4470 V
902 4436 927 4484 p.
940 4418 983 4482 69,
1002 4420 1067 4470 εδει
1086 4436 1118 4470 err
1137 4422 1254 4486 pleniore
1274 4423 1320 4472 illo
1339 4423 1458 4485 catalogo

92 4508 151 4559 ibid.
175 4526 199 4574 p.
214 4506 247 4559 51
278 4521 415 4571 expressus
438 4515 484 4556 cst
522 4507 625 4557 additur
647 4508 807 4558 Placitornm
829 4508 956 4572 synopsis.
993 4504 1036 4559 59.
1059 4507 1093 4559 82
1116 4507 1163 4559 τίνι
1184 4506 1294 4577 διαφέρει
1321 4507 1387 4577 ἀρχή
1415 4507 1459 4558 καὶ

92 4600 209 4664 στοιχεῖον
222 4594 299 4661 [εἶα]
317 4593 404 4646 12-
417 4592 459 4649 60.
478 4591 512 4646 83
531 4594 586 4663 περὶ
603 4598 656 4646 τῶν
675 4594 762 4664 ἀρχῶν
780 4594 805 4645 τί
823 4593 881 4646 είσιν
903 4595 984 4646 13-
1002 4595 1075 4649 084
1094 4595 1149 4664 περὶ
1168 4594 1240 4648 ἰδεῶν
1258 4598 1279 4648 Ι.
1295 4594 1326 4648 10
1340 4623 1372 4632 -
1386 4594 1411 4647 0.
1425 4595 1459 4648 85

92 4684 142 4751 arpi
164 4682 295 4752 δαιμόνων
319 4683 363 4734 καλ
381 4680 474 4751 ήριίιων
492 4681 580 4734 18-
595 4682 637 4736 61.
650 4681 684 4735 86
703 4681 758 4750 περὶ
777 4678 838 4749 όλης
861 4680 942 4733 19-
958 4682 1000 4735 62.
1013 4682 1046 4735 87
1069 4683 1125 4751 περλ
1146 4683 1234 4735 αίτιιῖιν
1251 4685 1307 4735 111
1326 4711 1354 4720 -
1369 4682 1459 4737 6388

92 4772 141 4839 περὶ
163 4772 309 4840 σχημάτων
328 4773 343 4822 1
364 4771 396 4822 14
409 4797 441 4806 -
456 4770 498 4823 64.
520 4769 563 4822 89.
587 4768 642 4838 περὶ
665 4768 810 4839 χρωμάτων
832 4770 846 4818 Ι
872 4766 903 4820 15
922 4797 954 4805 -
973 4768 1014 4822 65.
1033 4768 1067 4821 90
1090 4771 1145 4840 περὶ
1168 4769 1258 4838 μίξεως
1281 4771 1324 4822 καὶ
1347 4771 1459 4840 ιιράσεως

90 4859 144 4911 117
161 4887 189 4896 -·
207 4860 251 4912 66.
268 4860 301 4911 91
328 4859 386 4927 περὶ
407 4856 525 4925 ηενίσεως
549 4857 592 4907 καὶ
611 4851 707 4925 φοορᾶς
725 4853 786 4907 124
801 4885 829 4891 -
844 4857 886 4908 67.
904 4855 937 4909 92
956 4856 1011 4926 περὶ
1030 4857 1155 4924 σωμάτων
1174 4862 1187 4911 Ι
1209 4857 1339 4912 12-68.
1353 4857 1386 4909 93
1404 4857 1459 4926 περὶ

91 4943 227 5015 depictus
246 4944 417 4998 113-75.
435 4943 483 4996 102
508 4945 563 5013 περὶ
587 4943 677 5014 χρόνου
691 4942 748 4997 121
767 4971 794 4980 -
812 4944 853 4998 76.
871 4944 919 4997 103
938 4945 993 5013 περὶ
1016 4945 1165 5015 κινήσιωςΙ
1184 4945 1217 4998 23
1230 4973 1257 4983 ·
1276 4946 1317 4997 77.
1333 4945 1381 4996 101
1404 4945 1458 5013 περὶ
