3442 5588
683 349 957 402 rsonnoomaus
1432 358 1495 425 253

134 513 362 596 corrumpendi
390 515 554 599 pmriginc
582 513 652 598 ipse
679 524 846 599 correptus
873 524 942 584 erat
969 519 1038 587 sive
1060 520 1327 606 interpolatorum
1349 528 1438 593 natio
1460 529 1496 594 li-

134 613 256 680 bellum
289 615 332 681 ad
365 635 494 683 omnem
527 616 675 681 inscitiae
708 617 896 684 foeditatem
931 622 1082 707 detorsit,
1115 624 1196 690 illud
1226 627 1366 693 omnium
1395 632 1496 697 oculis

133 724 283 800 apertum
309 724 359 782 est
391 717 446 782 vix
479 719 615 784 alterum
649 717 851 802 antiquitatis
884 731 1125 790 monumentum
1157 732 1250 793 tauta
1281 730 1431 797 vitiorum
1463 741 1496 800 et

134 819 340 885 multitudine
361 826 395 886 et
416 819 622 887 deformitate
645 821 898 889 contaminatum
924 847 1007 893 esso.
1041 833 1185 892 nostrum
1212 836 1320 897 tamen
1349 842 1432 918 erat,
1461 836 1494 900 in

133 920 182 986 eis
205 928 292 988 certe
314 921 368 986 ubi
391 922 623 989 sententiarum
645 922 751 990 forma
773 945 812 991 ac
830 926 951 992 veritas
966 928 1097 994 aliunde
1112 938 1183 996 erat
1196 940 1285 1017 nota,
1308 954 1403 1016 quam
1420 958 1496 1021 pau-

133 1022 264 1089 cissima
291 1024 409 1091 menda
437 1025 616 1108 detergere.
655 1045 756 1108 quare
777 1047 843 1094 non
868 1028 902 1093 id
929 1030 1068 1114 egimus,
1095 1033 1180 1114 quod
1207 1035 1385 1102 Martianus
1411 1040 1495 1106 Rota

132 1124 221 1211 lecit,
243 1133 278 1192 ut
301 1127 388 1193 sanis
411 1126 613 1210 salebrisque
635 1127 767 1194 remotis
790 1128 933 1195 libellum
958 1131 1061 1197 invito
1090 1135 1246 1220 scriptore
1268 1138 1493 1225 levigaremus,

132 1229 193 1295 sed
216 1235 252 1293 ut
273 1249 345 1295 eam
367 1227 504 1295 formam
527 1249 804 1315 recuperaremus,
827 1252 922 1314 quam
946 1236 1123 1318 exemplari
1139 1257 1196 1302 suo
1213 1241 1423 1309 mediastinus
1438 1243 1494 1310 ille

133 1330 278 1398 induisse
300 1331 473 1398 videretur.
509 1351 587 1415 ergo
609 1331 807 1398 foedioribus
823 1334 1075 1418 Byzantinorum
1097 1338 1296 1407 soloecismis
1318 1345 1494 1428 amputatis

133 1432 226 1500 hanc.
254 1441 378 1518 partem
412 1434 456 1500 ad
489 1434 635 1500 codicum
662 1434 758 1500 fidem
789 1435 1032 1523 descripsimus,
1065 1458 1131 1504 non
1156 1443 1253 1509 nullis
1279 1446 1494 1515 Plutarcheae

134 1536 371 1604 emendationis
397 1536 567 1621 auxilium,
595 1536 740 1620 pluribus
767 1535 906 1605 fortasse
931 1540 1093 1608 humanae
1120 1547 1344 1626 perversitatis
1368 1549 1494 1632 insigne

133 1639 363 1706 testimonium.
1025 1660 1039 1674 ·

212 1740 303 1821 Quae
318 1748 467 1826 superest
482 1741 524 1807 de
539 1741 704 1824 scriptoris
723 1750 856 1812 aetate
871 1746 1029 1832 quaestio,
1053 1747 1236 1815 haesitante
1251 1769 1349 1815 mauu
1364 1771 1385 1817 a
1399 1751 1493 1818 nobis

132 1852 259 1913 tentata
288 1851 359 1912 erat
389 1845 430 1910 de
459 1844 532 1910 Gal.
554 1845 594 1909 Η.
617 1843 670 1928 ph.
696 1868 727 1929 p.
744 1847 800 1913 23:
836 1850 876 1912 ob
903 1852 1005 1914 altero
1032 1862 1125 1933 porte
1153 1873 1221 1915 cum
1246 1864 1376 1935 propter
1404 1856 1493 1919 Sesti

132 1960 264 2014 culmem
286 1958 402 2013 certum
422 1951 464 2011 sit
483 1958 554 2029 post
576 1948 707 2011 alterum
726 1969 758 2030 p.
783 1951 854 2016 car.
877 1956 1035 2017 soeculum
1061 1956 1232 2034 confectum
1260 1975 1327 2019 esse
1348 1958 1492 2035 libellum,

133 2054 212 2115 alter
236 2063 337 2115 tamea
366 2054 460 2116 latius
484 2059 619 2133 cupatur
644 2055 803 2116 terminus.
835 2057 892 2119 sed
918 2077 986 2119 cum
1013 2078 1111 2140 neque
1137 2060 1239 2121 motio
1266 2071 1412 2140 quautam
1431 2082 1492 2143 pro

131 2175 235 2236 porca
249 2176 317 2218 meo
332 2158 507 2237 copuitioae
521 2158 700 2236 infelieiquc
719 2160 886 2222 memoriae
901 2161 1084 2223 condicione
1098 2161 1252 2242 dispicere
1267 2180 1343 2242 queo
1357 2165 1494 2244 infimam

130 2259 248 2340 modat
269 2262 467 2340 cadorcorum
489 2261 662 2322 litterarum
684 2267 825 2336 detulero,
847 2262 1144 2342 lt'eoplotouiccrum
1165 2265 1277 2327 dmude
1296 2265 1491 2329 Christiano-

132 2382 262 2444 rumque
281 2363 497 2443 philosophiae
519 2372 621 2424 estem
640 2363 760 2425 iudicia
773 2363 841 2441 fere
856 2365 953 2439 nullo,
974 2366 1031 2427 sed
1046 2368 1216 2446 conspicuo
1229 2369 1269 2429 sit
1284 2369 1493 2448 sophistarum

131 2465 444 2547 philosophorumque
463 2463 665 2543 superborum
687 2467 799 2528 iurisio
822 2486 884 2547 quo
898 2467 1075 2531 Luciumue
1095 2488 1195 2550 posue
1211 2472 1322 2533 aetolis
1337 2491 1493 2534 commone

131 2571 206 2649 fios,
236 2589 299 2633 nou
325 2570 410 2632 uitro
437 2576 580 2648 quartum
606 2568 781 2647 quictamus
805 2587 836 2648 p.
861 2569 1352 2635 siumeuroaemensium.
1391 2572 1492 2637 multo

134 2670 273 2736 certiora
288 2691 330 2738 ne
345 2690 431 2735 nunc
446 2667 575 2752 quidem
591 2667 735 2750 proferre
757 2689 929 2751 possumus
943 2671 1071 2737 indicia.
1104 2672 1201 2737 immo
1224 2680 1376 2738 corruant
1397 2693 1493 2755 quae

132 2770 265 2838 demde
281 2772 479 2838 hisneeesse
495 2775 553 2836 est.
588 2770 806 2837 memorabilis
822 2779 872 2839 est
894 2775 984 2840 locus
1004 2796 1029 2841 c.
1047 2776 1067 2839 ’Ζ
1088 2775 1122 2839 οὐ
1144 2777 1199 2860 γὰρ
1222 2775 1385 2846 ἐπιδείξεως
1407 2777 1492 2841 ἕνεκα

132 2875 381 2959 προύστησοὶμεθα
407 2876 459 2958 τὴν
485 2873 550 2957 περὶ
575 2872 678 2935 τούτου
701 2877 845 2960 σπουδήν,
873 2877 948 2940 ἀλλὰ
969 2878 1084 2962 χρηστὰ
1106 2878 1142 2941 τὰ
1163 2877 1226 2962 ἤθη
1248 2883 1368 2961 ποιῆσαι
1390 2879 1491 2963 βουλη·

132 2977 232 3046 θέντες
253 2983 313 3047 τοῖς
335 2979 369 3041 ἐκ
391 2976 562 3062 φιλοσοφίας
583 2974 681 3058 λαβεῖν
697 2998 724 3038 τι
740 2980 884 3062 χρήσιμον
899 2980 1121 3064 προεγνωκόσιν,
1143 2981 1309 3064 νομίσαντες
1324 2983 1491 3065 φιλοσοφεῖν

131 3079 166 3143 ob
190 3080 277 3163 μόνον
298 3081 366 3151 τοὺς
387 3080 424 3143 τὰ
445 3080 582 3164 τριβώνια
603 3079 833 3161 περιημμένοος,
856 3083 931 3146 ἀλλὰ
955 3083 1004 3146 καὶ
1031 3083 1097 3152 τοὺς
1125 3084 1177 3166 τὴν
1204 3083 1327 3167 πρόοδον
1354 3083 1407 3164 μὲν
1432 3088 1492 3154 τοῖς

131 3185 250 3253 πολλοῖς
272 3182 375 3266 ὁμοίαν
397 3181 635 3264 ἐνστησαρένους,
657 3180 710 3264 τὴν
726 3182 758 3245 δὲ
773 3184 899 3247 διάνοιαν
916 3186 1153 3271 φιλοσοφωτέραν
1168 3183 1248 3270 ἔχειν
1264 3185 1491 3256 σπουδάσαντας.

130 3285 190 3351 sed
224 3304 325 3368 quare
358 3291 425 3349 tam
457 3280 604 3363 angustis
637 3279 754 3347 finibus
787 3285 1004 3369 sophistarum
1038 3284 1274 3371 palliommque
1310 3285 1491 3351 irrisionem

130 3386 382 3470 circumscribas,
405 3403 488 3468 quae
511 3383 603 3448 nulla
624 3388 734 3448 aetate
755 3383 922 3451 decantari
942 3387 1049 3453 desita
1065 3388 1136 3475 est?
1163 3388 1319 3454 recitandi
1335 3408 1491 3454 moseum

130 3487 268 3571 primum
296 3507 317 3553 a
340 3486 474 3554 Graecis
500 3485 604 3570 primo
627 3490 705 3550 ante
728 3484 803 3552 Ohr.
826 3488 957 3554 saeculo
980 3489 1023 3554 ad
1045 3490 1210 3555 Romanos
1232 3496 1283 3555 ost
1304 3491 1491 3575 translatus,

130 3610 196 3655 uon
218 3589 305 3655 intra
327 3589 495 3672 vulgatam
518 3586 735 3671 sophistarum
759 3590 927 3655 materiam
951 3612 987 3657 se
1010 3591 1176 3675 continuit,
1199 3591 1257 3657 sed
1276 3591 1373 3657 ctiam
1390 3592 1492 3677 philo·

130 3691 280 3776 sophiam
294 3691 424 3775 invasit,
439 3691 527 3774 quod
542 3688 669 3756 Seneca
689 3709 740 3774 ep.
756 3692 808 3776 52,
824 3693 845 3757 9
867 3693 1010 3775 queritur
1020 3694 1039 3776 ¹,
1055 3693 1141 3759 unde
1156 3693 1321 3759 Musonius
1336 3694 1491 3779 graphice

130 3796 214 3860 tales
235 3815 301 3860 non
322 3796 522 3877 philosophos
536 3793 595 3858 sed
610 3794 751 3857 tibicines
765 3793 911 3878 depinxit
926 3794 1024 3877 [Gall.
1039 3796 1068 3861 V
1084 3797 1101 3860 1
1125 3796 1163 3877 ¹]-
1194 3795 1253 3861 sed
1274 3794 1370 3861 ctiam
1394 3804 1491 3863 autea

130 3896 348 3981 sophistarum
370 3904 404 3963 et
425 3914 544 3962 nomen
572 3902 605 3962 et
627 3895 835 3961 ambitionem
863 3896 1100 3981 deprehendas.
1125 3894 1258 3963 'eontra
1279 3918 1361 3979 quos
1384 3897 1491 3963 Philo-

129 3998 243 4064 demus
264 3998 403 4064 sortasse
417 3997 593 4064 Metrodori
616 4016 733 4063 novem
749 3996 849 4062 libros
863 4000 935 4082 πρὸς
950 4000 1016 4068 τοὺς
1031 3999 1169 4084 σοφιστὰς
1184 4006 1314 4064 secutus
1330 3999 1490 4066 rhetorica

129 4119 189 4165 sua
216 4101 359 4186 scripsit,
388 4100 421 4165 in
450 4100 565 4184 quibus
593 4099 811 4185 sophistarum
837 4097 1011 4185 praeeipue
1039 4101 1192 4167 Isocratis
1220 4100 1413 4167 creberrima
1439 4109 1490 4167 est

129 4202 308 4289 cavillatio,
333 4203 523 4288 praesertim
547 4223 619 4267 cum
645 4201 907 4267 adulescentulos
929 4202 973 4268 ad
994 4202 1289 4287 philosophandum
1315 4222 1350 4268 se
1373 4223 1490 4268 acuere

129 4305 282 4371 affectent
311 4301 442 4391 [rhetor.
459 4306 504 4371 IV
527 4304 578 4370 ed.
602 4304 722 4389 Speng.
746 4323 772 4368 e.
788 4301 852 4390 42].
887 4304 944 4371 sed
967 4304 1048 4371 haec
1070 4306 1179 4371 studia
1204 4327 1279 4371 mox
1300 4303 1489 4370 incredibile

131 4427 246 4491 cepere
269 4408 511 4475 incrementum.
545 4406 610 4471 iam
626 4405 927 4491 philosophantium
942 4405 1160 4490 sophistarum
1175 4413 1312 4488 augetur
1326 4425 1489 4489 numerus,

130 4509 235 4591 qualis
261 4509 322 4576 suit
344 4511 407 4577 Dio
431 4513 693 4599 chrysostomus.
727 4509 781 4591 qui
804 4516 914 4575 tamen
936 4508 1006 4592 ipse
1030 4508 1243 4593 philosophos
1265 4514 1358 4573 notat
1380 4529 1426 4574 or.
1447 4509 1489 4574 32

129 4630 283 4637 ———
288 4634 380 4640 .-.---
385 4635 530 4644 —0—.-—

201 4678 208 4709 ¹
227 4696 275 4731 uec
293 4680 351 4731 ideo
375 4689 398 4731 te
414 4681 595 4744 puobiduerim
613 4683 659 4735 bos
678 4698 779 4749 quoque
797 4682 892 4733 aridus
910 4682 1003 4747 quidm
1021 4681 1160 4734 admittere
1170 4684 1298 4751 populum
1310 4700 1342 4734 ae
1360 4683 1489 4734 disserere

128 4767 284 4816 eoosaeludo
303 4777 353 4829 est,
374 4769 490 4819 simodo
512 4769 557 4820 bec
578 4770 712 4835 proposito
734 4769 763 4819 iu
787 4767 891 4819 tur-bom
912 4769 1092 4832 prodeuntes
1111 4772 1317 4841 melioresfiout
1329 4771 1488 4837 sociantque

126 4852 255 4916 meliores,
275 4854 300 4903 si
317 4870 371 4904 νιοιι
389 4855 542 4907 ambitionis
561 4857 609 4906 laco
628 4873 710 4906 roasa
729 4865 856 4908 exerceat.
884 4857 950 4922 quid
966 4858 1036 4907 euim
1056 4859 1161 4925 trsrpius
1177 4859 1348 4925 philosophia
1368 4869 1497 4923 raptante,

128 4938 276 4990 clamores?
