3442 5588
186 347 229 411 20
471 351 485 399 ῐ
522 350 572 400 ΒΕ
592 348 861 401 PLUTARCHEAE
882 342 1067 396 EPi'l'OMES
1088 346 1256 396 MEMORIA

182 519 227 580 ἀεὶ
243 517 401 602 φερόμενον
417 520 569 585 κυκλικῶς.
594 517 733 585 ὡσαύτως
751 518 784 579 δὲ
809 550 812 611 ρ
836 517 883 578 καὶ
904 515 956 597 τήν
972 517 1095 598 σελήνην
1113 514 1205 599 ἄστρα
1219 515 1365 596 λέγεσθαι.
1399 515 1544 599 διαφέρειν

183 621 309 703 ῶρίσατυ
351 621 399 683 καὶ
445 618 681 689 ΙΙοσειὸῶνιος
721 621 785 703 πρὸ
809 624 812 677 Ι
836 620 869 681 δὲ
898 617 1006 702 ἀστέρα
1029 616 1146 702 ἄστρου.
1196 617 1222 680 εἰ
1249 617 1301 698 μὲν
1323 619 1377 702 γάρ
1404 639 1446 686 τις
1468 618 1544 682 ἐστιν

182 722 290 785 αὐτοῦ
320 725 336 786 ό
366 721 530 791 Στωικός.
837 722 930 804 ἀστήρ
958 720 1005 783 καὶ
1028 719 1132 804 ἀστρον
1155 720 1388 804 όνομασθήσεται
1410 721 1544 797 δεόντως,

810 818 813 897 ί
838 824 872 887 ού
896 824 953 906 μὴν
975 824 1126 886 ἀνάπαλιν.

181 948 222 993 ae
245 947 287 993 ne
310 927 465 1010 longioris
486 927 574 1010 apud
596 927 707 993 Arium
729 925 958 1010 disputationis
980 944 1098 991 nerum
1121 924 1301 1008 desideres,
1331 944 1407 993 eeee
1429 927 1544 995 iterum

182 1030 345 1096 Diodorus
367 1050 398 1113 p.
422 1030 527 1094 1340:
558 1030 737 1113 Διόδωρος
764 1030 796 1091 er
818 1030 865 1091 ani
889 1030 914 1091 οἱ
938 1028 1020 1092 ἄλλοι
1048 1028 1245 1111 μαθηματικοὶ
1269 1028 1349 1099 ἰδίως
1371 1031 1418 1093 καλ
1441 1037 1544 1101 κοινῶς

181 1135 217 1197 τόι
240 1130 332 1218 ζῴδια
354 1133 446 1217 ἄστρα
468 1136 587 1196 καλοῦσι
611 1133 658 1193 καὶ
681 1131 803 1216 ἀστέρας
825 1130 1048 1215 παρατιθέμενοι
1065 1130 1208 1194 Πλάτωνα
1227 1132 1357 1215 μα’ρτυρα
1371 1131 1463 1218 ἄστρα
1477 1136 1545 1204 τοὺς

181 1236 255 1299 ἑπτὰ
277 1237 425 1318 πλανήτας
448 1237 478 1299 ἐν
501 1240 543 1320 τῷ
568 1232 683 1318 Τιμαίῳ
706 1234 852 1317 εἰρηκότα.
874 1236 923 1296 τὸν
947 1233 1018 1296 κύνα
1041 1233 1137 1314 μέντοι
1160 1233 1267 1317 ἀστέρα
1289 1232 1357 1298 ὄντα
1379 1236 1410 1300 έν
1429 1242 1472 1322 τῷ
1489 1237 1545 1323 βίῳ

181 1337 284 1421 ἀστρον
319 1337 449 1420 λέγομεν.
485 1336 543 1401 ἀλλ’
584 1339 599 1400 ό
633 1337 684 1418 μὲν
718 1337 810 1419 ἀστήρ
838 1337 885 1398 καὶ
913 1335 1031 1420 ἄστρον,
1068 1336 1164 1400 ούκέτι
1196 1338 1229 1400 δὲ
1254 1339 1287 1400 τὸ
1314 1339 1455 1403 ἀνάπαλιν
1492 1335 1545 1425 [ef.

182 1439 312 1523 Roeper
328 1439 446 1505 Philol.
462 1440 521 1504 VII
538 1439 611 1519 519,
627 1434 712 1522 5381.
736 1457 776 1502 ex
796 1436 910 1503 eodem
931 1437 1075 1504 Diodoro
1095 1446 1269 1505 manarunt
1288 1438 1388 1506 haeae
1409 1462 1440 1525 p.
1458 1441 1547 1506 1301>

181 1545 268 1626 δῆλον
291 1543 323 1606 δὲ
348 1545 396 1607 καὶ
419 1545 452 1608 ἐκ
474 1548 524 1606 τοῦ
548 1542 620 1605 εἶναι
642 1540 673 1608 ἓξ
696 1538 787 1625 ζῴδια
816 1541 872 1602 ὑπὸ
895 1545 948 1624 γῆν
976 1540 1007 1610 ἓξ
1032 1542 1065 1605 δὲ
1094 1543 1167 1626 ὑπὲρ
1191 1546 1256 1625 γῆν.
1294 1540 1336 1605 ἐπ’
1367 1544 1483 1615 οὐδενός
1512 1547 1545 1609 δὲ

179 1645 268 1710 ἄλλου
291 1648 441 1731 σχήματος
463 1645 617 1727 ἡτοιαύτη
640 1642 755 1711 εὐταξία
778 1644 825 1705 καὶ
848 1645 990 1728 περιφορὰ
1012 1647 1117 1728 γίνεται
1139 1644 1158 1727 ή
1182 1645 1228 1707 ἐπὶ
1251 1649 1302 1708 τοῦ
1325 1652 1489 1732 σφαιρικυῦ.
1510 1650 1544 1712 τὸ

180 1751 213 1812 δὲ
235 1750 414 1834 σφαιροειδὲς
436 1753 539 1832 σχήμα
562 1748 673 1811 διδόασι
695 1751 737 1829 τῷ
762 1745 875 1830 κόσμῳ.
910 1753 1019 1832 σφαῖρα
1038 1750 1090 1830 μὲν
1105 1749 1159 1831 γὰρ
1174 1750 1190 1812 ό
1205 1748 1336 1832 οὐρανός,
1359 1752 1545 1835 σφαιροειδὴς

180 1853 212 1914 δὲ
234 1853 253 1935 ή
276 1856 323 1935 ti·
358 1851 486 1936 διαφέρει
510 1851 543 1912 δὲ
566 1852 689 1933 ἑκάτερα
711 1846 731 1930 ή
755 1848 789 1910 τὸ
812 1848 864 1928 μὲν
887 1851 1066 1934 σφαιροειδὲς
1086 1856 1190 1936 σχῆμα
1206 1854 1257 1915 καὶ
1279 1852 1383 1938 ἐξοχὰς
1402 1850 1465 1939 ἔχει
1495 1855 1544 1918 καὶ

179 1955 363 2037 κοιλότητας,
389 1955 423 2016 τὸ
449 1954 482 2015 δὲ
503 1958 556 2036 τῆς
585 1955 707 2036 σφαίρας
729 1954 914 2038 πανταχόθεν
938 1951 999 2015 ἴσον
1022 1953 1069 2016 καὶ
1092 1954 1150 2016 ἀπό
1173 1958 1224 2018 τοῦ
1247 1954 1337 2035 μέσου
1359 1954 1477 2039 κέντρου
1498 1957 1544 2020 ἐκ·

179 2056 358 2142 βαλλομένας
382 2055 498 2125 εὐθείας
520 2056 561 2124 είς
582 2057 635 2137 τήν
657 2055 825 2137 ἐπιφάνειαν
849 2055 912 2125 ἴσας
935 2054 1004 2140 ἔχον
1028 2058 1088 2119 κτλ.
1122 2075 1239 2122 nomen
1261 2055 1303 2121 ab
1319 2055 1380 2121 hoe
1402 2057 1474 2123 loeo
1488 2057 1545 2124 ab·

179 2166 243 2243 est,
273 2159 332 2225 sed
357 2165 484 2225 constat
506 2177 547 2223 ex
568 2157 673 2222 altero
696 2163 920 2240 excerptorum
942 2158 1091 2241 exemplo
1113 2179 1144 2240 p.
1163 2159 1224 2223 166
1244 2165 1325 2225 extr.
1369 2178 1430 2224 neo
1455 2160 1546 2225 dubi·

178 2269 299 2327 tassem
323 2259 451 2327 etiamsi
475 2260 596 2325 alarum
619 2259 837 2324 testimonium
860 2259 998 2325 deesset.
1032 2259 1205 2325 Diodoreis
1220 2260 1305 2326 enim
1321 2260 1547 2328 reconditioris

178 2362 305 2428 artifieii
328 2370 408 2428 nota
431 2361 591 2446 quaedam
614 2360 773 2444 impressa
795 2368 853 2427 est.
891 2361 1040 2446 symbola
1058 2381 1263 2427 numerorum
1285 2382 1307 2428 a
1328 2363 1546 2448 Pythagoreis

178 2465 313 2532 inventa
335 2465 432 2531 etiam
456 2470 549 2530 extra
572 2464 717 2535 scholam
741 2464 852 2547 vigere
875 2470 1051 2547 coeperant
1072 2463 1138 2529 alio
1160 2464 1226 2530 alia
1248 2465 1434 2550 arripiente.
1470 2465 1545 2532 huie

178 2568 356 2653 ternarius,
383 2568 432 2633 ilii
466 2567 685 2652 septenarius,
711 2565 893 2650 Porphyrio
918 2566 971 2632 vel
995 2565 1192 2632 novenarius
1217 2567 1351 2651 piaouit:
1381 2568 1545 2634 Diodorus

176 2670 287 2736 neseio
314 2691 377 2753 quo
408 2678 504 2755 paeto
533 2671 567 2735 in
595 2669 757 2735 senarium
785 2667 907 2733 insidit.
956 2667 1033 2734 inde
1061 2667 1184 2733 zodieei
1217 2669 1267 2735 bis
1296 2690 1394 2737 serras
1423 2669 1544 2753 figuras

178 2779 361 2856 enumerat,
388 2773 466 2840 inde
490 2794 547 2839 sex
571 2770 680 2836 mundi
704 2769 908 2837 definitiones
930 2769 1112 2835 Stoioorum
1139 2790 1205 2835 non
1227 2772 1298 2839 sine
1325 2773 1443 2839 sudore
1469 2792 1544 2838 eon·

176 2875 276 2957 gessit
299 2896 331 2959 p.
349 2877 451 2959 129⁸,
473 2894 554 2958 quas
576 2873 766 2941 emendatas
786 2871 839 2937 hio
860 2873 978 2939 afferre
1000 2872 1099 2938 iuvat.

261 2980 435 3064 Διόδωρος
456 2980 490 3042 δὲ
511 2977 648 3062 ἑξαχῶς
670 2979 719 3040 τὸν
742 2978 851 3058 κόσμον
873 2977 944 3060 φησὶ
967 2977 1096 3040 νοεῖσθαι
1118 2975 1160 3061 ἐφ’
1181 2978 1306 3042 ἑκάστου
1321 2977 1430 3043 ἔννοιαν
1445 2979 1542 3050 διδούς

176 3083 290 3151 οὕτως·

242 3187 270 3248 1.
305 3184 414 3265 κόσμος
437 3184 497 3246 ἐστὶ
521 3184 655 3266 σύστημα
678 3182 708 3252 ἐξ
730 3183 853 3265 οὐρανοῦ
876 3183 924 3244 καὶ
946 3185 999 3264 γῆς
1020 3182 1068 3244 καὶ
1090 3188 1149 3246 τῶν
1173 3181 1278 3264 μεταξύ
1301 3183 1427 3268 φύσεων.

240 3287 270 3351 2.
303 3288 388 3349 πάλιν
411 3286 520 3366 κόσμος
542 3285 618 3348 ἐστὶν
640 3285 805 3369 οἰκητήριον
822 3286 916 3348 θεῶν·
939 3288 988 3346 νῦν
1011 3283 1060 3347 οὖν
1076 3287 1109 3348 τὸ
1124 3288 1271 3369 πλήρωμα
1285 3284 1362 3368 λέγει
1377 3286 1461 3355 ἐκτὸς
1482 3289 1540 3349 τῶν

302 3391 332 3453 ἐν
354 3387 471 3473 aesopi-¹

238 3493 268 3558 3.
301 3491 394 3576 τρίτον
423 3493 439 3554 ὁ
461 3490 570 3572 κόσμος
596 3491 656 3555 ἐστὶ
683 3492 818 3575 σύστημα
845 3493 878 3555 ἐκ
905 3492 983 3556 θεῶν
1010 3493 1057 3554 καὶ
1085 3491 1251 3577 ἀνθρώπων
1278 3492 1340 3577 (καὶ
1368 3495 1427 3554 τῶν
1455 3490 1541 3555 ένεκα

303 3595 413 3659 τούτων
435 3592 606 3678 γεγονότων)
621 3593 645 3634 ²·
669 3599 754 3659 τοῦτο
778 3594 902 3677 όμοιον·’
924 3601 967 3680 τῷ
991 3594 1047 3681 βίιρ
1070 3599 1110 3665 ὡς
1132 3593 1221 3667 εἴτις
1243 3596 1335 3680 λέγει·
1358 3593 1442 3664 πόλις
1463 3594 1541 3658 ἐστὶν

305 3698 335 3767 ἐξ
356 3699 506 3784 ἀρχόντων
529 3698 578 3762 καὶ
600 3697 781 3782 ἀρχομένων.

239 3802 271 3866 4.
305 3802 439 3886 τέταρτον
462 3802 571 3883 κόσμος
593 3802 668 3864 ἐστὶν
685 3801 790 3885 αἰθήρ·
815 3801 899 3871 οὗτος
921 3803 953 3864 δὲ
975 3807 1032 3886 πῦρ
1055 3803 1203 3886 εἰλικρινὲς
1226 3803 1267 3865 ῶν
1290 3801 1457 3885 ἀνῶτερύς“
1480 3801 1541 3865 ἐστι

301 3908 352 3968 τοῦ
375 3909 499 3988 φυσικοῦ
522 3905 642 3986 κόσμου.

237 4008 267 4070 ὃ.
302 4007 431 4088 πέμπτον
460 4006 568 4088 κόσμος
595 4007 671 4070 ἐστὶν
695 4009 714 4091 ή
737 4012 795 4069 τῶν
826 4007 963 4070 ἀπλανῶν
992 4010 1116 4090 σφαῖρα·
1146 4007 1249 4070 τούτου
1277 4008 1323 4070 καὶ
1354 4006 1479 4071 Πλυίτων
1510 4007 1541 4070 έν

302 4107 418 4193 Τιμαίῳ
441 4108 593 4193 μέμνηται.

235 4214 265 4276 e.
300 4212 382 4275 ἕκτον
405 4212 514 4294 κόσμος
536 4212 612 4276 ἐστὶν
635 4215 651 4276 ὁ
675 4213 874 4298 διακοσμήσας
896 4214 932 4277 τὰ
955 4216 1061 4276 πάντα·
1086 4210 1164 4276 ἔοικε
1185 4213 1218 4275 δὲ
1240 4217 1288 4276 νῦν
1312 4215 1331 4296 ή
1354 4213 1475 4297 πρόνοια
1495 4212 1541 4275 λέ·

301 4313 440 4398 γεσθαι.“

245 4505 251 4536 ¹
276 4507 319 4555 νῦν
338 4501 381 4556 οὖν
400 4514 428 4555 ut
446 4507 513 4555 inira
531 4505 587 4557 ne·
606 4506 649 4554 νύν
669 4506 853 4570 explicandum
871 4513 925 4556 est:
945 4508 1003 4557 hee
1022 4509 1121 4571 igitur
1139 4509 1221 4556 leco.
1240 4506 1272 4554 er.
1286 4504 1469 4555 LaertiusVII
1481 4502 1539 4557 138.

171 4591 274 4662 οὐρανός
297 4590 323 4643 et
342 4593 407 4644 ἐστιν
424 4592 441 4661 t,
461 4591 556 4661 ἐσχάτη
576 4591 717 4661 περιφέρεια
741 4591 767 4643 έν
789 4587 805 4661 ή
824 4595 874 4642 πᾶν
895 4590 992 4661 ἵδρυται
1015 4590 1044 4644 τὸ
1061 4590 1136 4644 θεῖον.
1160 4595 1250 4644 ultima
1277 4588 1465 4660 ἐκτός-αύτῷ
1488 4607 1540 4643 non

174 4690 287 4745 praesto.

246 4765 256 4797 ²
275 4769 394 4818 iasonem
413 4769 564 4819 indicabant
585 4768 672 4831 vulgo,
691 4782 771 4830 quarn
789 4770 891 4833 expleri
911 4784 943 4819 ex
962 4770 1067 4819 Laertio
1086 4769 1102 4818 Ι.
1122 4785 1144 4818 c.
1163 4778 1189 4819 et
1206 4770 1264 4820 Arii
1282 4769 1313 4819 fr.
1326 4764 1370 4818 29.

244 4853 347 4904 'reite
366 4852 441 4922 μόνον
459 4858 587 4920 vulgatur.
741 4852 751 4884 ⁴
773 4852 916 4923 κατῶτιρος
935 4857 1022 4921 vulgo.
1045 4871 1111 4907 corr.
1131 4858 1187 4907 Pet.
1206 4859 1233 4907 in
1252 4872 1316 4921 τινες.

242 4940 250 4971 ⁵
269 4946 385 5004 sequitur
402 4945 480 5009 paulo
500 4953 558 5008 pest
577 4960 601 5008 p.
620 4940 697 4993 lter.
717 4943 806 4992 mundi
825 4944 915 4993 similis
935 4946 1053 5008 pertitio,
1076 4944 1121 4993 ssd
1145 4953 1171 4993 et
1188 4945 1235 4994 ilia
1253 4944 1364 4994 turbata.
1402 4959 1463 4995 narn
1481 4954 1540 5010 port
