<?xml version="1.0" encoding="UTF-8"?>
<!DOCTYPE html PUBLIC "-//W3C//DTD XHTML 1.0 Transitional//EN"
    "http://www.w3.org/TR/xhtml1/DTD/xhtml1-transitional.dtd">
<html xmlns="http://www.w3.org/1999/xhtml" xml:lang="en" lang="en">
 <head>
  <title>
</title>
<meta http-equiv="Content-Type" content="text/html;charset=utf-8" />
  <meta name='ocr-system' content='tesseract 3.04.00' />
  <meta name='ocr-capabilities' content='ocr_page ocr_carea ocr_par ocr_line ocrx_word'/>
</head>
<body>
  <div class='ocr_page' id='page_1' title='image "./doxographigraec00dielgoog/doxographigraec00dielgoog_0076.png"; bbox 0 0 3442 5588; ppageno 0'>
   <div class='ocr_carea' id='block_1_1' title="bbox 727 320 1539 387">
    <p class='ocr_par' dir='ltr' id='par_1_1' title="bbox 727 320 1539 387">
     <span class='ocr_line' id='line_1_1' title="bbox 727 320 1539 387; baseline 0.001 -17"><span class='ocrx_word' id='word_1_1' title='bbox 727 320 1001 372; x_wconf 76' lang='lat' dir='ltr'><strong>rsouusomuss</strong></span> <span class='ocrx_word' id='word_1_2' title='bbox 1498 323 1539 387; x_wconf 79' lang='lat'><strong>53</strong></span> 
     </span>
    </p>
   </div>
   <div class='ocr_carea' id='block_1_2' title="bbox 175 489 1542 1495">
    <p class='ocr_par' dir='ltr' id='par_1_2' title="bbox 175 489 1542 1495">
     <span class='ocr_line' id='line_1_2' title="bbox 179 489 1542 576; baseline 0.003 -23"><span class='ocrx_word' id='word_1_3' title='bbox 179 491 281 558; x_wconf 76' lang='lat' dir='ltr'><strong>rerba</strong></span> <span class='ocrx_word' id='word_1_4' title='bbox 307 492 478 575; x_wconf 78' lang='grc' dir='ltr'>ἀνταύγειαν</span> <span class='ocrx_word' id='word_1_5' title='bbox 501 489 574 555; x_wconf 82' lang='grc' dir='ltr'>εἶναι</span> <span class='ocrx_word' id='word_1_6' title='bbox 596 497 647 556; x_wconf 85' lang='grc' dir='ltr'>τοὺ</span> <span class='ocrx_word' id='word_1_7' title='bbox 670 491 733 575; x_wconf 88' lang='grc' dir='ltr'>περὶ</span> <span class='ocrx_word' id='word_1_8' title='bbox 756 490 808 573; x_wconf 81' lang='grc' dir='ltr'><strong>τήν</strong></span> <span class='ocrx_word' id='word_1_9' title='bbox 831 494 884 573; x_wconf 74' lang='grc' dir='ltr'>γῆν</span> <span class='ocrx_word' id='word_1_10' title='bbox 907 490 995 573; x_wconf 77' lang='grc' dir='ltr'>πυρὸς</span> <span class='ocrx_word' id='word_1_11' title='bbox 1017 493 1066 555; x_wconf 84' lang='grc' dir='ltr'><strong>τὸν</strong></span> <span class='ocrx_word' id='word_1_12' title='bbox 1088 493 1170 576; x_wconf 82' lang='grc' dir='ltr'>ἥλιον</span> <span class='ocrx_word' id='word_1_13' title='bbox 1197 491 1340 574; x_wconf 77' lang='lat' dir='ltr'>neglexit</span> <span class='ocrx_word' id='word_1_14' title='bbox 1368 512 1474 575; x_wconf 85' lang='lat' dir='ltr'><strong>neque</strong></span> <span class='ocrx_word' id='word_1_15' title='bbox 1496 500 1542 557; x_wconf 85' lang='lat' dir='ltr'><strong>ia·</strong></span> 
     </span>
     <span class='ocr_line' id='line_1_3' title="bbox 179 590 1539 678; baseline 0.001 -20"><span class='ocrx_word' id='word_1_16' title='bbox 179 613 254 658; x_wconf 89' lang='lat' dir='ltr'><strong>meu</strong></span> <span class='ocrx_word' id='word_1_17' title='bbox 285 592 460 676; x_wconf 77' lang='lat' dir='ltr'><strong>quidquam</strong></span> <span class='ocrx_word' id='word_1_18' title='bbox 483 594 527 658; x_wconf 90' lang='lat' dir='ltr'><strong>ad</strong></span> <span class='ocrx_word' id='word_1_19' title='bbox 550 592 768 659; x_wconf 84' lang='lat' dir='ltr'><strong>excusandum</strong></span> <span class='ocrx_word' id='word_1_20' title='bbox 792 590 919 656; x_wconf 72' lang='lat' dir='ltr'><strong>Aitium</strong></span> <span class='ocrx_word' id='word_1_21' title='bbox 942 593 1089 676; x_wconf 76' lang='lat' dir='ltr'><strong>profecit.</strong></span> <span class='ocrx_word' id='word_1_22' title='bbox 1126 600 1297 677; x_wconf 86' lang='lat' dir='ltr'><strong>praeterea</strong></span> <span class='ocrx_word' id='word_1_23' title='bbox 1320 594 1423 660; x_wconf 88' lang='lat' dir='ltr'><strong>eidem</strong></span> <span class='ocrx_word' id='word_1_24' title='bbox 1447 614 1539 678; x_wconf 85' lang='lat' dir='ltr'><strong>para-</strong></span> 
     </span>
     <span class='ocr_line' id='line_1_4' title="bbox 179 693 1541 780; baseline 0.001 -19"><span class='ocrx_word' id='word_1_25' title='bbox 179 695 305 779; x_wconf 87' lang='lat' dir='ltr'><strong>grapho</strong></span> <span class='ocrx_word' id='word_1_26' title='bbox 339 694 543 779; x_wconf 88' lang='lat' dir='ltr'><strong>turpissimus</strong></span> <span class='ocrx_word' id='word_1_27' title='bbox 574 695 783 761; x_wconf 87' lang='lat' dir='ltr'><strong>soloecismus</strong></span> <span class='ocrx_word' id='word_1_28' title='bbox 815 693 991 776; x_wconf 87' lang='lat' dir='ltr'><strong>antiquitus</strong></span> <span class='ocrx_word' id='word_1_29' title='bbox 1023 703 1072 762; x_wconf 90' lang='lat' dir='ltr'><strong>est</strong></span> <span class='ocrx_word' id='word_1_30' title='bbox 1104 696 1239 761; x_wconf 87' lang='lat' dir='ltr'><strong>inustus.</strong></span> <span class='ocrx_word' id='word_1_31' title='bbox 1291 696 1361 778; x_wconf 89' lang='lat' dir='ltr'><strong>quis</strong></span> <span class='ocrx_word' id='word_1_32' title='bbox 1391 717 1541 780; x_wconf 86' lang='lat' dir='ltr'><strong>umquam</strong></span> 
     </span>
     <span class='ocr_line' id='line_1_5' title="bbox 178 797 1541 884; baseline -0.001 -22"><span class='ocrx_word' id='word_1_33' title='bbox 178 797 303 863; x_wconf 81' lang='lat' dir='ltr'><strong>audivit</strong></span> <span class='ocrx_word' id='word_1_34' title='bbox 326 802 368 868; x_wconf 80' lang='grc' dir='ltr'>ὥς</span> <span class='ocrx_word' id='word_1_35' title='bbox 395 799 529 883; x_wconf 80' lang='grc' dir='ltr'>βραχέως</span> <span class='ocrx_word' id='word_1_36' title='bbox 551 798 685 884; x_wconf 78' lang='grc' dir='ltr'>εἰρῆσθαι</span> <span class='ocrx_word' id='word_1_37' title='bbox 702 797 942 877; x_wconf 67' lang='grc' dir='ltr'>συντεμόνταθ</span> <span class='ocrx_word' id='word_1_38' title='bbox 964 797 1104 863; x_wconf 86' lang='lat' dir='ltr'><strong>debebat</strong></span> <span class='ocrx_word' id='word_1_39' title='bbox 1120 804 1207 863; x_wconf 86' lang='lat' dir='ltr'><strong>certe</strong></span> <span class='ocrx_word' id='word_1_40' title='bbox 1223 801 1434 881; x_wconf 83' lang='grc' dir='ltr'>συντεμόντι,</span> <span class='ocrx_word' id='word_1_41' title='bbox 1455 799 1541 882; x_wconf 87' lang='lat' dir='ltr'><strong>quod</strong></span> 
     </span>
     <span class='ocr_line' id='line_1_6' title="bbox 179 897 1540 982; baseline 0.001 -18"><span class='ocrx_word' id='word_1_42' title='bbox 179 897 324 965; x_wconf 88' lang='lat' dir='ltr'><strong>Stobaeo</strong></span> <span class='ocrx_word' id='word_1_43' title='bbox 352 919 410 964; x_wconf 90' lang='lat' dir='ltr'><strong>suo</strong></span> <span class='ocrx_word' id='word_1_44' title='bbox 436 900 506 965; x_wconf 87' lang='lat' dir='ltr'><strong>iure</strong></span> <span class='ocrx_word' id='word_1_45' title='bbox 534 899 673 966; x_wconf 89' lang='lat' dir='ltr'><strong>restituit</strong></span> <span class='ocrx_word' id='word_1_46' title='bbox 695 897 894 964; x_wconf 86' lang='lat' dir='ltr'><strong>lloineheus.</strong></span> <span class='ocrx_word' id='word_1_47' title='bbox 939 900 997 965; x_wconf 84' lang='lat' dir='ltr'><strong>sed</strong></span> <span class='ocrx_word' id='word_1_48' title='bbox 1023 899 1242 964; x_wconf 73' lang='lat' dir='ltr'>accusativum</span> <span class='ocrx_word' id='word_1_49' title='bbox 1264 899 1421 982; x_wconf 80' lang='lat' dir='ltr'>praebent</span> <span class='ocrx_word' id='word_1_50' title='bbox 1442 899 1540 965; x_wconf 88' lang='lat' dir='ltr'><strong>etiam</strong></span> 
     </span>
     <span class='ocr_line' id='line_1_7' title="bbox 181 999 1541 1084; baseline 0.001 -19"><span class='ocrx_word' id='word_1_51' title='bbox 181 1000 349 1066; x_wconf 73' lang='lat' dir='ltr'><strong>Plutarchi</strong></span> <span class='ocrx_word' id='word_1_52' title='bbox 374 1000 501 1067; x_wconf 85' lang='lat' dir='ltr'><strong>codices</strong></span> <span class='ocrx_word' id='word_1_53' title='bbox 524 1022 595 1067; x_wconf 90' lang='lat' dir='ltr'><strong>cum</strong></span> <span class='ocrx_word' id='word_1_54' title='bbox 618 999 768 1066; x_wconf 84' lang='lat' dir='ltr'><strong>Eusebio.</strong></span> <span class='ocrx_word' id='word_1_55' title='bbox 813 1021 888 1065; x_wconf 89' lang='lat' dir='ltr'><strong>nam</strong></span> <span class='ocrx_word' id='word_1_56' title='bbox 912 1001 971 1066; x_wconf 89' lang='lat' dir='ltr'><strong>etsi</strong></span> <span class='ocrx_word' id='word_1_57' title='bbox 995 1021 1015 1065; x_wconf 90' lang='lat' dir='ltr'><strong>a</strong></span> <span class='ocrx_word' id='word_1_58' title='bbox 1037 1001 1161 1084; x_wconf 86' lang='lat' dir='ltr'><strong>vulgari</strong></span> <span class='ocrx_word' id='word_1_59' title='bbox 1189 1021 1278 1065; x_wconf 91' lang='lat' dir='ltr'><strong>more</strong></span> <span class='ocrx_word' id='word_1_60' title='bbox 1300 1002 1454 1068; x_wconf 86' lang='lat' dir='ltr'><strong>recedunt</strong></span> <span class='ocrx_word' id='word_1_61' title='bbox 1475 1022 1541 1067; x_wconf 90' lang='lat' dir='ltr'><strong>nou</strong></span> 
     </span>
     <span class='ocr_line' id='line_1_8' title="bbox 178 1101 1540 1190; baseline 0.002 -23"><span class='ocrx_word' id='word_1_62' title='bbox 178 1103 282 1168; x_wconf 83' lang='lat' dir='ltr'><strong>solum</strong></span> <span class='ocrx_word' id='word_1_63' title='bbox 304 1101 505 1187; x_wconf 79' lang='lat' dir='ltr'><strong>Byzantinus</strong></span> <span class='ocrx_word' id='word_1_64' title='bbox 528 1104 661 1170; x_wconf 80' lang='lat' dir='ltr'><strong>Nieelas</strong></span> <span class='ocrx_word' id='word_1_65' title='bbox 684 1102 786 1168; x_wconf 83' lang='lat' dir='ltr'><strong>Chen.</strong></span> <span class='ocrx_word' id='word_1_66' title='bbox 809 1102 842 1167; x_wconf 89' lang='lat' dir='ltr'><strong>in</strong></span> <span class='ocrx_word' id='word_1_67' title='bbox 865 1102 966 1186; x_wconf 81' lang='lat' dir='ltr'><strong>praef.</strong></span> <span class='ocrx_word' id='word_1_68' title='bbox 992 1107 1032 1173; x_wconf 79' lang='grc' dir='ltr'>ὡς</span> <span class='ocrx_word' id='word_1_69' title='bbox 1055 1104 1285 1190; x_wconf 80' lang='grc' dir='ltr'>ἐπιτρέχοντοί</span> <span class='ocrx_word' id='word_1_70' title='bbox 1308 1128 1344 1186; x_wconf 90' lang='grc' dir='ltr'><strong>με</strong></span> <span class='ocrx_word' id='word_1_71' title='bbox 1366 1105 1455 1168; x_wconf 78' lang='grc' dir='ltr'>εἰπεῖν</span> <span class='ocrx_word' id='word_1_72' title='bbox 1482 1104 1540 1170; x_wconf 84' lang='lat' dir='ltr'><strong>sed</strong></span> 
     </span>
     <span class='ocr_line' id='line_1_9' title="bbox 176 1205 1540 1291; baseline -0.001 -21"><span class='ocrx_word' id='word_1_73' title='bbox 176 1206 276 1270; x_wconf 80' lang='lat' dir='ltr'><strong>etiam</strong></span> <span class='ocrx_word' id='word_1_74' title='bbox 292 1205 496 1289; x_wconf 83' lang='lat' dir='ltr'>Hippolytus</span> <span class='ocrx_word' id='word_1_75' title='bbox 512 1205 605 1271; x_wconf 81' lang='lat' dir='ltr'><strong>refut.</strong></span> <span class='ocrx_word' id='word_1_76' title='bbox 621 1207 665 1270; x_wconf 92' lang='lat' dir='ltr'><strong>VI</strong></span> <span class='ocrx_word' id='word_1_77' title='bbox 678 1206 720 1270; x_wconf 72' lang='grc'><strong>29</strong></span> <span class='ocrx_word' id='word_1_78' title='bbox 742 1228 772 1289; x_wconf 83' lang='grc'><strong>11.</strong></span> <span class='ocrx_word' id='word_1_79' title='bbox 789 1207 862 1290; x_wconf 76' lang='lat'>270,</span> <span class='ocrx_word' id='word_1_80' title='bbox 875 1207 916 1270; x_wconf 76' lang='lat'><strong>25</strong></span> <span class='ocrx_word' id='word_1_81' title='bbox 933 1205 1019 1271; x_wconf 81' lang='lat' dir='ltr'><strong>Geli.</strong></span> <span class='ocrx_word' id='word_1_82' title='bbox 1045 1210 1085 1275; x_wconf 85' lang='grc' dir='ltr'>ὡς</span> <span class='ocrx_word' id='word_1_83' title='bbox 1107 1207 1137 1270; x_wconf 95' lang='grc' dir='ltr'>ἐν</span> <span class='ocrx_word' id='word_1_84' title='bbox 1157 1208 1324 1291; x_wconf 74' lang='grc' dir='ltr'>κεφαλαίοις</span> <span class='ocrx_word' id='word_1_85' title='bbox 1339 1207 1428 1269; x_wconf 77' lang='grc' dir='ltr'>εἰπεῖν</span> <span class='ocrx_word' id='word_1_86' title='bbox 1444 1206 1540 1269; x_wconf 82' lang='grc' dir='ltr'>ἐπελ·</span> 
     </span>
     <span class='ocr_line' id='line_1_10' title="bbox 178 1306 1539 1395; baseline 0.002 -26"><span class='ocrx_word' id='word_1_87' title='bbox 178 1308 286 1371; x_wconf 81' lang='grc' dir='ltr'>θέντα</span> <span class='ocrx_word' id='word_1_88' title='bbox 313 1313 346 1372; x_wconf 86' lang='lat' dir='ltr'><strong>et</strong></span> <span class='ocrx_word' id='word_1_89' title='bbox 368 1306 553 1373; x_wconf 80' lang='lat' dir='ltr'><strong>Herodotus</strong></span> <span class='ocrx_word' id='word_1_90' title='bbox 575 1310 624 1374; x_wconf 90' lang='lat' dir='ltr'><strong>III</strong></span> <span class='ocrx_word' id='word_1_91' title='bbox 646 1309 701 1373; x_wconf 76' lang='lat'><strong>82</strong></span> <span class='ocrx_word' id='word_1_92' title='bbox 731 1308 771 1370; x_wconf 85' lang='grc' dir='ltr'>ἑνὶ</span> <span class='ocrx_word' id='word_1_93' title='bbox 800 1309 832 1371; x_wconf 85' lang='grc' dir='ltr'>δέ</span> <span class='ocrx_word' id='word_1_94' title='bbox 855 1306 917 1371; x_wconf 84' lang='grc' dir='ltr'>ἔπει</span> <span class='ocrx_word' id='word_1_95' title='bbox 939 1310 1033 1372; x_wconf 92' lang='grc' dir='ltr'>ποίντα</span> <span class='ocrx_word' id='word_1_96' title='bbox 1056 1311 1272 1395; x_wconf 82' lang='grc' dir='ltr'>συλλαβόντα</span> <span class='ocrx_word' id='word_1_97' title='bbox 1298 1309 1405 1387; x_wconf 79' lang='grc' dir='ltr'>εἰπεῖν,</span> <span class='ocrx_word' id='word_1_98' title='bbox 1432 1317 1539 1373; x_wconf 86' lang='lat' dir='ltr'><strong>tamen</strong></span> 
     </span>
     <span class='ocr_line' id='line_1_11' title="bbox 175 1407 1540 1495; baseline 0.003 -22"><span class='ocrx_word' id='word_1_99' title='bbox 175 1407 247 1475; x_wconf 86' lang='lat' dir='ltr'><strong>sine</strong></span> <span class='ocrx_word' id='word_1_100' title='bbox 269 1408 350 1475; x_wconf 79' lang='lat' dir='ltr'><strong>vitio</strong></span> <span class='ocrx_word' id='word_1_101' title='bbox 372 1409 419 1473; x_wconf 92' lang='lat' dir='ltr'><strong>illi</strong></span> <span class='ocrx_word' id='word_1_102' title='bbox 442 1410 582 1492; x_wconf 88' lang='lat' dir='ltr'><strong>quidem.</strong></span> <span class='ocrx_word' id='word_1_103' title='bbox 620 1412 678 1477; x_wconf 85' lang='lat' dir='ltr'><strong>sed</strong></span> <span class='ocrx_word' id='word_1_104' title='bbox 702 1412 865 1495; x_wconf 86' lang='lat' dir='ltr'><strong>passivum</strong></span> <span class='ocrx_word' id='word_1_105' title='bbox 889 1410 1050 1494; x_wconf 86' lang='lat' dir='ltr'><strong>quomodo</strong></span> <span class='ocrx_word' id='word_1_106' title='bbox 1066 1409 1218 1477; x_wconf 76' lang='lat' dir='ltr'><strong>concilies</strong></span> <span class='ocrx_word' id='word_1_107' title='bbox 1240 1431 1312 1476; x_wconf 91' lang='lat' dir='ltr'><strong>cum</strong></span> <span class='ocrx_word' id='word_1_108' title='bbox 1333 1411 1540 1478; x_wconf 81' lang='lat' dir='ltr'><strong>accusativo?</strong></span> 
     </span>
    </p>
   </div>
   <div class='ocr_carea' id='block_1_3' title="bbox 173 1542 1634 4936">
    <p class='ocr_par' dir='ltr' id='par_1_3' title="bbox 176 1542 1541 1767">
     <span class='ocr_line' id='line_1_12' title="bbox 176 1542 1541 1667; baseline 0.002 -24"><span class='ocrx_word' id='word_1_109' title='bbox 176 1598 280 1661; x_wconf 87' lang='lat' dir='ltr'><strong>qnare</strong></span> <span class='ocrx_word' id='word_1_110' title='bbox 305 1579 380 1645; x_wconf 79' lang='lat' dir='ltr'><strong>ride</strong></span> <span class='ocrx_word' id='word_1_111' title='bbox 408 1600 451 1646; x_wconf 91' lang='lat' dir='ltr'><strong>ue</strong></span> <span class='ocrx_word' id='word_1_112' title='bbox 473 1581 606 1664; x_wconf 89' lang='lat' dir='ltr'><strong>antiqua</strong></span> <span class='ocrx_word' id='word_1_113' title='bbox 627 1582 736 1664; x_wconf 82' lang='lat' dir='ltr'><strong>glossa</strong></span> <span class='ocrx_word' id='word_1_114' title='bbox 758 1542 895 1667; x_wconf 73' lang='grc' dir='ltr'>συντεμὺν</span> <span class='ocrx_word' id='word_1_115' title='bbox 918 1581 1054 1664; x_wconf 87' lang='lat' dir='ltr'><strong>margini</strong></span> <span class='ocrx_word' id='word_1_116' title='bbox 1077 1580 1119 1646; x_wconf 89' lang='lat' dir='ltr'><strong>ad</strong></span> <span class='ocrx_word' id='word_1_117' title='bbox 1135 1583 1268 1667; x_wconf 80' lang='grc' dir='ltr'>βραχέως</span> <span class='ocrx_word' id='word_1_118' title='bbox 1290 1582 1453 1666; x_wconf 87' lang='lat' dir='ltr'><strong>adscripta</strong></span> <span class='ocrx_word' id='word_1_119' title='bbox 1475 1602 1541 1648; x_wconf 90' lang='lat' dir='ltr'><strong>cor-</strong></span> 
     </span>
     <span class='ocr_line' id='line_1_13' title="bbox 177 1681 1414 1767; baseline 0.003 -21"><span class='ocrx_word' id='word_1_120' title='bbox 177 1688 276 1765; x_wconf 89' lang='lat' dir='ltr'><strong>rupta</strong></span> <span class='ocrx_word' id='word_1_121' title='bbox 297 1681 473 1766; x_wconf 81' lang='lat' dir='ltr'><strong>irrepserit.</strong></span> <span class='ocrx_word' id='word_1_122' title='bbox 496 1702 560 1767; x_wconf 91' lang='lat' dir='ltr'><strong>qua</strong></span> <span class='ocrx_word' id='word_1_123' title='bbox 581 1692 707 1749; x_wconf 89' lang='lat' dir='ltr'><strong>remota</strong></span> <span class='ocrx_word' id='word_1_124' title='bbox 729 1685 823 1749; x_wconf 90' lang='lat' dir='ltr'><strong>simul</strong></span> <span class='ocrx_word' id='word_1_125' title='bbox 846 1683 983 1750; x_wconf 90' lang='lat' dir='ltr'><strong>orationi</strong></span> <span class='ocrx_word' id='word_1_126' title='bbox 1006 1684 1204 1749; x_wconf 88' lang='lat' dir='ltr'><strong>consulueris</strong></span> <span class='ocrx_word' id='word_1_127' title='bbox 1226 1683 1414 1750; x_wconf 87' lang='lat' dir='ltr'><strong>abundanti.</strong></span> 
     </span>
    </p>

    <p class='ocr_par' dir='ltr' id='par_1_4' title="bbox 173 1784 1543 4116">
     <span class='ocr_line' id='line_1_14' title="bbox 265 1784 1541 1873; baseline 0.002 -24"><span class='ocrx_word' id='word_1_128' title='bbox 265 1784 298 1849; x_wconf 89' lang='lat' dir='ltr'><strong>II</strong></span> <span class='ocrx_word' id='word_1_129' title='bbox 315 1785 389 1849; x_wconf 79' lang='lat'><strong>241</strong></span> <span class='ocrx_word' id='word_1_130' title='bbox 415 1786 515 1869; x_wconf 78' lang='grc' dir='ltr'>Θαλῆς</span> <span class='ocrx_word' id='word_1_131' title='bbox 529 1790 644 1870; x_wconf 86' lang='grc' dir='ltr'>πρῶτος</span> <span class='ocrx_word' id='word_1_132' title='bbox 661 1785 719 1871; x_wconf 79' lang='grc' dir='ltr'>ἔφη</span> <span class='ocrx_word' id='word_1_133' title='bbox 735 1789 876 1851; x_wconf 79' lang='grc' dir='ltr'>ἐκλείπειν</span> <span class='ocrx_word' id='word_1_134' title='bbox 898 1793 950 1871; x_wconf 76' lang='grc' dir='ltr'><strong>τῆς</strong></span> <span class='ocrx_word' id='word_1_135' title='bbox 973 1789 1096 1872; x_wconf 77' lang='grc' dir='ltr'>σελήνης</span> <span class='ocrx_word' id='word_1_136' title='bbox 1118 1787 1204 1850; x_wconf 86' lang='grc' dir='ltr'>αὑτὸν</span> <span class='ocrx_word' id='word_1_137' title='bbox 1228 1789 1445 1873; x_wconf 73' lang='grc' dir='ltr'>ὑποτρεχούσης</span> <span class='ocrx_word' id='word_1_138' title='bbox 1467 1790 1541 1852; x_wconf 86' lang='grc' dir='ltr'>κατὰ</span> 
     </span>
     <span class='ocr_line' id='line_1_15' title="bbox 176 1887 1540 1976; baseline 0.004 -27"><span class='ocrx_word' id='word_1_139' title='bbox 176 1888 303 1950; x_wconf 81' lang='grc' dir='ltr'>κάθετον</span> <span class='ocrx_word' id='word_1_140' title='bbox 325 1887 414 1971; x_wconf 87' lang='grc' dir='ltr'>οὑσης</span> <span class='ocrx_word' id='word_1_141' title='bbox 436 1889 521 1972; x_wconf 82' lang='grc' dir='ltr'>φύσει</span> <span class='ocrx_word' id='word_1_142' title='bbox 543 1891 678 1971; x_wconf 83' lang='grc' dir='ltr'>γεώδους.</span> <span class='ocrx_word' id='word_1_143' title='bbox 707 1890 865 1975; x_wconf 79' lang='grc' dir='ltr'>βλέπεσθαι</span> <span class='ocrx_word' id='word_1_144' title='bbox 885 1890 918 1952; x_wconf 81' lang='grc' dir='ltr'><strong>δὲ</strong></span> <span class='ocrx_word' id='word_1_145' title='bbox 932 1893 1017 1952; x_wconf 87' lang='grc' dir='ltr'>τυὺτο</span> <span class='ocrx_word' id='word_1_146' title='bbox 1040 1895 1276 1973; x_wconf 83' lang='grc' dir='ltr'>κατοπτρικῶς</span> <span class='ocrx_word' id='word_1_147' title='bbox 1299 1891 1540 1976; x_wconf 72' lang='grc' dir='ltr'>ὑποτιθεμένῳ</span> 
     </span>
     <span class='ocr_line' id='line_1_16' title="bbox 175 1988 1541 2075; baseline 0.006 -25"><span class='ocrx_word' id='word_1_148' title='bbox 175 1995 224 2073; x_wconf 80' lang='grc' dir='ltr'><strong>τῷ</strong></span> <span class='ocrx_word' id='word_1_149' title='bbox 249 1988 366 2075; x_wconf 82' lang='grc' dir='ltr'>δίσκῳ.</span> <span class='ocrx_word' id='word_1_150' title='bbox 398 1990 478 2055; x_wconf 87' lang='lat' dir='ltr'><strong>talia</strong></span> <span class='ocrx_word' id='word_1_151' title='bbox 493 1990 657 2055; x_wconf 77' lang='lat' dir='ltr'><strong>Plutarchi</strong></span> <span class='ocrx_word' id='word_1_152' title='bbox 673 1991 810 2056; x_wconf 89' lang='lat' dir='ltr'><strong>codices.</strong></span> <span class='ocrx_word' id='word_1_153' title='bbox 841 1998 986 2056; x_wconf 82' lang='lat' dir='ltr'><strong>extrema</strong></span> <span class='ocrx_word' id='word_1_154' title='bbox 1003 1992 1119 2054; x_wconf 87' lang='lat' dir='ltr'><strong>insana</strong></span> <span class='ocrx_word' id='word_1_155' title='bbox 1138 1989 1332 2056; x_wconf 84' lang='lat' dir='ltr'><strong>videbantur</strong></span> <span class='ocrx_word' id='word_1_156' title='bbox 1349 2013 1415 2057; x_wconf 90' lang='lat' dir='ltr'><strong>non</strong></span> <span class='ocrx_word' id='word_1_157' title='bbox 1438 1995 1541 2058; x_wconf 88' lang='lat' dir='ltr'><strong>solum</strong></span> 
     </span>
     <span class='ocr_line' id='line_1_17' title="bbox 177 2091 1540 2178; baseline 0.003 -21"><span class='ocrx_word' id='word_1_158' title='bbox 177 2092 332 2175; x_wconf 85' lang='lat' dir='ltr'><strong>librariis,</strong></span> <span class='ocrx_word' id='word_1_159' title='bbox 362 2094 451 2158; x_wconf 87' lang='lat' dir='ltr'><strong>velut</strong></span> <span class='ocrx_word' id='word_1_160' title='bbox 481 2092 527 2157; x_wconf 92' lang='lat' dir='ltr'><strong>illi</strong></span> <span class='ocrx_word' id='word_1_161' title='bbox 555 2093 609 2176; x_wconf 90' lang='lat' dir='ltr'><strong>qui</strong></span> <span class='ocrx_word' id='word_1_162' title='bbox 637 2093 670 2158; x_wconf 91' lang='lat' dir='ltr'><strong>in</strong></span> <span class='ocrx_word' id='word_1_163' title='bbox 694 2092 719 2158; x_wconf 86' lang='lat' dir='ltr'>O</span> <span class='ocrx_word' id='word_1_164' title='bbox 743 2094 943 2177; x_wconf 81' lang='grc' dir='ltr'>ὑποτιθεμένῳ</span> <span class='ocrx_word' id='word_1_165' title='bbox 971 2091 1063 2174; x_wconf 90' lang='lat' dir='ltr'><strong>signo</strong></span> <span class='ocrx_word' id='word_1_166' title='bbox 1088 2092 1121 2156; x_wconf 91' lang='lat' dir='ltr'><strong>in</strong></span> <span class='ocrx_word' id='word_1_167' title='bbox 1149 2094 1294 2175; x_wconf 80' lang='lat' dir='ltr'><strong>margine</strong></span> <span class='ocrx_word' id='word_1_168' title='bbox 1315 2095 1455 2178; x_wconf 80' lang='lat' dir='ltr'><strong>notavit,</strong></span> <span class='ocrx_word' id='word_1_169' title='bbox 1482 2097 1540 2161; x_wconf 86' lang='lat' dir='ltr'><strong>scd</strong></span> 
     </span>
     <span class='ocr_line' id='line_1_18' title="bbox 174 2194 1540 2281; baseline 0.001 -21"><span class='ocrx_word' id='word_1_170' title='bbox 174 2194 277 2260; x_wconf 88' lang='lat' dir='ltr'><strong>etiam</strong></span> <span class='ocrx_word' id='word_1_171' title='bbox 305 2194 492 2260; x_wconf 88' lang='lat' dir='ltr'><strong>editoribus.</strong></span> <span class='ocrx_word' id='word_1_172' title='bbox 539 2194 809 2281; x_wconf 81' lang='lat' dir='ltr'><strong>wyttenbachius</strong></span> <span class='ocrx_word' id='word_1_173' title='bbox 835 2195 964 2277; x_wconf 87' lang='lat' dir='ltr'><strong>quidem</strong></span> <span class='ocrx_word' id='word_1_174' title='bbox 990 2194 1154 2278; x_wconf 81' lang='lat' dir='ltr'><strong>rescripsit</strong></span> <span class='ocrx_word' id='word_1_175' title='bbox 1180 2196 1337 2281; x_wconf 81' lang='grc' dir='ltr'>βλέπεσθαι</span> <span class='ocrx_word' id='word_1_176' title='bbox 1360 2199 1392 2260; x_wconf 80' lang='grc' dir='ltr'><strong>δὲ</strong></span> <span class='ocrx_word' id='word_1_177' title='bbox 1414 2198 1540 2281; x_wconf 84' lang='grc' dir='ltr'>ταύτην</span> 
     </span>
     <span class='ocr_line' id='line_1_19' title="bbox 175 2297 1540 2384; baseline 0.001 -23"><span class='ocrx_word' id='word_1_178' title='bbox 175 2302 378 2382; x_wconf 82' lang='grc' dir='ltr'>κατοπτρικῶς</span> <span class='ocrx_word' id='word_1_179' title='bbox 408 2299 628 2383; x_wconf 80' lang='grc' dir='ltr'>ὑποτιθεμένην</span> <span class='ocrx_word' id='word_1_180' title='bbox 651 2306 693 2384; x_wconf 81' lang='grc' dir='ltr'><strong>τῷ</strong></span> <span class='ocrx_word' id='word_1_181' title='bbox 725 2300 825 2382; x_wconf 84' lang='grc' dir='ltr'>δίσκῳ.</span> <span class='ocrx_word' id='word_1_182' title='bbox 872 2305 905 2363; x_wconf 89' lang='lat' dir='ltr'><strong>et</strong></span> <span class='ocrx_word' id='word_1_183' title='bbox 931 2297 1066 2380; x_wconf 84' lang='lat' dir='ltr'><strong>praebet</strong></span> <span class='ocrx_word' id='word_1_184' title='bbox 1093 2297 1197 2381; x_wconf 89' lang='lat' dir='ltr'><strong>ipsum</strong></span> <span class='ocrx_word' id='word_1_185' title='bbox 1223 2298 1303 2362; x_wconf 86' lang='lat' dir='ltr'><strong>illud</strong></span> <span class='ocrx_word' id='word_1_186' title='bbox 1330 2300 1540 2383; x_wconf 84' lang='grc' dir='ltr'>ὑποτιθεμένην</span> 
     </span>
     <span class='ocr_line' id='line_1_20' title="bbox 175 2399 1540 2483; baseline 0.001 -18"><span class='ocrx_word' id='word_1_187' title='bbox 175 2399 346 2465; x_wconf 87' lang='lat' dir='ltr'><strong>Eusebius.</strong></span> <span class='ocrx_word' id='word_1_188' title='bbox 382 2405 417 2463; x_wconf 90' lang='lat' dir='ltr'><strong>at</strong></span> <span class='ocrx_word' id='word_1_189' title='bbox 432 2399 593 2465; x_wconf 86' lang='lat' dir='ltr'><strong>Stobaeus</strong></span> <span class='ocrx_word' id='word_1_190' title='bbox 616 2402 867 2483; x_wconf 86' lang='grc' dir='ltr'>ὑποτιθέμενον</span> <span class='ocrx_word' id='word_1_191' title='bbox 889 2400 969 2482; x_wconf 91' lang='lat' dir='ltr'><strong>legit</strong></span> <span class='ocrx_word' id='word_1_192' title='bbox 991 2400 1196 2466; x_wconf 88' lang='lat' dir='ltr'><strong>consentiens</strong></span> <span class='ocrx_word' id='word_1_193' title='bbox 1218 2420 1289 2465; x_wconf 91' lang='lat' dir='ltr'><strong>cum</strong></span> <span class='ocrx_word' id='word_1_194' title='bbox 1309 2401 1484 2467; x_wconf 87' lang='lat' dir='ltr'><strong>Plutarcho</strong></span> <span class='ocrx_word' id='word_1_195' title='bbox 1506 2403 1540 2466; x_wconf 90' lang='lat' dir='ltr'><strong>in</strong></span> 
     </span>
     <span class='ocr_line' id='line_1_21' title="bbox 177 2501 1539 2586; baseline 0.002 -21"><span class='ocrx_word' id='word_1_196' title='bbox 177 2507 289 2567; x_wconf 79' lang='grc' dir='ltr'>τοῦτο.</span> <span class='ocrx_word' id='word_1_197' title='bbox 325 2522 425 2586; x_wconf 86' lang='lat' dir='ltr'><strong>quare</strong></span> <span class='ocrx_word' id='word_1_198' title='bbox 441 2501 496 2566; x_wconf 88' lang='lat' dir='ltr'><strong>diu</strong></span> <span class='ocrx_word' id='word_1_199' title='bbox 511 2503 709 2585; x_wconf 89' lang='lat' dir='ltr'><strong>multumque</strong></span> <span class='ocrx_word' id='word_1_200' title='bbox 723 2503 880 2568; x_wconf 91' lang='lat' dir='ltr'><strong>leniorem</strong></span> <span class='ocrx_word' id='word_1_201' title='bbox 895 2502 1053 2568; x_wconf 89' lang='lat' dir='ltr'><strong>rationem</strong></span> <span class='ocrx_word' id='word_1_202' title='bbox 1076 2502 1298 2584; x_wconf 80' lang='lat' dir='ltr'><strong>circumspexi.</strong></span> <span class='ocrx_word' id='word_1_203' title='bbox 1332 2502 1539 2568; x_wconf 86' lang='lat' dir='ltr'><strong>memineram</strong></span> 
     </span>
     <span class='ocr_line' id='line_1_22' title="bbox 178 2603 1540 2689; baseline 0.001 -20"><span class='ocrx_word' id='word_1_204' title='bbox 178 2610 308 2670; x_wconf 79' lang='lat' dir='ltr'><strong>veteres</strong></span> <span class='ocrx_word' id='word_1_205' title='bbox 336 2603 551 2670; x_wconf 87' lang='lat' dir='ltr'><strong>deiectionem</strong></span> <span class='ocrx_word' id='word_1_206' title='bbox 578 2624 621 2669; x_wconf 90' lang='lat' dir='ltr'><strong>ne</strong></span> <span class='ocrx_word' id='word_1_207' title='bbox 647 2603 695 2668; x_wconf 93' lang='lat' dir='ltr'><strong>sol</strong></span> <span class='ocrx_word' id='word_1_208' title='bbox 724 2606 834 2671; x_wconf 88' lang='lat' dir='ltr'><strong>oculos</strong></span> <span class='ocrx_word' id='word_1_209' title='bbox 856 2605 1087 2688; x_wconf 83' lang='lat' dir='ltr'><strong>perstringeret</strong></span> <span class='ocrx_word' id='word_1_210' title='bbox 1109 2624 1149 2669; x_wconf 84' lang='lat' dir='ltr'><strong>ex</strong></span> <span class='ocrx_word' id='word_1_211' title='bbox 1176 2623 1282 2687; x_wconf 85' lang='lat' dir='ltr'><strong>aquae</strong></span> <span class='ocrx_word' id='word_1_212' title='bbox 1308 2605 1413 2670; x_wconf 85' lang='lat' dir='ltr'><strong>oleire</strong></span> <span class='ocrx_word' id='word_1_213' title='bbox 1443 2607 1540 2689; x_wconf 90' lang='lat' dir='ltr'><strong>pleno</strong></span> 
     </span>
     <span class='ocr_line' id='line_1_23' title="bbox 176 2705 1538 2790; baseline 0.001 -20"><span class='ocrx_word' id='word_1_214' title='bbox 176 2708 311 2772; x_wconf 86' lang='lat' dir='ltr'><strong>vasculo</strong></span> <span class='ocrx_word' id='word_1_215' title='bbox 334 2726 558 2790; x_wconf 85' lang='lat' dir='ltr'><strong>repercussam</strong></span> <span class='ocrx_word' id='word_1_216' title='bbox 582 2708 817 2789; x_wconf 85' lang='lat' dir='ltr'><strong>contemplatos</strong></span> <span class='ocrx_word' id='word_1_217' title='bbox 837 2727 918 2772; x_wconf 86' lang='lat' dir='ltr'><strong>esse.</strong></span> <span class='ocrx_word' id='word_1_218' title='bbox 946 2705 985 2772; x_wconf 89' lang='lat' dir='ltr'><strong>cf.</strong></span> <span class='ocrx_word' id='word_1_219' title='bbox 1001 2708 1108 2773; x_wconf 86' lang='lat' dir='ltr'><strong>Laert.</strong></span> <span class='ocrx_word' id='word_1_220' title='bbox 1123 2706 1184 2770; x_wconf 88' lang='lat' dir='ltr'><strong>Vll</strong></span> <span class='ocrx_word' id='word_1_221' title='bbox 1202 2707 1272 2770; x_wconf 76' lang='lat'>146.</span> <span class='ocrx_word' id='word_1_222' title='bbox 1298 2707 1392 2771; x_wconf 89' lang='lat' dir='ltr'><strong>Plato</strong></span> <span class='ocrx_word' id='word_1_223' title='bbox 1416 2707 1538 2774; x_wconf 85' lang='lat' dir='ltr'><strong>Phaed.</strong></span> 
     </span>
     <span class='ocr_line' id='line_1_24' title="bbox 176 2806 1540 2893; baseline 0.002 -20"><span class='ocrx_word' id='word_1_224' title='bbox 176 2831 207 2892; x_wconf 91' lang='lat' dir='ltr'><strong>p.</strong></span> <span class='ocrx_word' id='word_1_225' title='bbox 222 2810 294 2873; x_wconf 75' lang='lat'><strong>991&gt;</strong></span> <span class='ocrx_word' id='word_1_226' title='bbox 321 2829 393 2875; x_wconf 89' lang='lat' dir='ltr'><strong>cum</strong></span> <span class='ocrx_word' id='word_1_227' title='bbox 415 2807 658 2893; x_wconf 85' lang='lat' dir='ltr'><strong>Wyttenbachii</strong></span> <span class='ocrx_word' id='word_1_228' title='bbox 686 2817 774 2874; x_wconf 85' lang='lat' dir='ltr'><strong>nota.</strong></span> <span class='ocrx_word' id='word_1_229' title='bbox 813 2811 900 2874; x_wconf 90' lang='lat' dir='ltr'><strong>clare</strong></span> <span class='ocrx_word' id='word_1_230' title='bbox 929 2808 1054 2874; x_wconf 86' lang='lat' dir='ltr'><strong>Seneca</strong></span> <span class='ocrx_word' id='word_1_231' title='bbox 1081 2809 1121 2872; x_wconf 88' lang='lat' dir='ltr'><strong>N.</strong></span> <span class='ocrx_word' id='word_1_232' title='bbox 1144 2806 1323 2884; x_wconf 81' lang='lat' dir='ltr'><strong>Qul121</strong></span> <span class='ocrx_word' id='word_1_233' title='bbox 1362 2810 1540 2892; x_wconf 87' lang='lat' dir='ltr'><strong>quotiens</strong></span> 
     </span>
     <span class='ocr_line' id='line_1_25' title="bbox 175 2909 1540 2996; baseline 0.003 -21"><span class='ocrx_word' id='word_1_234' title='bbox 175 2911 439 2977; x_wconf 82' lang='lat' dir='ltr'><strong>‹lefectionem</strong></span> <span class='ocrx_word' id='word_1_235' title='bbox 481 2910 576 2975; x_wconf 93' lang='lat' dir='ltr'><strong>solis</strong></span> <span class='ocrx_word' id='word_1_236' title='bbox 618 2912 796 2975; x_wconf 86' lang='lat' dir='ltr'><strong>volumus</strong></span> <span class='ocrx_word' id='word_1_237' title='bbox 835 2910 1147 2994; x_wconf 82' lang='lat' dir='ltr'><strong>deprehendere,</strong></span> <span class='ocrx_word' id='word_1_238' title='bbox 1190 2909 1365 2993; x_wconf 89' lang='lat' dir='ltr'><strong>ponimus</strong></span> <span class='ocrx_word' id='word_1_239' title='bbox 1405 2914 1540 2996; x_wconf 86' lang='lat' dir='ltr'><strong>pelves</strong></span> 
     </span>
     <span class='ocr_line' id='line_1_26' title="bbox 175 3012 1541 3097; baseline 0.001 -19"><span class='ocrx_word' id='word_1_240' title='bbox 175 3034 274 3097; x_wconf 89' lang='lat' dir='ltr'><strong>quas</strong></span> <span class='ocrx_word' id='word_1_241' title='bbox 296 3021 364 3078; x_wconf 87' lang='lat' dir='ltr'><strong>aut</strong></span> <span class='ocrx_word' id='word_1_242' title='bbox 386 3014 473 3078; x_wconf 92' lang='lat' dir='ltr'><strong>oleo</strong></span> <span class='ocrx_word' id='word_1_243' title='bbox 496 3019 566 3077; x_wconf 92' lang='lat' dir='ltr'><strong>aut</strong></span> <span class='ocrx_word' id='word_1_244' title='bbox 588 3013 672 3095; x_wconf 89' lang='lat' dir='ltr'><strong>pice</strong></span> <span class='ocrx_word' id='word_1_245' title='bbox 695 3013 905 3096; x_wconf 89' lang='lat' dir='ltr'><strong>implemus.</strong></span> <span class='ocrx_word' id='word_1_246' title='bbox 940 3012 1026 3077; x_wconf 90' lang='lat' dir='ltr'><strong>unde</strong></span> <span class='ocrx_word' id='word_1_247' title='bbox 1041 3012 1257 3095; x_wconf 85' lang='lat' dir='ltr'><strong>explicaham:</strong></span> <span class='ocrx_word' id='word_1_248' title='bbox 1281 3012 1453 3097; x_wconf 84' lang='lat' dir='ltr'><strong>conspici</strong></span> <span class='ocrx_word' id='word_1_249' title='bbox 1471 3014 1541 3079; x_wconf 92' lang='lat' dir='ltr'><strong>hoc</strong></span> 
     </span>
     <span class='ocr_line' id='line_1_27' title="bbox 175 3112 1540 3202; baseline 0 -22"><span class='ocrx_word' id='word_1_250' title='bbox 175 3114 352 3202; x_wconf 89' lang='lat' dir='ltr'><strong>[quomodo</strong></span> <span class='ocrx_word' id='word_1_251' title='bbox 382 3115 520 3181; x_wconf 86' lang='lat' dir='ltr'><strong>‹lefectio</strong></span> <span class='ocrx_word' id='word_1_252' title='bbox 549 3112 614 3201; x_wconf 78' lang='lat' dir='ltr'><strong>fiat]</strong></span> <span class='ocrx_word' id='word_1_253' title='bbox 653 3123 835 3198; x_wconf 86' lang='lat' dir='ltr'><strong>tauquam</strong></span> <span class='ocrx_word' id='word_1_254' title='bbox 875 3116 1033 3199; x_wconf 89' lang='lat' dir='ltr'><strong>speculo</strong></span> <span class='ocrx_word' id='word_1_255' title='bbox 1072 3114 1227 3179; x_wconf 87' lang='lat' dir='ltr'><strong>subdito</strong></span> <span class='ocrx_word' id='word_1_256' title='bbox 1267 3116 1435 3180; x_wconf 85' lang='lat' dir='ltr'><strong>vasculo.</strong></span> <span class='ocrx_word' id='word_1_257' title='bbox 1481 3117 1540 3181; x_wconf 90' lang='lat' dir='ltr'><strong>sed</strong></span> 
     </span>
     <span class='ocr_line' id='line_1_28' title="bbox 173 3217 1540 3301; baseline 0 -19"><span class='ocrx_word' id='word_1_258' title='bbox 173 3237 330 3300; x_wconf 90' lang='lat' dir='ltr'><strong>graecum</strong></span> <span class='ocrx_word' id='word_1_259' title='bbox 353 3225 424 3282; x_wconf 87' lang='lat' dir='ltr'><strong>erat</strong></span> <span class='ocrx_word' id='word_1_260' title='bbox 446 3218 608 3281; x_wconf 85' lang='grc' dir='ltr'>ὑποτιθέντι</span> <span class='ocrx_word' id='word_1_261' title='bbox 632 3220 680 3281; x_wconf 87' lang='grc' dir='ltr'><strong>τὸν</strong></span> <span class='ocrx_word' id='word_1_262' title='bbox 704 3219 809 3282; x_wconf 80' lang='grc' dir='ltr'>δίσκον.</span> <span class='ocrx_word' id='word_1_263' title='bbox 847 3226 1018 3301; x_wconf 87' lang='lat' dir='ltr'><strong>praeterea</strong></span> <span class='ocrx_word' id='word_1_264' title='bbox 1037 3217 1218 3299; x_wconf 83' lang='lat' dir='ltr'><strong>refragatur</strong></span> <span class='ocrx_word' id='word_1_265' title='bbox 1234 3218 1339 3286; x_wconf 84' lang='grc' dir='ltr'>δίσκος.</span> <span class='ocrx_word' id='word_1_266' title='bbox 1378 3236 1461 3299; x_wconf 86' lang='lat' dir='ltr'><strong>quae</strong></span> <span class='ocrx_word' id='word_1_267' title='bbox 1476 3238 1540 3282; x_wconf 87' lang='lat' dir='ltr'><strong>vox</strong></span> 
     </span>
     <span class='ocr_line' id='line_1_29' title="bbox 175 3317 1540 3403; baseline 0 -19"><span class='ocrx_word' id='word_1_268' title='bbox 175 3330 213 3384; x_wconf 88' lang='lat' dir='ltr'><strong>ut</strong></span> <span class='ocrx_word' id='word_1_269' title='bbox 227 3320 313 3384; x_wconf 90' lang='lat' dir='ltr'><strong>alias</strong></span> <span class='ocrx_word' id='word_1_270' title='bbox 332 3340 391 3386; x_wconf 81' lang='lat' dir='ltr'><strong>ras</strong></span> <span class='ocrx_word' id='word_1_271' title='bbox 407 3319 574 3403; x_wconf 87' lang='lat' dir='ltr'><strong>significat,</strong></span> <span class='ocrx_word' id='word_1_272' title='bbox 598 3321 644 3384; x_wconf 89' lang='lat' dir='ltr'><strong>ita</strong></span> <span class='ocrx_word' id='word_1_273' title='bbox 656 3326 704 3385; x_wconf 89' lang='lat' dir='ltr'><strong>ter</strong></span> <span class='ocrx_word' id='word_1_274' title='bbox 720 3320 753 3384; x_wconf 91' lang='lat' dir='ltr'><strong>iu</strong></span> <span class='ocrx_word' id='word_1_275' title='bbox 769 3321 830 3384; x_wconf 92' lang='lat' dir='ltr'><strong>hoc</strong></span> <span class='ocrx_word' id='word_1_276' title='bbox 847 3321 953 3403; x_wconf 88' lang='lat' dir='ltr'><strong>capite</strong></span> <span class='ocrx_word' id='word_1_277' title='bbox 976 3320 1017 3384; x_wconf 86' lang='lat' dir='ltr'><strong>de</strong></span> <span class='ocrx_word' id='word_1_278' title='bbox 1040 3317 1138 3383; x_wconf 87' lang='lat' dir='ltr'><strong>orbe</strong></span> <span class='ocrx_word' id='word_1_279' title='bbox 1161 3317 1239 3381; x_wconf 89' lang='lat' dir='ltr'><strong>solis</strong></span> <span class='ocrx_word' id='word_1_280' title='bbox 1255 3318 1377 3400; x_wconf 85' lang='lat' dir='ltr'><strong>dicitur.</strong></span> <span class='ocrx_word' id='word_1_281' title='bbox 1409 3318 1540 3384; x_wconf 86' lang='lat' dir='ltr'><strong>tandem</strong></span> 
     </span>
     <span class='ocr_line' id='line_1_30' title="bbox 175 3418 1542 3507; baseline -0.001 -20"><span class='ocrx_word' id='word_1_282' title='bbox 175 3422 358 3487; x_wconf 88' lang='lat' dir='ltr'><strong>scholiasta</strong></span> <span class='ocrx_word' id='word_1_283' title='bbox 383 3422 566 3489; x_wconf 82' lang='lat' dir='ltr'><strong>Germanici</strong></span> <span class='ocrx_word' id='word_1_284' title='bbox 590 3444 621 3506; x_wconf 91' lang='lat' dir='ltr'><strong>p.</strong></span> <span class='ocrx_word' id='word_1_285' title='bbox 639 3424 710 3506; x_wconf 72' lang='lat'>198,</span> <span class='ocrx_word' id='word_1_286' title='bbox 726 3424 747 3487; x_wconf 85' lang='lat' dir='ltr'><strong>-l</strong></span> <span class='ocrx_word' id='word_1_287' title='bbox 764 3422 815 3486; x_wconf 86' lang='lat' dir='ltr'><strong>Br.</strong></span> <span class='ocrx_word' id='word_1_288' title='bbox 841 3420 983 3507; x_wconf 87' lang='lat' dir='ltr'><strong>[Sueten.</strong></span> <span class='ocrx_word' id='word_1_289' title='bbox 1000 3422 1087 3484; x_wconf 86' lang='lat' dir='ltr'><strong>Prat.</strong></span> <span class='ocrx_word' id='word_1_290' title='bbox 1105 3440 1136 3501; x_wconf 89' lang='lat' dir='ltr'><strong>p.</strong></span> <span class='ocrx_word' id='word_1_291' title='bbox 1150 3418 1281 3506; x_wconf 79' lang='lat' dir='ltr'><strong>213R.]‚</strong></span> <span class='ocrx_word' id='word_1_292' title='bbox 1303 3421 1358 3485; x_wconf 89' lang='lat' dir='ltr'><strong>ubi</strong></span> <span class='ocrx_word' id='word_1_293' title='bbox 1380 3421 1542 3504; x_wconf 90' lang='lat' dir='ltr'><strong>plenilu-</strong></span> 
     </span>
     <span class='ocr_line' id='line_1_31' title="bbox 175 3522 1543 3608; baseline 0 -20"><span class='ocrx_word' id='word_1_294' title='bbox 175 3524 280 3589; x_wconf 90' lang='lat' dir='ltr'><strong>nium</strong></span> <span class='ocrx_word' id='word_1_295' title='bbox 303 3525 455 3608; x_wconf 79' lang='lat' dir='ltr'><strong>explicat,</strong></span> <span class='ocrx_word' id='word_1_296' title='bbox 478 3523 600 3607; x_wconf 89' lang='lat' dir='ltr'><strong>aliquid</strong></span> <span class='ocrx_word' id='word_1_297' title='bbox 623 3526 737 3589; x_wconf 91' lang='lat' dir='ltr'><strong>saltem</strong></span> <span class='ocrx_word' id='word_1_298' title='bbox 758 3524 839 3589; x_wconf 90' lang='lat' dir='ltr'><strong>lucis</strong></span> <span class='ocrx_word' id='word_1_299' title='bbox 858 3524 978 3589; x_wconf 87' lang='lat' dir='ltr'><strong>attulit:</strong></span> <span class='ocrx_word' id='word_1_300' title='bbox 1007 3543 1088 3588; x_wconf 91' lang='lat' dir='ltr'><strong>cum</strong></span> <span class='ocrx_word' id='word_1_301' title='bbox 1110 3541 1201 3586; x_wconf 90' lang='lat' dir='ltr'><strong>vero</strong></span> <span class='ocrx_word' id='word_1_302' title='bbox 1225 3522 1543 3588; x_wconf 88' lang='lat' dir='ltr'><strong>contrasteterit</strong></span> 
     </span>
     <span class='ocr_line' id='line_1_32' title="bbox 175 3624 1542 3715; baseline -0.003 -23"><span class='ocrx_word' id='word_1_303' title='bbox 175 3626 271 3715; x_wconf 89' lang='lat' dir='ltr'><strong>[luna</strong></span> <span class='ocrx_word' id='word_1_304' title='bbox 291 3624 375 3713; x_wconf 86' lang='lat' dir='ltr'><strong>soli]‚</strong></span> <span class='ocrx_word' id='word_1_305' title='bbox 402 3632 482 3692; x_wconf 90' lang='lat' dir='ltr'><strong>toto</strong></span> <span class='ocrx_word' id='word_1_306' title='bbox 509 3626 649 3692; x_wconf 85' lang='lat' dir='ltr'><strong>seritur·</strong></span> <span class='ocrx_word' id='word_1_307' title='bbox 673 3627 843 3693; x_wconf 84' lang='lat' dir='ltr'><strong>adverso</strong></span> <span class='ocrx_word' id='word_1_308' title='bbox 866 3634 905 3692; x_wconf 88' lang='lat' dir='ltr'><strong>et</strong></span> <span class='ocrx_word' id='word_1_309' title='bbox 926 3627 1033 3692; x_wconf 87' lang='lat' dir='ltr'><strong>velut</strong></span> <span class='ocrx_word' id='word_1_310' title='bbox 1055 3624 1250 3707; x_wconf 89' lang='lat' dir='ltr'><strong>speculum</strong></span> <span class='ocrx_word' id='word_1_311' title='bbox 1272 3644 1349 3689; x_wconf 89' lang='lat' dir='ltr'><strong>non</strong></span> <span class='ocrx_word' id='word_1_312' title='bbox 1375 3625 1450 3689; x_wconf 88' lang='lat' dir='ltr'><strong>vim</strong></span> <span class='ocrx_word' id='word_1_313' title='bbox 1474 3625 1542 3690; x_wconf 89' lang='lat' dir='ltr'><strong>sed</strong></span> 
     </span>
     <span class='ocr_line' id='line_1_33' title="bbox 176 3724 1542 3813; baseline -0.006 -19"><span class='ocrx_word' id='word_1_314' title='bbox 176 3728 385 3813; x_wconf 86' lang='lat' dir='ltr'><strong>imaginem</strong></span> <span class='ocrx_word' id='word_1_315' title='bbox 417 3727 557 3793; x_wconf 85' lang='lat' dir='ltr'><strong>reddit.</strong></span> <span class='ocrx_word' id='word_1_316' title='bbox 603 3728 676 3793; x_wconf 90' lang='lat' dir='ltr'><strong>hinc</strong></span> <span class='ocrx_word' id='word_1_317' title='bbox 699 3730 864 3794; x_wconf 90' lang='lat' dir='ltr'><strong>Plutarchi</strong></span> <span class='ocrx_word' id='word_1_318' title='bbox 890 3726 1083 3794; x_wconf 87' lang='lat' dir='ltr'><strong>sententiam</strong></span> <span class='ocrx_word' id='word_1_319' title='bbox 1106 3725 1152 3789; x_wconf 91' lang='lat' dir='ltr'><strong>sic</strong></span> <span class='ocrx_word' id='word_1_320' title='bbox 1174 3724 1425 3807; x_wconf 79' lang='lat' dir='ltr'><strong>intellegendam</strong></span> <span class='ocrx_word' id='word_1_321' title='bbox 1448 3732 1542 3809; x_wconf 91' lang='lat' dir='ltr'><strong>puto:</strong></span> 
     </span>
     <span class='ocr_line' id='line_1_34' title="bbox 177 3826 1543 3915; baseline -0.003 -19"><span class='ocrx_word' id='word_1_322' title='bbox 177 3830 280 3915; x_wconf 84' lang='lat' dir='ltr'><strong>quod</strong></span> <span class='ocrx_word' id='word_1_323' title='bbox 301 3832 391 3895; x_wconf 90' lang='lat' dir='ltr'><strong>luna</strong></span> <span class='ocrx_word' id='word_1_324' title='bbox 412 3829 671 3895; x_wconf 85' lang='lat' dir='ltr'><strong>delectionem</strong></span> <span class='ocrx_word' id='word_1_325' title='bbox 695 3830 791 3895; x_wconf 90' lang='lat' dir='ltr'><strong>solis</strong></span> <span class='ocrx_word' id='word_1_326' title='bbox 814 3830 980 3911; x_wconf 83' lang='lat' dir='ltr'><strong>efficiat,</strong></span> <span class='ocrx_word' id='word_1_327' title='bbox 1003 3826 1093 3892; x_wconf 91' lang='lat' dir='ltr'><strong>inde</strong></span> <span class='ocrx_word' id='word_1_328' title='bbox 1116 3827 1307 3912; x_wconf 78' lang='lat' dir='ltr'><strong>conspici,</strong></span> <span class='ocrx_word' id='word_1_329' title='bbox 1337 3829 1435 3911; x_wconf 88' lang='lat' dir='ltr'><strong>quod</strong></span> <span class='ocrx_word' id='word_1_330' title='bbox 1457 3827 1543 3892; x_wconf 89' lang='lat' dir='ltr'><strong>sub·</strong></span> 
     </span>
     <span class='ocr_line' id='line_1_35' title="bbox 178 3929 1542 4017; baseline -0.003 -18"><span class='ocrx_word' id='word_1_331' title='bbox 178 3933 273 3999; x_wconf 86' lang='lat' dir='ltr'><strong>iecti</strong></span> <span class='ocrx_word' id='word_1_332' title='bbox 289 3934 405 3997; x_wconf 88' lang='lat' dir='ltr'><strong>lunae</strong></span> <span class='ocrx_word' id='word_1_333' title='bbox 423 3930 531 3996; x_wconf 91' lang='lat' dir='ltr'><strong>orbis</strong></span> <span class='ocrx_word' id='word_1_334' title='bbox 546 3932 674 4014; x_wconf 92' lang='lat' dir='ltr'><strong>imago</strong></span> <span class='ocrx_word' id='word_1_335' title='bbox 690 3940 872 4016; x_wconf 87' lang='lat' dir='ltr'><strong>tanquam</strong></span> <span class='ocrx_word' id='word_1_336' title='bbox 888 3931 1045 4017; x_wconf 91' lang='lat' dir='ltr'><strong>speculo</strong></span> <span class='ocrx_word' id='word_1_337' title='bbox 1062 3929 1135 3994; x_wconf 87' lang='lat' dir='ltr'><strong>soli</strong></span> <span class='ocrx_word' id='word_1_338' title='bbox 1150 3930 1338 4012; x_wconf 88' lang='lat' dir='ltr'><strong>impressa</strong></span> <span class='ocrx_word' id='word_1_339' title='bbox 1353 3931 1542 3996; x_wconf 86' lang='lat' dir='ltr'><strong>videatur.</strong></span> 
     </span>
     <span class='ocr_line' id='line_1_36' title="bbox 178 4031 1542 4116; baseline -0.001 -17"><span class='ocrx_word' id='word_1_340' title='bbox 178 4035 411 4101; x_wconf 82' lang='lat' dir='ltr'><strong>vocabulorum</strong></span> <span class='ocrx_word' id='word_1_341' title='bbox 435 4039 543 4099; x_wconf 88' lang='lat' dir='ltr'><strong>autem</strong></span> <span class='ocrx_word' id='word_1_342' title='bbox 566 4054 650 4116; x_wconf 87' lang='lat' dir='ltr'><strong>quae</strong></span> <span class='ocrx_word' id='word_1_343' title='bbox 671 4034 768 4100; x_wconf 87' lang='lat' dir='ltr'><strong>luerit</strong></span> <span class='ocrx_word' id='word_1_344' title='bbox 789 4053 868 4099; x_wconf 88' lang='lat' dir='ltr'><strong>vera</strong></span> <span class='ocrx_word' id='word_1_345' title='bbox 891 4032 1046 4115; x_wconf 84' lang='lat' dir='ltr'><strong>condicio,</strong></span> <span class='ocrx_word' id='word_1_346' title='bbox 1070 4051 1171 4114; x_wconf 89' lang='lat' dir='ltr'><strong>penes</strong></span> <span class='ocrx_word' id='word_1_347' title='bbox 1193 4031 1276 4095; x_wconf 87' lang='lat' dir='ltr'><strong>alios</strong></span> <span class='ocrx_word' id='word_1_348' title='bbox 1299 4039 1367 4097; x_wconf 87' lang='lat' dir='ltr'><strong>esto</strong></span> <span class='ocrx_word' id='word_1_349' title='bbox 1381 4031 1542 4097; x_wconf 83' lang='lat' dir='ltr'><strong>iudicium.</strong></span> 
     </span>
    </p>

    <p class='ocr_par' dir='ltr' id='par_1_5' title="bbox 180 4132 1634 4936">
     <span class='ocr_line' id='line_1_37' title="bbox 267 4132 1544 4222; baseline -0.003 -20"><span class='ocrx_word' id='word_1_350' title='bbox 267 4138 357 4202; x_wconf 78' lang='lat'>1129</span> <span class='ocrx_word' id='word_1_351' title='bbox 376 4148 393 4199; x_wconf 78' lang='grc'>6</span> <span class='ocrx_word' id='word_1_352' title='bbox 415 4137 466 4206; x_wconf 81' lang='grc' dir='ltr'><strong>τὰς</strong></span> <span class='ocrx_word' id='word_1_353' title='bbox 488 4138 521 4199; x_wconf 80' lang='grc' dir='ltr'><strong>δὲ</strong></span> <span class='ocrx_word' id='word_1_354' title='bbox 543 4134 683 4222; x_wconf 81' lang='grc' dir='ltr'>ἐκλείψεις</span> <span class='ocrx_word' id='word_1_355' title='bbox 706 4139 747 4207; x_wconf 82' lang='grc' dir='ltr'><strong>εἰς</strong></span> <span class='ocrx_word' id='word_1_356' title='bbox 769 4139 801 4200; x_wconf 84' lang='grc' dir='ltr'>τὺ</span> <span class='ocrx_word' id='word_1_357' title='bbox 824 4137 952 4217; x_wconf 88' lang='grc' dir='ltr'>σκίασμα</span> <span class='ocrx_word' id='word_1_358' title='bbox 965 4141 1026 4219; x_wconf 71' lang='grc' dir='ltr'><strong>τῆς</strong></span> <span class='ocrx_word' id='word_1_359' title='bbox 1048 4140 1101 4218; x_wconf 79' lang='grc' dir='ltr'>γῆς</span> <span class='ocrx_word' id='word_1_360' title='bbox 1123 4136 1319 4217; x_wconf 85' lang='grc' dir='ltr'>ἐμπίπτουσαν</span> <span class='ocrx_word' id='word_1_361' title='bbox 1343 4132 1481 4220; x_wconf 77' lang='lat' dir='ltr'><strong>[efficere</strong></span> <span class='ocrx_word' id='word_1_362' title='bbox 1499 4135 1544 4198; x_wconf 89' lang='lat' dir='ltr'><strong>lu·</strong></span> 
     </span>
     <span class='ocr_line' id='line_1_38' title="bbox 181 4233 1544 4327; baseline -0.004 -23"><span class='ocrx_word' id='word_1_363' title='bbox 181 4237 279 4325; x_wconf 78' lang='grc'><strong>11111111,</strong></span> <span class='ocrx_word' id='word_1_364' title='bbox 304 4239 409 4322; x_wconf 79' lang='grc' dir='ltr'>μεταξὺ</span> <span class='ocrx_word' id='word_1_365' title='bbox 427 4241 477 4320; x_wconf 80' lang='grc' dir='ltr'><strong>μέν</strong></span> <span class='ocrx_word' id='word_1_366' title='bbox 494 4241 666 4324; x_wconf 75' lang='grc' dir='ltr'>ἀμφοτέρων</span> <span class='ocrx_word' id='word_1_367' title='bbox 682 4246 740 4302; x_wconf 84' lang='grc' dir='ltr'><strong>τῶν</strong></span> <span class='ocrx_word' id='word_1_368' title='bbox 756 4238 885 4322; x_wconf 83' lang='grc' dir='ltr'>ἀστέρων</span> <span class='ocrx_word' id='word_1_369' title='bbox 901 4238 1050 4327; x_wconf 81' lang='grc' dir='ltr'>γινομένης</span> <span class='ocrx_word' id='word_1_370' title='bbox 1073 4235 1237 4322; x_wconf 81' lang='grc' dir='ltr'>[γενομένης</span> <span class='ocrx_word' id='word_1_371' title='bbox 1256 4236 1340 4300; x_wconf 86' lang='lat' dir='ltr'><strong>male</strong></span> <span class='ocrx_word' id='word_1_372' title='bbox 1363 4233 1544 4321; x_wconf 58' lang='lat' dir='ltr'><strong>stobaeum,</strong></span> 
     </span>
     <span class='ocr_line' id='line_1_39' title="bbox 181 4337 1544 4427; baseline -0.003 -23"><span class='ocrx_word' id='word_1_373' title='bbox 181 4345 314 4424; x_wconf 86' lang='grc' dir='ltr'>μᾶλλον</span> <span class='ocrx_word' id='word_1_374' title='bbox 337 4343 376 4404; x_wconf 86' lang='grc' dir='ltr'>ὑέ</span> <span class='ocrx_word' id='word_1_375' title='bbox 398 4348 458 4427; x_wconf 77' lang='grc' dir='ltr'><strong>τῆς</strong></span> <span class='ocrx_word' id='word_1_376' title='bbox 481 4345 637 4426; x_wconf 77' lang='grc' dir='ltr'>σελήνης</span> <span class='ocrx_word' id='word_1_377' title='bbox 660 4340 996 4427; x_wconf 83' lang='grc' dir='ltr'>ἀντιφραττομένης.</span> <span class='ocrx_word' id='word_1_378' title='bbox 1023 4337 1130 4403; x_wconf 81' lang='lat' dir='ltr'><strong>aet-ive</strong></span> <span class='ocrx_word' id='word_1_379' title='bbox 1145 4337 1262 4402; x_wconf 86' lang='lat' dir='ltr'><strong>dieitur</strong></span> <span class='ocrx_word' id='word_1_380' title='bbox 1277 4363 1296 4422; x_wconf 89' lang='grc' dir='ltr'>η</span> <span class='ocrx_word' id='word_1_381' title='bbox 1312 4344 1348 4421; x_wconf 76' lang='grc' dir='ltr'>γη</span> <span class='ocrx_word' id='word_1_382' title='bbox 1365 4339 1544 4422; x_wconf 75' lang='grc' dir='ltr'>ἀντιρρέπει</span> 
     </span>
     <span class='ocr_line' id='line_1_40' title="bbox 180 4441 1546 4526; baseline 0 -20"><span class='ocrx_word' id='word_1_383' title='bbox 180 4449 218 4526; x_wconf 76' lang='grc' dir='ltr'><strong>τῇ</strong></span> <span class='ocrx_word' id='word_1_384' title='bbox 243 4445 353 4526; x_wconf 80' lang='grc' dir='ltr'>σελήνη</span> <span class='ocrx_word' id='word_1_385' title='bbox 377 4464 422 4508; x_wconf 91' lang='lat' dir='ltr'><strong>sc.</strong></span> <span class='ocrx_word' id='word_1_386' title='bbox 444 4446 477 4507; x_wconf 83' lang='grc' dir='ltr'><strong>τὸ</strong></span> <span class='ocrx_word' id='word_1_387' title='bbox 500 4450 579 4526; x_wconf 79' lang='grc' dir='ltr'>φῶς.</span> <span class='ocrx_word' id='word_1_388' title='bbox 606 4464 683 4526; x_wconf 89' lang='lat' dir='ltr'><strong>ergo</strong></span> <span class='ocrx_word' id='word_1_389' title='bbox 711 4443 774 4507; x_wconf 88' lang='lat' dir='ltr'><strong>‹lici</strong></span> <span class='ocrx_word' id='word_1_390' title='bbox 798 4448 905 4525; x_wconf 87' lang='lat' dir='ltr'><strong>potest</strong></span> <span class='ocrx_word' id='word_1_391' title='bbox 928 4445 946 4525; x_wconf 82' lang='grc' dir='ltr'>ή</span> <span class='ocrx_word' id='word_1_392' title='bbox 970 4443 1076 4525; x_wconf 80' lang='grc' dir='ltr'>σελήνη</span> <span class='ocrx_word' id='word_1_393' title='bbox 1100 4442 1315 4524; x_wconf 82' lang='grc' dir='ltr'>ἀντιφράττεται</span> <span class='ocrx_word' id='word_1_394' title='bbox 1339 4441 1395 4503; x_wconf 83' lang='grc' dir='ltr'><strong>ὑπὸ</strong></span> <span class='ocrx_word' id='word_1_395' title='bbox 1418 4446 1470 4523; x_wconf 78' lang='grc' dir='ltr'><strong>τῆς</strong></span> <span class='ocrx_word' id='word_1_396' title='bbox 1492 4445 1546 4522; x_wconf 75' lang='grc' dir='ltr'>γῆς</span> 
     </span>
     <span class='ocr_line' id='line_1_41' title="bbox 180 4540 1545 4629; baseline -0.003 -19"><span class='ocrx_word' id='word_1_397' title='bbox 180 4554 215 4610; x_wconf 88' lang='lat' dir='ltr'><strong>et</strong></span> <span class='ocrx_word' id='word_1_398' title='bbox 241 4545 437 4611; x_wconf 89' lang='lat' dir='ltr'><strong>sententiam</strong></span> <span class='ocrx_word' id='word_1_399' title='bbox 469 4545 557 4609; x_wconf 89' lang='lat' dir='ltr'><strong>illam</strong></span> <span class='ocrx_word' id='word_1_400' title='bbox 589 4545 749 4629; x_wconf 87' lang='lat' dir='ltr'><strong>expressit</strong></span> <span class='ocrx_word' id='word_1_401' title='bbox 777 4543 1019 4628; x_wconf 85' lang='lat' dir='ltr'><strong>Wyttenhachii</strong></span> <span class='ocrx_word' id='word_1_402' title='bbox 1050 4541 1274 4625; x_wconf 87' lang='lat' dir='ltr'><strong>interpretatio</strong></span> <span class='ocrx_word' id='word_1_403' title='bbox 1302 4540 1383 4606; x_wconf 82' lang='lat' dir='ltr'><strong>‘aut</strong></span> <span class='ocrx_word' id='word_1_404' title='bbox 1415 4542 1545 4625; x_wconf 86' lang='lat' dir='ltr'><strong>potius</strong></span> 
     </span>
     <span class='ocr_line' id='line_1_42' title="bbox 181 4642 1544 4727; baseline -0.005 -14"><span class='ocrx_word' id='word_1_405' title='bbox 181 4669 262 4714; x_wconf 86' lang='lat' dir='ltr'><strong>eum</strong></span> <span class='ocrx_word' id='word_1_406' title='bbox 287 4649 373 4713; x_wconf 91' lang='lat' dir='ltr'><strong>eius</strong></span> <span class='ocrx_word' id='word_1_407' title='bbox 394 4646 573 4712; x_wconf 80' lang='lat' dir='ltr'><strong>officitur</strong></span> <span class='ocrx_word' id='word_1_408' title='bbox 594 4646 880 4711; x_wconf 88' lang='lat' dir='ltr'><strong>illuminationi</strong></span> <span class='ocrx_word' id='word_1_409' title='bbox 904 4645 1069 4710; x_wconf 89' lang='lat' dir='ltr'><strong>ate1·1·a&#39;.</strong></span> <span class='ocrx_word' id='word_1_410' title='bbox 1114 4643 1172 4709; x_wconf 89' lang='lat' dir='ltr'><strong>sed</strong></span> <span class='ocrx_word' id='word_1_411' title='bbox 1196 4650 1229 4708; x_wconf 94' lang='lat' dir='ltr'><strong>et</strong></span> <span class='ocrx_word' id='word_1_412' title='bbox 1250 4645 1400 4727; x_wconf 84' lang='lat' dir='ltr'><strong>exempla</strong></span> <span class='ocrx_word' id='word_1_413' title='bbox 1423 4642 1544 4726; x_wconf 85' lang='lat' dir='ltr'><strong>passivi</strong></span> 
     </span>
     <span class='ocr_line' id='line_1_43' title="bbox 180 4744 1547 4827; baseline -0.004 -13"><span class='ocrx_word' id='word_1_414' title='bbox 180 4749 335 4815; x_wconf 86' lang='lat' dir='ltr'><strong>deficiunt</strong></span> <span class='ocrx_word' id='word_1_415' title='bbox 367 4757 401 4815; x_wconf 92' lang='lat' dir='ltr'><strong>et</strong></span> <span class='ocrx_word' id='word_1_416' title='bbox 434 4757 614 4814; x_wconf 75' lang='lat' dir='ltr'><strong>stareturac</strong></span> <span class='ocrx_word' id='word_1_417' title='bbox 648 4749 846 4814; x_wconf 88' lang='lat' dir='ltr'><strong>continuatio</strong></span> <span class='ocrx_word' id='word_1_418' title='bbox 881 4749 942 4813; x_wconf 85' lang='lat' dir='ltr'><strong>isto</strong></span> <span class='ocrx_word' id='word_1_419' title='bbox 977 4746 1072 4811; x_wconf 93' lang='lat' dir='ltr'><strong>modo</strong></span> <span class='ocrx_word' id='word_1_420' title='bbox 1106 4745 1285 4810; x_wconf 87' lang='lat' dir='ltr'><strong>invertitur.</strong></span> <span class='ocrx_word' id='word_1_421' title='bbox 1331 4745 1415 4827; x_wconf 86' lang='lat' dir='ltr'><strong>quod</strong></span> <span class='ocrx_word' id='word_1_422' title='bbox 1446 4744 1547 4809; x_wconf 86' lang='lat' dir='ltr'><strong>movit</strong></span> 
     </span>
     <span class='ocr_line' id='line_1_44' title="bbox 181 4847 1634 4936; baseline -0.004 -18"><span class='ocrx_word' id='word_1_423' title='bbox 181 4851 371 4934; x_wconf 85' lang='lat' dir='ltr'><strong>Reisheum,</strong></span> <span class='ocrx_word' id='word_1_424' title='bbox 395 4859 431 4916; x_wconf 95' lang='lat' dir='ltr'><strong>ut</strong></span> <span class='ocrx_word' id='word_1_425' title='bbox 445 4858 483 4935; x_wconf 72' lang='grc' dir='ltr'><strong>τῇ</strong></span> <span class='ocrx_word' id='word_1_426' title='bbox 501 4855 609 4936; x_wconf 78' lang='grc' dir='ltr'>σελήνη</span> <span class='ocrx_word' id='word_1_427' title='bbox 632 4858 782 4934; x_wconf 77' lang='lat' dir='ltr'><strong>mutaret,</strong></span> <span class='ocrx_word' id='word_1_428' title='bbox 805 4850 1066 4936; x_wconf 81' lang='grc' dir='ltr'>ἀντιφραττομένης</span> <span class='ocrx_word' id='word_1_429' title='bbox 1090 4847 1289 4912; x_wconf 89' lang='lat' dir='ltr'><strong>hauddubie</strong></span> <span class='ocrx_word' id='word_1_430' title='bbox 1305 4847 1410 4912; x_wconf 86' lang='lat' dir='ltr'><strong>medio</strong></span> <span class='ocrx_word' id='word_1_431' title='bbox 1426 4865 1546 4928; x_wconf 84' lang='lat' dir='ltr'><strong>genere</strong></span> <span class='ocrx_word' id='word_1_432' title='bbox 1631 4914 1634 4919; x_wconf 76' lang='grc'><strong><em>,</em></strong></span> 
     </span>
    </p>
   </div>
   <div class='ocr_carea' id='block_1_4' title="bbox 0 0 1726 5588">
    <p class='ocr_par' dir='ltr' id='par_1_6' title="bbox 0 0 1726 5588">
     <span class='ocr_line' id='line_1_45' title="bbox 0 0 1726 5588; baseline 0 0"><span class='ocrx_word' id='word_1_433' title='bbox 0 0 1726 5588; x_wconf 95' lang='lat' dir='ltr'><strong> </strong></span> 
     </span>
    </p>
   </div>
  </div>
 </body>
</html>
