3464 5586
186 344 188 349 .
237 281 301 344 200
511 282 576 332 xvl
611 282 662 331 Du
682 281 785 331 suun
804 280 1042 333 PLACITORUM
1061 281 1333 340 COMPOSITIONE

237 469 306 511 rum
334 449 423 512 libris
449 450 551 530 primo
578 446 715 511 secundo
742 449 831 510 tertio
858 449 1017 529 proponit.
1060 451 1117 514 sed
1144 449 1307 514 intercedit
1336 452 1417 512 inter
1445 468 1499 512 eos
1526 450 1604 513 laec

238 554 415 637 differentia
437 552 520 633 quod
541 551 594 613 ille
615 568 736 630 semper
758 559 902 613 auctores
922 553 1312 628 contentionum-uomina,
1333 552 1478 616 isidorus
1498 553 1603 614 nomi-

238 656 329 720 nibus
350 675 456 719 eorum
476 654 653 735 suppressis
676 653 863 732 qeneraliter
877 672 930 716 eos
944 656 991 717 sic
1004 657 1072 736 tere
1088 658 1260 738 sipuificat:
1280 656 1437 736 pentilcs
1459 664 1604 718 ueteres

240 760 385 842 antiqui
417 759 612 838 sapientes
645 755 861 836 philosophi
890 758 1038 841 pdpsici
1068 759 1141 821 alii
1169 758 1328 840 quidam.
1373 755 1432 822 sed
1453 774 1538 838 quae
1561 753 1603 821 de

240 861 366 943 origine
391 858 508 925 Isidori
539 863 781 939 ceterorumque
810 856 879 923 eius
908 859 1037 940 generis
1068 858 1278 943 scriptoribus
1308 857 1430 943 posuit,
1464 877 1532 923 non
1557 856 1605 923 ita

240 960 385 1028 stabilita
408 966 483 1027 sunt
504 966 540 1025 ut
558 966 627 1025 tuto
643 959 793 1026 insistere
807 958 912 1043 possis
936 957 987 1045 [cf.
1004 961 1042 1027 G.
1059 961 1186 1028 Becker
1206 982 1238 1027 n.
1250 960 1358 1046 jahrb.
1374 960 1396 1026 f.
1411 959 1491 1043 phil.
1506 957 1602 1043 1863,

241 1062 325 1151 642].
373 1083 480 1147 neque
509 1064 645 1128 multum
675 1061 731 1127 ille
760 1058 898 1145 profecit
930 1069 1089 1147 perpetua
1121 1064 1317 1131 Placitorum
1350 1061 1605 1146 comparatione,

240 1186 337 1250 quam
360 1165 515 1232 Suetonio
538 1186 597 1232 suo
621 1161 819 1246 subnotavit,
844 1162 920 1245 quia
941 1184 1106 1250 perpauca
1127 1172 1278 1232 accurate
1300 1162 1427 1250 respici,
1448 1165 1605 1248 pleraque

240 1269 360 1335 frustra
383 1267 475 1334 citari
497 1265 703 1333 manifestum
726 1270 786 1330 est.

326 1369 545 1437 Memorabilis
560 1375 610 1435 est
624 1366 796 1450 Augustini
819 1387 923 1434 enarr.
940 1368 973 1434 iu
995 1371 1110 1455 psalm.
1127 1372 1158 1436 X
1174 1373 1193 1436 3
1217 1371 1376 1455 expositio
1392 1369 1535 1458 [Sueton.
1552 1371 1604 1437 ed.

240 1478 278 1542 R.
301 1497 332 1560 p.
349 1471 436 1560 209],
459 1492 556 1555 quam
577 1469 721 1537 Isidorus
742 1467 784 1535 de
803 1478 870 1536 nat.
891 1492 951 1538 rer.
971 1473 1011 1538 18
1033 1473 1222 1540 nominatim
1245 1473 1406 1559 excerpsit
1428 1471 1480 1560 [of.
1502 1472 1604 1539 schol.

241 1578 394 1644 German.
422 1597 453 1659 p.
478 1575 554 1658 197,
583 1574 690 1655 9sqq.
722 1572 773 1638 ed.
801 1573 951 1659 Breysig,
987 1575 1154 1642 Oensoriu.
1186 1575 1299 1641 tr.111
1327 1598 1360 1661 p.
1381 1577 1479 1661 80,6
1506 1574 1604 1642 Jahn.

242 1699 340 1764 supra
368 1699 399 1762 p.
421 1674 474 1763 53]
517 1679 598 1740 duae
634 1685 705 1740 sant
739 1677 777 1738 de
817 1678 892 1740 luna
924 1681 1086 1760 opiniones
1116 1679 1306 1761 probabiles.
1360 1681 1470 1742 Meum
1504 1688 1605 1741 cunm

243 1803 322 1865 quae
344 1802 419 1844 ocra
441 1784 480 1843 sit
503 1790 556 1843 out
578 1799 640 1842 nou
663 1780 787 1841 omnino
810 1789 865 1842 out
886 1782 1070 1863 difficillime
1092 1782 1230 1845 arbitror
1243 1800 1336 1862 posse
1349 1783 1499 1845 bominem
1513 1784 1605 1845 scire.

242 1906 310 1950 cum
333 1887 412 1947 enim
435 1885 596 1966 quaeritur
617 1882 699 1945 unde
722 1883 822 1944 lumen
843 1884 970 1962 babeat,
1000 1886 1070 1948 olii
1099 1885 1227 1947 dicunt
1255 1903 1358 1946 suum
1385 1885 1519 1948 babere
1539 1885 1606 1947 sed

242 1988 385 2071 plobum
417 1988 498 2049 eius
531 1985 722 2047 dimidium
756 1987 879 2050 lucere
913 1988 1107 2050 dimidiam
1142 1997 1260 2050 autem
1291 1987 1484 2050 obscuram
1513 2006 1607 2063 esse,

244 2093 315 2153 dum
344 2099 445 2152 autem
471 2095 609 2151 mooetar
634 2089 667 2149 in
690 2089 807 2150 circulo
835 2108 892 2152 sao
915 2091 1044 2154 eandem
1064 2099 1183 2171 partem
1205 2110 1267 2172 qna
1289 2091 1370 2153 lucet
1389 2090 1542 2171 paulatim
1563 2090 1607 2152 ad

243 2202 345 2256 terras
379 2192 515 2255 concerti
541 2200 574 2253 ut
601 2190 702 2252 vidui
734 2189 823 2252 uobis
854 2195 954 2272 possit
981 2203 1010 2256 et
1037 2194 1109 2256 ideo
1137 2194 1228 2273 prius
1255 2194 1346 2275 quasi
1379 2193 1605 2255 corniculatam

244 2314 408 2376 apparere.
435 2340 492 2355 ...
516 2294 573 2355 alii
595 2300 697 2355 autem
718 2293 823 2354 dicunt
845 2313 908 2357 uon
928 2296 1041 2358 babere
1064 2297 1169 2358 lunam
1191 2296 1292 2358 lumen
1319 2297 1482 2376 proprium
1507 2295 1564 2357 sed
1585 2313 1607 2356 a

243 2398 308 2461 sote
338 2397 500 2459 illustrari.
543 2391 826 2460 Reifferscheidius
854 2395 898 2460 ad
926 2395 1012 2461 bunc
1041 2397 1147 2463 locum
1179 2396 1341 2464 uberrima
1369 2415 1410 2462 ex
1441 2393 1607 2461 Plutarchi

245 2501 332 2564 Plao.
352 2499 385 2563 Π
408 2499 458 2564 28.
482 2499 523 2562 25
552 2501 706 2579 excerpta
734 2493 855 2561 trustra
885 2500 1064 2581 proposuit.
1109 2520 1185 2566 nam
1213 2499 1289 2583 quia
1317 2499 1449 2566 Stobaei
1478 2499 1608 2583 supple

245 2608 355 2668 menta
377 2600 533 2666 adhibere
555 2597 669 2676 noluit,
691 2596 830 2681 priorem
853 2599 1037 2683 opinionem
1054 2602 1166 2670 Berosi
1187 2623 1259 2669 esse
1275 2623 1349 2670 eum
1363 2601 1454 2685 fugit.
1487 2599 1607 2666 etenim

248 2705 275 2770 si
292 2703 417 2769 Ptacita
432 2701 607 2783 coniungas
626 2701 715 2766 1128
732 2711 747 2762 l
767 2751 799 2768 ..
816 2701 960 2789 Βήρωσος
976 2705 1045 2770 ἴδιον
1064 2706 1156 2792 αὐτὴν
1171 2705 1251 2792 ἔχειν
1266 2711 1330 2791 φῶς
1353 2706 1394 2770 25
1412 2712 1444 2765 tt
1464 2701 1607 2787 Βήρωσος

245 2807 432 2892 ἡμιτύρτυτον
462 2811 586 2891 σφαῖραν
616 2806 668 2889 τὴν
691 2807 814 2889 σελήνην
848 2808 924 2871 292
947 2807 1091 2893 Βήρωσος
1121 2807 1272 2891 [deficere
1299 2808 1423 2889 lunam]
1451 2806 1526 2870 κατὰ
1554 2807 1607 2889 τὴν

246 2912 317 2995 πρὸς
347 2912 425 2993 ἡμᾶς
451 2908 627 2993 ἐπιστροφὴν
663 2913 714 2971 τοῦ
744 2909 899 2993 ἀπυρώτου
927 2912 1045 2995 μέρους,
1077 2910 1119 2975 ad
1147 2930 1298 2993 graecum
1326 2909 1493 2993 exemplar
1520 2905 1609 2971 haud

246 3012 344 3078 dubie
367 3007 539 3076 reduceris.
575 3016 609 3073 ut
632 3009 778 3076 Suetonii
800 3011 977 3077 auctoritas
1000 3012 1062 3078 boc
1084 3013 1155 3078 loeo
1171 3013 1366 3095 nequiquam
1380 3010 1551 3076 invocatur
1564 3008 1608 3074 ab

247 3115 381 3196 editore,
404 3113 451 3176 ita
462 3111 618 3177 Varronis
640 3133 759 3179 nomen
781 3134 846 3179 non
868 3121 989 3180 temere
1012 3113 1172 3198 quispiam
1194 3111 1373 3198 protulerit.
1406 3131 1483 3177 nam
1501 3110 1609 3194 Augu·

246 3217 348 3281 stinus
378 3220 533 3296 quantum
559 3214 706 3280 debuerit
734 3215 782 3279 illi
810 3214 843 3280 in
869 3218 985 3298 vulgus
1013 3223 1064 3281 est
1093 3223 1205 3281 notum
1235 3214 1384 3297 idemque
1413 3221 1539 3279 onustat
1567 3212 1609 3279 de

246 3315 403 3399 Vitruvio,
433 3315 487 3398 qui
515 3316 654 3382 eandem
682 3317 870 3383 memoriam
898 3317 1015 3400 repetit
1036 3317 1084 3382 IX
1109 3320 1125 3382 1
1153 3328 1184 3381 16
1212 3338 1294 3382 naue
1316 3320 1355 3380 de
1381 3319 1532 3381 crescenti
1557 3317 1607 3378 tu-

246 3424 326 3482 mine
348 3421 440 3482 lanae
461 3420 726 3502 dominationeque
748 3424 793 3483 uti
815 3420 962 3483 traditum
979 3430 1024 3483 est
1039 3421 1128 3484 nobis
1144 3442 1165 3484 a
1179 3423 1352 3485 maioribus
1374 3422 1476 3484 dicam
1490 3419 1538 3483 IX
1553 3419 1574 3483 2
1594 3428 1607 3479 1

247 3525 382 3586 Berosus
398 3568 405 3584 .
419 3568 426 3583 .
440 3568 448 3584 .
463 3523 561 3603 pilam
578 3522 584 3554 ¹
609 3542 675 3585 esse
696 3543 736 3585 ec
759 3524 890 3586 dimidia
903 3533 993 3603 parte
1008 3526 1187 3587 condentem
1201 3527 1323 3607 reliqua
1336 3524 1449 3586 babere
1465 3523 1608 3586 camiso

247 3628 359 3689 colore.
394 3643 478 3706 quae
490 3624 655 3690 Vitruvius
677 3627 850 3690 maioribus
871 3646 907 3691 se
929 3625 1049 3693 debere
1071 3625 1148 3692 dicit
1170 3626 1224 3692 vix
1247 3625 1425 3692 errabimus
1440 3625 1466 3690 si
1482 3625 1606 3690 auctori

246 3725 399 3809 Varroni,
427 3746 490 3808 quo
513 3725 559 3792 uti
582 3728 679 3812 solet,
707 3727 892 3812 reddemus,
922 3748 994 3794 oum
1021 3727 1209 3813 praesertim
1237 3728 1392 3796 Berosum
1418 3747 1440 3792 a
1461 3728 1609 3793 Varrone

246 3828 379 3894 citatum
402 3846 501 3910 supra
524 3849 554 3912 p.
573 3829 634 3894 196
657 3829 841 3896 viderimus.

332 3931 448 3996 Isidor.
463 3930 505 3995 de
520 3936 586 3996 nat.
602 3953 627 3997 r.
643 3933 686 3996 20
708 3929 837 4018 [Hygin.
853 3935 889 3999 P.
901 3933 940 3999 A.
958 3935 1004 3999 IV
1021 3936 1061 3998 14
1081 3933 1212 3999 Sueten.
1236 3954 1266 4016 p.
1283 3931 1403 4020 212R.]
1431 3935 1486 3996 atii
1509 3942 1611 3997 auten

247 4037 354 4097 dicunt
380 4035 532 4115 defectum
557 4037 634 4098 solis
658 4038 741 4116 fieri,
767 4040 796 4099 si
816 4040 959 4119 foramen
988 4041 1072 4101 aeris
1096 4058 1155 4119 quo
1178 4039 1227 4100 sol
1246 4038 1356 4099 radios
1377 4037 1482 4117 fundit
1504 4036 1610 4118 aliquo

246 4142 358 4220 spiritu
387 4138 588 4201 contrabatur
618 4140 683 4201 sive
709 4139 875 4203 obturetur.
920 4143 996 4204 boec
1023 4142 1143 4225 pbpsici
1169 4148 1198 4203 el
1226 4142 1381 4221 sapientes
1409 4141 1523 4202 dicunt.
1570 4158 1610 4204 ex

247 4240 335 4306 omni
351 4239 547 4306 Placitorum
569 4239 657 4305 nube
678 4240 720 4305 ab
744 4242 868 4308 editore
891 4249 1058 4309 eontracta
1079 4243 1203 4307 nullum
1225 4242 1482 4325 inconspectum
1499 4240 1612 4307 venire

247 4350 354 4426 potest
381 4341 443 4408 nisi
470 4342 768 4408 Anaximandreum
790 4344 823 4408 ΙΙ
845 4346 886 4409 29
907 4355 921 4406 1
942 4345 1160 4430 Ἀναξίμανδρος
1182 4348 1233 4407 τοῦ
1257 4345 1376 4426 στομίου
1399 4349 1450 4408 τοῦ
1473 4345 1537 4429 περὶ
1560 4346 1610 4408 τὸν

173 4463 175 4467 ’
247 4447 352 4529 τροχὸν
380 4445 636 4529 ἐπιφραττομένου.
672 4449 814 4528 foramen
844 4450 928 4511 auis
956 4447 1159 4514 breviuscule
1189 4446 1324 4530 dictum,
1355 4446 1441 4530 quod
1469 4444 1611 4513 debebat

250 4644 269 4651 -.
281 4644 331 4650 -..-
339 4644 437 4651 ⁴.--—--

320 4771 327 4801 ¹
348 4773 398 4820 hoc
421 4775 548 4824 vocabulo
571 4777 651 4825 utitur
674 4777 750 4825 etism
774 4777 912 4840 Augustin.
937 4780 954 4828 t.
978 4795 1000 4827 ο.
1027 4793 1089 4828 uam
1111 4782 1135 4824 ct
1158 4772 1182 4822 si
1198 4771 1292 4839 facias
1311 4771 1415 4837 pilam
1439 4789 1470 4824 ex
1494 4772 1611 4824 dimidia

246 4868 326 4932 porte
345 4857 523 4910 candidam
543 4870 567 4911 et
586 4876 618 4911 ece
636 4860 751 4912 dimidia
771 4861 907 4914 obscuram
926 4873 974 4915 cet.
