3442 5588
648 340 925 392 Pnomaollarts
1402 339 1462 403 187

98 527 299 592 quamquam
328 508 371 575 de
401 507 593 591 quibusdam
622 506 703 573 locis
729 504 890 572 dubitarit
914 507 1059 574 Zellerus
1081 508 1102 592 ¹,
1130 508 1172 575 de
1200 529 1265 574 uuo
1286 507 1469 594 praefracto

99 609 247 693 negarit
291 609 380 694 quod
400 609 428 675 si
449 608 656 676 concedimus
676 614 784 674 actum
806 613 857 674 est
878 608 920 676 de
940 615 1054 676 nostra
1075 609 1310 696 disputatione,
1333 609 1385 676 oui
1405 609 1468 677 nisi

100 717 207 780 totam
219 712 336 798 prioris
348 712 451 797 partis
461 711 630 779 materiam
641 710 877 777 Varronianam
889 731 963 779 esse
977 712 1107 780 dederis
1117 712 1346 796 praecidentur
1356 732 1470 780 omues

101 814 325 900 persuadendi
345 813 450 882 nervi.
483 811 667 879 haesitandi
688 810 736 877 illi
758 831 873 879 ansam
895 813 1055 881 dederuut
1076 834 1150 880 oum
1170 814 1295 882 leviora
1316 814 1468 881 aliatum

102 916 318 1002 Magum
340 913 444 983 Ocelli
465 913 631 998 Archytae
651 912 693 979 de
715 913 826 978 muudi
848 916 1044 983 aeternitate
1065 916 1261 984 testimonia.
1304 935 1367 1000 age
1389 914 1470 982 Oen-

103 1018 206 1087 sorini
227 1020 334 1086 losum
355 1016 598 1103 perpendamus
619 1035 646 1082 a
661 1016 684 1080 4
702 1023 718 1076 3
740 1036 773 1099 p.
784 1016 815 1100 9,
831 1016 851 1082 3
866 1017 960 1084 Iahn.
989 1021 1046 1082 sed
1057 1022 1149 1101 prior
1169 1021 1227 1085 itta
1240 1021 1393 1084 sententia
1408 1038 1470 1101 qao

96 1142 223 1205 semper
242 1124 409 1186 hamarum
429 1140 525 1204 persas
546 1120 647 1201 faisse
668 1118 807 1183 creditar
829 1132 973 1186 auctores
1002 1123 1093 1187 habet
1113 1122 1311 1207 &moran
1331 1120 1470 1183 Samiam

100 1233 131 1287 et
146 1221 317 1288 amesae·
338 1225 500 1288 mmmm
522 1233 550 1286 et
564 1223 722 1305 Archytas
739 1222 937 1287 Paventinam
958 1243 1122 1307 musaque
1143 1226 1223 1289 adea
1238 1225 1470 1308 Pythagoricae.

100 1329 158 1391 red
174 1336 205 1391 st
218 1327 309 1391 Plato
323 1327 520 1391 dumiensis
535 1333 564 1389 et
574 1325 764 1390 Xenocrates
775 1337 805 1390 et
819 1327 1033 1391 Dicaearchus
1048 1329 1217 1392 limenius
1231 1329 1362 1409 temque
1383 1327 1470 1389 asti-

101 1450 184 1512 qaae
206 1431 388 1495 academiae
406 1430 584 1511 philosophi
604 1449 668 1492 aaa
689 1430 779 1493 aliud
799 1430 943 1494 uideatur
972 1432 1108 1513 minati,
1137 1431 1319 1494 Aristoteles
1350 1448 1471 1511 quoque

101 1535 270 1616 slepi-iter
291 1542 320 1597 et
336 1533 563 1614 theophrastus
583 1534 730 1615 mutique
749 1540 916 1614 praeterea
936 1553 999 1598 aaa
1014 1534 1165 1615 ipmohiler
1179 1533 1376 1614 Peripatetici
1389 1533 1471 1595 idem

100 1638 308 1718 scripserant.
342 1631 447 1700 Ocelli
469 1633 522 1718 qui
545 1640 652 1700 exstat
673 1633 756 1701 liber
777 1634 819 1701 de
834 1634 976 1702 universi
991 1641 1109 1702 natura
1124 1634 1294 1720 perspicue
1308 1633 1470 1716 laudatur,

100 1737 159 1804 uhi
181 1757 211 1804 c.
225 1738 245 1803 3
268 1735 488 1822 Peripatetica
510 1736 657 1803 doctrina
679 1737 739 1803 sub
760 1737 857 1822 prisci
872 1736 960 1803 illius
974 1736 1174 1823 Pythagorei
1188 1735 1384 1803 vendidatur
1398 1755 1469 1822 per-

100 1858 187 1907 sona
207 1838 259 1927 [ci.
275 1839 424 1924 Bernays
438 1837 602 1923 Theophr.
617 1839 717 1906 uehar
738 1840 773 1906 d.
786 1840 946 1907 Froemm.
962 1861 993 1925 p.
1005 1841 1049 1906 44
1063 1839 1102 1905 V.
1116 1839 1202 1904 Rosa
1224 1837 1280 1904 Ar.
1295 1859 1343 1922 ps.
1360 1860 1392 1924 p.
1405 1834 1468 1925 35].

101 1942 159 2027 qui
179 1943 320 2028 scriptur
340 1959 414 2006 cum
427 1940 612 2007 Aristotelis
634 1941 676 2008 ds
698 1941 908 2025 generatione
931 1947 964 2008 et
977 1941 1110 2008 interitu
1126 1939 1242 2005 librum
1261 1941 1371 2007 valide
1386 1959 1470 2006 com·

99 2043 256 2131 pilavcrit
283 2040 335 2130 [ci.
358 2062 387 2110 e.
408 2062 438 2126 g.
461 2041 482 2107 3
503 2053 515 2104 1
544 2062 616 2108 oum
637 2043 694 2110 Ar.
716 2065 748 2128 p.
764 2045 846 2110 etth
869 2044 925 2128 38,
952 2046 972 2125 ἕ
991 2046 1029 2108 11
1057 2064 1089 2128 p.
1105 2043 1186 2108 331b
1205 2042 1263 2128 35,
1290 2045 1310 2124 ὅ
1332 2041 1469 2108 13-19

100 2167 136 2231 p.
151 2146 235 2212 331·
255 2146 298 2211 36
308 2165 378 2228 sqq.
404 2164 436 2211 r.
460 2144 589 2230 Syrien.
611 2145 646 2211 in
667 2146 810 2232 metaph.
833 2167 866 2231 p.
881 2147 962 2213 931·
979 2149 1018 2212 11
1036 2143 1149 2232 Usum]
1170 2144 1226 2211 rix
1247 2150 1325 2212 ante
1347 2144 1471 2212 Andro

101 2248 168 2315 uici
190 2253 334 2314 aetatem
349 2246 470 2314 vixisse
491 2247 630 2333 ridetur,
650 2248 706 2332 qui
720 2249 755 2315 in
769 2251 887 2333 vulgus
901 2247 982 2313 illud
995 2247 1263 2315 Aristoteleorum
1279 2246 1470 2331 scripturum

100 2369 208 2433 genus
218 2349 344 2416 extulit.
365 2349 454 2417 idem
465 2349 640 2435 Thrasyllo
652 2351 815 2436 antiquior
824 2358 875 2419 est
888 2351 943 2435 qui
954 2348 1103 2416 fictarum
1118 2350 1340 2435 epistularum,
1355 2347 1471 2433 quibus

102 2450 208 2520 Orelli
229 2451 361 2518 subdita
377 2452 498 2537 scripta
520 2454 824 2521 commendarentur
845 2450 965 2540 [lraert
981 2452 1059 2519 VIII
1074 2453 1125 2519 80.
1141 2452 1205 2541 81],
1228 2456 1364 2519 alteram
1386 2452 1472 2519 inter

102 2553 295 2620 Platonicus
327 2553 461 2639 recepit.
510 2574 588 2638 ergo
622 2576 694 2622 cum
727 2554 840 2622 Iubam
872 2553 1158 2640 pseudepigrapha
1191 2555 1471 2641 Pythagoreorum

103 2654 230 2741 scripta
254 2655 352 2723 aride
382 2657 539 2724 coemisse
568 2658 722 2725 uaditum
749 2657 804 2742 sit,
835 2656 988 2742 proclivis
1013 2654 1064 2724 est
1089 2657 1274 2725 coniectura
1305 2656 1472 2741 Augustae

98 2778 186 2826 asso
219 2777 292 2845 cum
322 2757 389 2824 ulia
419 2764 487 2824 tum
516 2757 619 2827 Ocelli
652 2760 738 2826 illius
769 2759 981 2826 stramenticii
1006 2759 1094 2826 fetus
1123 2759 1287 2827 confectos
1314 2779 1387 2826 esse
1416 2758 1470 2842 [cf.

100 2860 245 2928 lullach
268 2860 307 2926 F.
322 2860 384 2927 Ph.
399 2861 471 2927 (3.1
490 2862 577 2946 383].
600 2862 659 2929 ssd
681 2862 766 2930 fallit
787 2862 870 2928 haee
892 2862 1012 2947 opinio.
1043 2882 1120 2929 uam
1143 2863 1230 2948 quod
1249 2861 1354 2929 forma
1368 2861 1471 2930 libelli

100 2964 221 3030 aeteus
242 2962 402 3031 eiusmodi
422 2962 517 3030 furtis
546 2964 634 3031 haud
661 2968 761 3050 paulo
786 2970 949 3050 praestet,
979 2965 1066 3049 quod
1095 2965 1176 3032 scite
1197 2963 1470 3051 Wyttenbaahius

100 3064 239 3150 monuit
259 3085 399 3150 urguere
421 3066 498 3133 uolo
522 3066 599 3150 quia
620 3067 703 3135 haec
725 3075 776 3135 est
797 3067 988 3135 eruditionis
1010 3074 1043 3134 et
1058 3068 1138 3134 artis
1153 3069 1251 3135 laus⁸
1272 3087 1337 3134 uon
1352 3066 1471 3134 aetatis

98 3167 288 3254 discrimem
310 3168 370 3235 sed
392 3167 503 3235 obstat
524 3169 568 3235 ud
590 3190 686 3254 quem
708 3169 808 3236 redeo
831 3168 1000 3235 Censorini
1022 3170 1124 3237 locus.
1166 3189 1272 3255 neque
1294 3169 1380 3236 enim
1401 3168 1470 3236 fieri

103 3277 235 3354 poterat
255 3276 292 3337 ut
306 3270 504 3338 censouuus
525 3272 611 3339 hanc
632 3271 779 3339 tabulam
802 3271 1068 3356 philosophorum
1091 3274 1163 3358 ipse
1184 3272 1346 3340 inveniret
1364 3291 1470 3357 neque

101 3372 257 3439 meditem
285 3393 308 3438 a
328 3374 477 3440 Varrone
507 3376 641 3440 multum
667 3380 811 3440 mutasse
836 3375 975 3442 videtur.
1019 3395 1094 3441 nam
1122 3376 1156 3443 id
1182 3376 1251 3460 agit
1276 3374 1414 3460 scriptor
1434 3380 1471 3440 ut

100 3493 218 3542 omnes
239 3473 368 3540 illarum
390 3482 551 3542 sectarum
574 3475 751 3561 participes
772 3497 837 3543 uno
860 3497 917 3544 ore
939 3484 1107 3545 aeteruum
1127 3498 1200 3545 esse
1215 3479 1354 3545 mortale
1368 3497 1471 3562 genus

96 3575 265 3644 affirmare
294 3575 420 3645 doceat
465 3578 617 3663 quocirca
645 3578 847 3662 singularum
878 3586 1038 3647 sectamm
1066 3579 1133 3646 bini
1163 3580 1383 3665 adiunguntur
1405 3598 1470 3645 ma·

97 3678 214 3764 gistris
243 3677 395 3765 discipuli
415 3680 428 3715 ⁴
460 3682 671 3765 sequiturque
707 3683 905 3748 asseclamm
944 3688 1123 3750 ceterorum
1157 3702 1344 3751 consensus.
1391 3701 1470 3766 ergo

429 3832 506 3839 α’...-

176 3905 246 3959 ¹111
264 3905 289 3971 3,
308 3906 360 3960 311
383 3907 413 3958 ab
437 3906 507 3959 arech
530 3906 575 3957 dis
593 3906 722 3972 Aaqahsm
740 3907 783 3959 bei
801 3906 929 3958 Osmsmim
948 3925 969 3958 c.
991 3907 1071 3973 lOsq.
1092 3906 1124 3960 13
1137 3919 1156 3960 t.
1178 3907 1209 3961 13
1231 3925 1282 3961 acm
1305 3905 1391 3959 Varro
1409 3907 1469 3958 her·

95 4002 233 4046 suarm
250 3995 286 4047 ist
297 3993 434 4048 urdeham
452 4011 474 4046 c.
487 3994 504 4046 4
516 4005 529 4042 a
546 4011 585 4046 ma
604 3992 815 4063 Pythagoras
835 3992 965 4046 Oasitae
984 3994 1042 4047 aad
1054 3995 1219 4062 Archytae
1238 3995 1280 4048 ata
1293 3995 1470 4063 Zeapsmsasr

96 4078 149 4131 (iic
169 4077 300 4149 Eviykait
317 4081 366 4134 der
389 4080 456 4133 ttae
475 4082 637 4150 amgqfuehrt
654 4079 773 4143 merdam,
790 4083 882 4149 passim
899 4082 981 4136 nieht.

176 4165 238 4222 'ex
267 4172 396 4237 potiorum
427 4171 544 4222 ccdlcnm
567 4172 625 4223 DR
648 4172 758 4223 lectione
786 4173 926 4222 coceium
952 4173 1102 4223 Occelum
1124 4188 1201 4238 quam
1229 4173 1376 4224 Ocellum
1399 4173 1469 4236 quod

95 4255 211 4308 Iahnius
230 4259 331 4324 scripsit
349 4260 483 4308 restituere
508 4259 596 4308 malui.
634 4259 664 4308 cf.
683 4260 796 4308 varietas
814 4274 830 4309 a
848 4259 991 4312 Mullachio
1010 4261 1040 4311 F.
1059 4261 1108 4312 Ph.
1127 4261 1159 4312 G.
1178 4256 1263 4311 1388
1279 4267 1333 4309 not.
1353 4259 1470 4309 collecta.

174 4340 257 4395 'nou
275 4344 348 4395 nulls
366 4354 485 4396 accurate
511 4360 543 4396 ex
567 4353 668 4396 vetusto
696 4346 836 4411 exemplari
860 4349 1018 4411 manscripsit
1036 4348 1107 4397 velut
1125 4346 1177 4397 c.4
1195 4348 1258 4395 mlrs
1277 4347 1405 4410 prioribus
1424 4345 1469 4395 sd·

96 4445 200 4480 nexum
218 4445 252 4482 cx
264 4431 416 4484 Aristoxeni
431 4426 616 4500 Πυθαγορικαῖς
634 4429 794 4501 ἀποφάσεσιν,
812 4434 881 4498 quod
902 4435 1009 4485 conlatis
1027 4433 1177 4485 Iamblicho
1196 4434 1230 4483 V.
1242 4434 1273 4484 P.
1287 4429 1426 4484 309-313
1444 4440 1471 4482 et

96 4519 262 4569 Aristoxeno
281 4520 350 4585 apud
369 4520 441 4573 Stob.
460 4521 517 4571 dor.
538 4529 554 4570 t.
571 4519 645 4572 101⁴
664 4530 731 4572 recte
750 4529 840 4573 contra
852 4521 1080 4588 Wyttenbsshium
1098 4522 1222 4587 probavit
1241 4522 1272 4572 Il.
1289 4520 1381 4573 Rohde
1400 4520 1469 4571 Mus.

96 4606 151 4656 Rh.
170 4607 279 4657 XXVII
298 4603 341 4658 53.

172 4690 184 4723 ⁴
201 4693 412 4757 aequabilitatem
431 4695 511 4744 laedit
523 4695 755 4761 Peripateticorum
774 4697 873 4756 schola,
894 4698 933 4746 cui
947 4699 1036 4746 tertium
1049 4704 1150 4762 praeter
1162 4698 1330 4747 Aristotelem
1344 4703 1369 4745 et
1381 4695 1468 4745 Theo·

96 4783 235 4849 phrastnrn
254 4783 335 4831 deest.
363 4782 408 4831 sed
427 4782 493 4832 iuter
510 4783 662 4833 Platonicos
682 4785 795 4833 occurrit
811 4783 1002 4845 Dicaearchus,
1027 4800 1102 4848 quem
1126 4784 1260 4834 oculorum
1280 4797 1367 4833 errore
1385 4784 1469 4832 trans·

95 4871 181 4920 latum
200 4869 280 4919 credo
300 4871 327 4918 iu
346 4869 476 4920 Platonici
495 4873 585 4920 nescio
605 4872 676 4920 cuius
696 4872 780 4920 locum
799 4871 858 4931 (uisi
877 4873 943 4921 forte
962 4883 1068 4937 propter
1087 4873 1278 4921 inimicitiarum
1297 4885 1353 4920 cum
1367 4870 1468 4918 Aristu-

94 4959 146 5007 tsle
175 4956 315 5006 obscuram
340 4956 471 5020 quandam
494 4958 589 5008 famam
613 4955 655 5021 [ci.
675 4957 799 5009 Themist.
818 4957 899 5023 Soph.
918 4975 943 5023 p.
957 4955 1045 5009 teta.
1065 4960 1178 5009 Mueller
1195 4959 1224 5010 F.
1238 4960 1271 5009 li.
1286 4958 1318 5009 G.
1331 4957 1358 5007 11
1371 4953 1435 5020 334]
1454 4970 1470 5005 s
