<?xml version="1.0" encoding="UTF-8"?>
<!DOCTYPE html PUBLIC "-//W3C//DTD XHTML 1.0 Transitional//EN"
    "http://www.w3.org/TR/xhtml1/DTD/xhtml1-transitional.dtd">
<html xmlns="http://www.w3.org/1999/xhtml" xml:lang="en" lang="en">
 <head>
  <title>
</title>
<meta http-equiv="Content-Type" content="text/html;charset=utf-8" />
  <meta name='ocr-system' content='tesseract 3.04.00' />
  <meta name='ocr-capabilities' content='ocr_page ocr_carea ocr_par ocr_line ocrx_word'/>
</head>
<body>
  <div class='ocr_page' id='page_1' title='image "./doxographigraec00dielgoog/doxographigraec00dielgoog_0205.png"; bbox 0 0 3464 5586; ppageno 0'>
   <div class='ocr_carea' id='block_1_1' title="bbox 183 323 1272 388">
    <p class='ocr_par' dir='ltr' id='par_1_1' title="bbox 183 323 1272 388">
     <span class='ocr_line' id='line_1_1' title="bbox 183 323 1272 388; baseline -0.003 -7"><span class='ocrx_word' id='word_1_1' title='bbox 183 323 244 388; x_wconf 89' lang='grc'><strong>186</strong></span> <span class='ocrx_word' id='word_1_2' title='bbox 452 328 517 378; x_wconf 83' lang='lat' dir='ltr'><strong>xv1</strong></span> <span class='ocrx_word' id='word_1_3' title='bbox 553 328 603 377; x_wconf 83' lang='lat' dir='ltr'><strong>DE</strong></span> <span class='ocrx_word' id='word_1_4' title='bbox 622 328 725 378; x_wconf 85' lang='lat' dir='ltr'>AETII</span> <span class='ocrx_word' id='word_1_5' title='bbox 742 324 981 379; x_wconf 81' lang='lat' dir='ltr'><strong>PLACITORUM</strong></span> <span class='ocrx_word' id='word_1_6' title='bbox 999 326 1272 380; x_wconf 81' lang='lat' dir='ltr'>COMPOSITIONE</span> 
     </span>
    </p>
   </div>
   <div class='ocr_carea' id='block_1_2' title="bbox 180 491 1545 988">
    <p class='ocr_par' dir='ltr' id='par_1_2' title="bbox 180 491 1545 988">
     <span class='ocr_line' id='line_1_2' title="bbox 180 491 1543 583; baseline 0 -26"><span class='ocrx_word' id='word_1_7' title='bbox 180 492 381 583; x_wconf 81' lang='lat' dir='ltr'><strong>Alexandro,</strong></span> <span class='ocrx_word' id='word_1_8' title='bbox 403 496 638 581; x_wconf 87' lang='lat' dir='ltr'><strong>incompertum</strong></span> <span class='ocrx_word' id='word_1_9' title='bbox 654 491 757 562; x_wconf 90' lang='lat' dir='ltr'><strong>nobis.</strong></span> <span class='ocrx_word' id='word_1_10' title='bbox 792 495 850 561; x_wconf 87' lang='lat' dir='ltr'><strong>sed</strong></span> <span class='ocrx_word' id='word_1_11' title='bbox 865 493 1043 561; x_wconf 80' lang='lat' dir='ltr'><strong>Alexandri</strong></span> <span class='ocrx_word' id='word_1_12' title='bbox 1058 494 1252 561; x_wconf 87' lang='lat' dir='ltr'><strong>Philalethis</strong></span> <span class='ocrx_word' id='word_1_13' title='bbox 1265 494 1382 560; x_wconf 88' lang='lat' dir='ltr'><strong>librum</strong></span> <span class='ocrx_word' id='word_1_14' title='bbox 1397 491 1543 575; x_wconf 89' lang='lat' dir='ltr'><strong>quiutum</strong></span> 
     </span>
     <span class='ocr_line' id='line_1_3' title="bbox 181 593 1542 685; baseline 0.001 -27"><span class='ocrx_word' id='word_1_15' title='bbox 181 597 327 680; x_wconf 74' lang='grc' dir='ltr'>περὶτῶν</span> <span class='ocrx_word' id='word_1_16' title='bbox 351 600 533 685; x_wconf 76' lang='grc' dir='ltr'>ἀρεσκόντων</span> <span class='ocrx_word' id='word_1_17' title='bbox 558 596 653 663; x_wconf 79' lang='lat' dir='ltr'><strong>affort</strong></span> <span class='ocrx_word' id='word_1_18' title='bbox 675 596 821 665; x_wconf 80' lang='lat' dir='ltr'><strong>Galenus</strong></span> <span class='ocrx_word' id='word_1_19' title='bbox 840 597 918 663; x_wconf 91' lang='lat' dir='ltr'>VIII</span> <span class='ocrx_word' id='word_1_20' title='bbox 938 598 1010 664; x_wconf 78' lang='lat'><strong>726.</strong></span> <span class='ocrx_word' id='word_1_21' title='bbox 1054 617 1118 681; x_wconf 91' lang='lat' dir='ltr'><strong>quo</strong></span> <span class='ocrx_word' id='word_1_22' title='bbox 1144 596 1330 664; x_wconf 85' lang='lat' dir='ltr'><strong>testimonio</strong></span> <span class='ocrx_word' id='word_1_23' title='bbox 1350 599 1481 678; x_wconf 83' lang='lat' dir='ltr'><strong>arrepto</strong></span> <span class='ocrx_word' id='word_1_24' title='bbox 1504 593 1542 660; x_wconf 91' lang='lat' dir='ltr'><strong>V.</strong></span> 
     </span>
     <span class='ocr_line' id='line_1_4' title="bbox 180 695 1544 785; baseline -0.001 -22"><span class='ocrx_word' id='word_1_25' title='bbox 180 697 305 764; x_wconf 86' lang='lat' dir='ltr'><strong>Roseus</strong></span> <span class='ocrx_word' id='word_1_26' title='bbox 321 699 484 767; x_wconf 79' lang='lat' dir='ltr'><strong>Theodori</strong></span> <span class='ocrx_word' id='word_1_27' title='bbox 499 698 687 766; x_wconf 81' lang='lat' dir='ltr'><strong>memoriam</strong></span> <span class='ocrx_word' id='word_1_28' title='bbox 703 719 745 766; x_wconf 88' lang='lat' dir='ltr'><strong>ex</strong></span> <span class='ocrx_word' id='word_1_29' title='bbox 761 699 876 766; x_wconf 89' lang='lat' dir='ltr'><strong>eodem</strong></span> <span class='ocrx_word' id='word_1_30' title='bbox 893 699 1004 783; x_wconf 89' lang='lat' dir='ltr'><strong>quinto</strong></span> <span class='ocrx_word' id='word_1_31' title='bbox 1019 700 1084 785; x_wconf 80' lang='grc' dir='ltr'>περὶ</span> <span class='ocrx_word' id='word_1_32' title='bbox 1107 704 1165 763; x_wconf 85' lang='grc' dir='ltr'>τῶν</span> <span class='ocrx_word' id='word_1_33' title='bbox 1188 700 1369 785; x_wconf 73' lang='grc' dir='ltr'>ἀρεσκόντων</span> <span class='ocrx_word' id='word_1_34' title='bbox 1391 695 1474 762; x_wconf 90' lang='lat' dir='ltr'><strong>libro</strong></span> <span class='ocrx_word' id='word_1_35' title='bbox 1488 695 1544 763; x_wconf 83' lang='lat' dir='ltr'><strong>de-</strong></span> 
     </span>
     <span class='ocr_line' id='line_1_5' title="bbox 180 800 1544 887; baseline 0.001 -23"><span class='ocrx_word' id='word_1_36' title='bbox 180 800 310 866; x_wconf 85' lang='lat' dir='ltr'><strong>ductam</strong></span> <span class='ocrx_word' id='word_1_37' title='bbox 325 809 415 869; x_wconf 86' lang='lat' dir='ltr'><strong>ratus</strong></span> <span class='ocrx_word' id='word_1_38' title='bbox 430 822 496 868; x_wconf 93' lang='lat' dir='ltr'><strong>non</strong></span> <span class='ocrx_word' id='word_1_39' title='bbox 512 801 616 867; x_wconf 88' lang='lat' dir='ltr'><strong>solum</strong></span> <span class='ocrx_word' id='word_1_40' title='bbox 630 801 767 882; x_wconf 86' lang='lat' dir='ltr'><strong>medica,</strong></span> <span class='ocrx_word' id='word_1_41' title='bbox 790 801 962 867; x_wconf 87' lang='lat' dir='ltr'><strong>sedetiam</strong></span> <span class='ocrx_word' id='word_1_42' title='bbox 978 800 1175 887; x_wconf 89' lang='lat' dir='ltr'><strong>philosopha</strong></span> <span class='ocrx_word' id='word_1_43' title='bbox 1196 801 1336 885; x_wconf 88' lang='lat' dir='ltr'><strong>denique</strong></span> <span class='ocrx_word' id='word_1_44' title='bbox 1357 800 1544 868; x_wconf 80' lang='lat' dir='ltr'><strong>universam</strong></span> 
     </span>
     <span class='ocr_line' id='line_1_6' title="bbox 180 899 1545 988; baseline 0 -22"><span class='ocrx_word' id='word_1_45' title='bbox 180 903 375 970; x_wconf 89' lang='lat' dir='ltr'><strong>Placitorum</strong></span> <span class='ocrx_word' id='word_1_46' title='bbox 399 903 568 970; x_wconf 76' lang='lat' dir='ltr'><strong>materiam</strong></span> <span class='ocrx_word' id='word_1_47' title='bbox 589 902 632 969; x_wconf 89' lang='lat' dir='ltr'><strong>ab</strong></span> <span class='ocrx_word' id='word_1_48' title='bbox 645 902 832 970; x_wconf 83' lang='lat' dir='ltr'><strong>Alexandro</strong></span> <span class='ocrx_word' id='word_1_49' title='bbox 854 903 1025 969; x_wconf 90' lang='lat' dir='ltr'><strong>collectam</strong></span> <span class='ocrx_word' id='word_1_50' title='bbox 1047 903 1199 988; x_wconf 79' lang='lat' dir='ltr'><strong>opinatus</strong></span> <span class='ocrx_word' id='word_1_51' title='bbox 1221 910 1279 970; x_wconf 87' lang='lat' dir='ltr'><strong>est.</strong></span> <span class='ocrx_word' id='word_1_52' title='bbox 1313 903 1360 970; x_wconf 91' lang='lat' dir='ltr'><strong>sic</strong></span> <span class='ocrx_word' id='word_1_53' title='bbox 1381 902 1468 970; x_wconf 87' lang='lat' dir='ltr'><strong>enim</strong></span> <span class='ocrx_word' id='word_1_54' title='bbox 1487 899 1545 967; x_wconf 90' lang='lat' dir='ltr'><strong>ille</strong></span> 
     </span>
    </p>
   </div>
   <div class='ocr_carea' id='block_1_3' title="bbox 177 1003 1554 4062">
    <p class='ocr_par' dir='ltr' id='par_1_3' title="bbox 178 1003 1545 3243">
     <span class='ocr_line' id='line_1_7' title="bbox 180 1003 1545 1088; baseline -0.001 -20"><span class='ocrx_word' id='word_1_55' title='bbox 180 1005 201 1070; x_wconf 89' lang='lat' dir='ltr'><strong>l.</strong></span> <span class='ocrx_word' id='word_1_56' title='bbox 217 1024 242 1071; x_wconf 88' lang='lat' dir='ltr'><strong>c.</strong></span> <span class='ocrx_word' id='word_1_57' title='bbox 268 1016 400 1071; x_wconf 86' lang='lat' dir='ltr'><strong>ceterum</strong></span> <span class='ocrx_word' id='word_1_58' title='bbox 422 1007 637 1071; x_wconf 86' lang='lat' dir='ltr'><strong>adnotandam</strong></span> <span class='ocrx_word' id='word_1_59' title='bbox 660 1018 704 1072; x_wconf 89' lang='lat' dir='ltr'><strong>est</strong></span> <span class='ocrx_word' id='word_1_60' title='bbox 725 1007 960 1088; x_wconf 73' lang='lat' dir='ltr'><strong>fundamentum</strong></span> <span class='ocrx_word' id='word_1_61' title='bbox 976 1007 1050 1070; x_wconf 84' lang='lat' dir='ltr'><strong>libri</strong></span> <span class='ocrx_word' id='word_1_62' title='bbox 1062 1006 1149 1070; x_wconf 85' lang='lat' dir='ltr'><strong>illias</strong></span> <span class='ocrx_word' id='word_1_63' title='bbox 1172 1008 1210 1070; x_wconf 91' lang='lat' dir='ltr'><strong>de</strong></span> <span class='ocrx_word' id='word_1_64' title='bbox 1229 1003 1358 1088; x_wconf 68' lang='grc' dir='ltr'>μέσοισιν</span> <span class='ocrx_word' id='word_1_65' title='bbox 1379 1014 1545 1071; x_wconf 77' lang='lat' dir='ltr'><strong>cateruas</strong></span> 
     </span>
     <span class='ocr_line' id='line_1_8' title="bbox 179 1110 1544 1192; baseline 0.001 -22"><span class='ocrx_word' id='word_1_66' title='bbox 179 1115 272 1189; x_wconf 84' lang='lat' dir='ltr'><strong>(qnos</strong></span> <span class='ocrx_word' id='word_1_67' title='bbox 288 1111 424 1174; x_wconf 74' lang='lat' dir='ltr'><strong>Galeam</strong></span> <span class='ocrx_word' id='word_1_68' title='bbox 439 1112 601 1192; x_wconf 82' lang='lat' dir='ltr'><strong>appellare</strong></span> <span class='ocrx_word' id='word_1_69' title='bbox 615 1111 692 1173; x_wconf 87' lang='lat' dir='ltr'><strong>salet</strong></span> <span class='ocrx_word' id='word_1_70' title='bbox 707 1121 735 1173; x_wconf 89' lang='lat' dir='ltr'><strong>et</strong></span> <span class='ocrx_word' id='word_1_71' title='bbox 749 1111 907 1182; x_wconf 84' lang='lat' dir='ltr'><strong>Soranus)</strong></span> <span class='ocrx_word' id='word_1_72' title='bbox 930 1110 1118 1174; x_wconf 82' lang='lat' dir='ltr'><strong>medicorum</strong></span> <span class='ocrx_word' id='word_1_73' title='bbox 1133 1117 1163 1173; x_wconf 83' lang='lat' dir='ltr'><strong>et</strong></span> <span class='ocrx_word' id='word_1_74' title='bbox 1174 1111 1429 1192; x_wconf 70' lang='lat' dir='ltr'><strong>philosophorum</strong></span> <span class='ocrx_word' id='word_1_75' title='bbox 1450 1116 1544 1190; x_wconf 75' lang='lat' dir='ltr'><strong>alpis</strong></span> 
     </span>
     <span class='ocr_line' id='line_1_9' title="bbox 179 1209 1543 1295; baseline -0.001 -21"><span class='ocrx_word' id='word_1_76' title='bbox 179 1221 305 1291; x_wconf 84' lang='lat' dir='ltr'><strong>praeter</strong></span> <span class='ocrx_word' id='word_1_77' title='bbox 324 1231 377 1275; x_wconf 91' lang='lat' dir='ltr'><strong>eas</strong></span> <span class='ocrx_word' id='word_1_78' title='bbox 391 1217 524 1277; x_wconf 87' lang='lat' dir='ltr'><strong>recentis</strong></span> <span class='ocrx_word' id='word_1_79' title='bbox 538 1214 631 1276; x_wconf 87' lang='lat' dir='ltr'><strong>anias</strong></span> <span class='ocrx_word' id='word_1_80' title='bbox 645 1210 841 1294; x_wconf 70' lang='lat' dir='ltr'><strong>Asclepiadis</strong></span> <span class='ocrx_word' id='word_1_81' title='bbox 859 1212 983 1294; x_wconf 72' lang='lat' dir='ltr'><strong>Bithyni</strong></span> <span class='ocrx_word' id='word_1_82' title='bbox 1005 1212 1113 1288; x_wconf 86' lang='lat' dir='ltr'><strong>(semel</strong></span> <span class='ocrx_word' id='word_1_83' title='bbox 1131 1215 1273 1295; x_wconf 84' lang='lat' dir='ltr'><strong>empirici</strong></span> <span class='ocrx_word' id='word_1_84' title='bbox 1294 1215 1431 1277; x_wconf 86' lang='lat' dir='ltr'><strong>citantur</strong></span> <span class='ocrx_word' id='word_1_85' title='bbox 1450 1209 1543 1285; x_wconf 76' lang='lat' dir='ltr'><strong>trs)</strong></span> 
     </span>
     <span class='ocr_line' id='line_1_10' title="bbox 179 1315 1545 1398; baseline 0.002 -23"><span class='ocrx_word' id='word_1_86' title='bbox 179 1315 276 1394; x_wconf 83' lang='lat' dir='ltr'><strong>panta</strong></span> <span class='ocrx_word' id='word_1_87' title='bbox 299 1324 369 1395; x_wconf 82' lang='lat' dir='ltr'><strong>past</strong></span> <span class='ocrx_word' id='word_1_88' title='bbox 384 1317 599 1398; x_wconf 72' lang='lat' dir='ltr'><strong>Asclepiadem</strong></span> <span class='ocrx_word' id='word_1_89' title='bbox 621 1317 642 1376; x_wconf 90' lang='lat' dir='ltr'><strong>i.</strong></span> <span class='ocrx_word' id='word_1_90' title='bbox 660 1336 686 1378; x_wconf 88' lang='lat' dir='ltr'><strong>e.</strong></span> <span class='ocrx_word' id='word_1_91' title='bbox 702 1316 858 1397; x_wconf 78' lang='grc' dir='ltr'>Δυριιεσσο</span> <span class='ocrx_word' id='word_1_92' title='bbox 873 1316 978 1379; x_wconf 88' lang='lat' dir='ltr'><strong>secula</strong></span> <span class='ocrx_word' id='word_1_93' title='bbox 993 1317 1109 1379; x_wconf 89' lang='lat' dir='ltr'><strong>iactum</strong></span> <span class='ocrx_word' id='word_1_94' title='bbox 1130 1316 1231 1379; x_wconf 86' lang='lat' dir='ltr'><strong>videri</strong></span> <span class='ocrx_word' id='word_1_95' title='bbox 1246 1317 1287 1380; x_wconf 84' lang='lat' dir='ltr'><strong>ad</strong></span> <span class='ocrx_word' id='word_1_96' title='bbox 1304 1323 1433 1380; x_wconf 85' lang='lat' dir='ltr'><strong>auctore</strong></span> <span class='ocrx_word' id='word_1_97' title='bbox 1446 1331 1545 1395; x_wconf 79' lang='grc' dir='ltr'>οοφιεο</span> 
     </span>
     <span class='ocr_line' id='line_1_11' title="bbox 180 1415 1543 1500; baseline 0.001 -24"><span class='ocrx_word' id='word_1_98' title='bbox 180 1415 319 1479; x_wconf 86' lang='lat' dir='ltr'><strong>Platonis</strong></span> <span class='ocrx_word' id='word_1_99' title='bbox 340 1421 441 1482; x_wconf 90' lang='lat' dir='ltr'><strong>amica</strong></span> <span class='ocrx_word' id='word_1_100' title='bbox 464 1420 539 1496; x_wconf 82' lang='grc'><strong><em>(15.</em></strong></span> <span class='ocrx_word' id='word_1_101' title='bbox 564 1420 583 1482; x_wconf 98' lang='grc'><strong><em>1</em></strong></span> <span class='ocrx_word' id='word_1_102' title='bbox 598 1421 631 1493; x_wconf 87' lang='grc'><strong>7)</strong></span> <span class='ocrx_word' id='word_1_103' title='bbox 654 1438 751 1500; x_wconf 79' lang='lat' dir='ltr'><strong>nepae</strong></span> <span class='ocrx_word' id='word_1_104' title='bbox 766 1419 940 1481; x_wconf 84' lang='lat' dir='ltr'><strong>Stoicorum</strong></span> <span class='ocrx_word' id='word_1_105' title='bbox 963 1429 991 1480; x_wconf 89' lang='lat' dir='ltr'><strong>et</strong></span> <span class='ocrx_word' id='word_1_106' title='bbox 1006 1427 1118 1482; x_wconf 91' lang='lat' dir='ltr'><strong>contra</strong></span> <span class='ocrx_word' id='word_1_107' title='bbox 1133 1418 1307 1500; x_wconf 84' lang='lat' dir='ltr'><strong>Epicureos</strong></span> <span class='ocrx_word' id='word_1_108' title='bbox 1321 1419 1414 1482; x_wconf 89' lang='lat' dir='ltr'><strong>etiam</strong></span> <span class='ocrx_word' id='word_1_109' title='bbox 1428 1416 1543 1497; x_wconf 78' lang='lat' dir='ltr'><strong>dispu-</strong></span> 
     </span>
     <span class='ocr_line' id='line_1_12' title="bbox 180 1519 1543 1603; baseline 0.001 -24"><span class='ocrx_word' id='word_1_110' title='bbox 180 1526 263 1580; x_wconf 87' lang='lat' dir='ltr'><strong>tante</strong></span> <span class='ocrx_word' id='word_1_111' title='bbox 281 1519 421 1598; x_wconf 71' lang='lat'><em>(1719),</em></span> <span class='ocrx_word' id='word_1_112' title='bbox 445 1520 555 1603; x_wconf 79' lang='lat' dir='ltr'><strong>quidus</strong></span> <span class='ocrx_word' id='word_1_113' title='bbox 582 1529 683 1584; x_wconf 87' lang='lat' dir='ltr'><strong>tamen</strong></span> <span class='ocrx_word' id='word_1_114' title='bbox 705 1522 772 1601; x_wconf 80' lang='lat' dir='ltr'><strong>fere</strong></span> <span class='ocrx_word' id='word_1_115' title='bbox 795 1521 978 1583; x_wconf 70' lang='lat' dir='ltr'><strong>consentiae!</strong></span> <span class='ocrx_word' id='word_1_116' title='bbox 1000 1523 1075 1597; x_wconf 84' lang='grc'><strong><em>(17.</em></strong></span> <span class='ocrx_word' id='word_1_117' title='bbox 1099 1522 1161 1584; x_wconf 79' lang='grc' dir='ltr'><strong>1.ι1</strong></span> <span class='ocrx_word' id='word_1_118' title='bbox 1188 1522 1241 1584; x_wconf 79' lang='lat' dir='ltr'><strong>udi</strong></span> <span class='ocrx_word' id='word_1_119' title='bbox 1262 1523 1304 1602; x_wconf 72' lang='lat' dir='ltr'><strong>cf.</strong></span> <span class='ocrx_word' id='word_1_120' title='bbox 1328 1521 1412 1585; x_wconf 77' lang='lat' dir='ltr'><strong>Cast.</strong></span> <span class='ocrx_word' id='word_1_121' title='bbox 1435 1519 1543 1582; x_wconf 68' lang='lat' dir='ltr'><strong>Aurei</strong></span> 
     </span>
     <span class='ocr_line' id='line_1_13' title="bbox 180 1622 1545 1706; baseline 0.002 -24"><span class='ocrx_word' id='word_1_122' title='bbox 180 1622 235 1683; x_wconf 90' lang='lat' dir='ltr'><strong>cet.</strong></span> <span class='ocrx_word' id='word_1_123' title='bbox 253 1623 369 1686; x_wconf 79' lang='lat' dir='ltr'><strong>lidda</strong></span> <span class='ocrx_word' id='word_1_124' title='bbox 385 1624 580 1706; x_wconf 85' lang='lat' dir='ltr'><strong>Asclepiade,</strong></span> <span class='ocrx_word' id='word_1_125' title='bbox 604 1624 642 1686; x_wconf 89' lang='lat' dir='ltr'><strong>de</strong></span> <span class='ocrx_word' id='word_1_126' title='bbox 657 1641 717 1704; x_wconf 76' lang='lat' dir='ltr'><strong>aaa</strong></span> <span class='ocrx_word' id='word_1_127' title='bbox 732 1631 851 1686; x_wconf 86' lang='lat' dir='ltr'><strong>ceteres</strong></span> <span class='ocrx_word' id='word_1_128' title='bbox 865 1642 970 1688; x_wconf 81' lang='lat' dir='ltr'><strong>amnes</strong></span> <span class='ocrx_word' id='word_1_129' title='bbox 985 1625 1172 1705; x_wconf 69' lang='lat' dir='ltr'><strong>corripiente</strong></span> <span class='ocrx_word' id='word_1_130' title='bbox 1186 1626 1255 1689; x_wconf 78' lang='lat' dir='ltr'><strong>(lat.</strong></span> <span class='ocrx_word' id='word_1_131' title='bbox 1268 1623 1408 1700; x_wconf 81' lang='grc'><strong><em>111163),</em></strong></span> <span class='ocrx_word' id='word_1_132' title='bbox 1424 1622 1545 1686; x_wconf 88' lang='lat' dir='ltr'><strong>scilicet</strong></span> 
     </span>
     <span class='ocr_line' id='line_1_14' title="bbox 180 1724 1544 1808; baseline 0.001 -23"><span class='ocrx_word' id='word_1_133' title='bbox 180 1724 225 1786; x_wconf 85' lang='lat' dir='ltr'><strong>ab</strong></span> <span class='ocrx_word' id='word_1_134' title='bbox 241 1728 323 1805; x_wconf 81' lang='lat' dir='ltr'><strong>ipsa</strong></span> <span class='ocrx_word' id='word_1_135' title='bbox 336 1726 507 1805; x_wconf 75' lang='lat' dir='ltr'><strong>fortasse</strong></span> <span class='ocrx_word' id='word_1_136' title='bbox 521 1727 738 1790; x_wconf 80' lang='lat' dir='ltr'><strong>Aleaandra</strong></span> <span class='ocrx_word' id='word_1_137' title='bbox 754 1726 961 1789; x_wconf 72' lang='lat' dir='ltr'><strong>Philaletles</strong></span> <span class='ocrx_word' id='word_1_138' title='bbox 976 1726 1231 1806; x_wconf 82' lang='lat' dir='ltr'><strong>Asclepiaden</strong></span> <span class='ocrx_word' id='word_1_139' title='bbox 1245 1729 1356 1790; x_wconf 84' lang='lat' dir='ltr'><strong>caius</strong></span> <span class='ocrx_word' id='word_1_140' title='bbox 1371 1727 1544 1808; x_wconf 76' lang='lat' dir='ltr'><strong>painters</strong></span> 
     </span>
     <span class='ocr_line' id='line_1_15' title="bbox 179 1828 1544 1912; baseline 0.003 -24"><span class='ocrx_word' id='word_1_141' title='bbox 179 1831 246 1889; x_wconf 84' lang='grc' dir='ltr'>τῶν</span> <span class='ocrx_word' id='word_1_142' title='bbox 262 1828 482 1912; x_wconf 81' lang='grc' dir='ltr'>ἀρεσκόντων</span> <span class='ocrx_word' id='word_1_143' title='bbox 495 1830 652 1906; x_wconf 88' lang='lat' dir='ltr'><strong>(medica</strong></span> <span class='ocrx_word' id='word_1_144' title='bbox 666 1837 699 1892; x_wconf 89' lang='lat' dir='ltr'><strong>et</strong></span> <span class='ocrx_word' id='word_1_145' title='bbox 713 1830 818 1911; x_wconf 76' lang='lat' dir='ltr'><strong>ptysi</strong></span> <span class='ocrx_word' id='word_1_146' title='bbox 826 1830 976 1911; x_wconf 73' lang='lat' dir='ltr'><strong>alcaico</strong></span> <span class='ocrx_word' id='word_1_147' title='bbox 990 1830 1235 1892; x_wconf 86' lang='lat' dir='ltr'><strong>continentem</strong></span> <span class='ocrx_word' id='word_1_148' title='bbox 1252 1838 1290 1892; x_wconf 87' lang='lat' dir='ltr'><strong>at</strong></span> <span class='ocrx_word' id='word_1_149' title='bbox 1304 1831 1454 1912; x_wconf 76' lang='lat' dir='ltr'><strong>quintas</strong></span> <span class='ocrx_word' id='word_1_150' title='bbox 1468 1831 1544 1910; x_wconf 89' lang='lat' dir='ltr'><strong>epi·</strong></span> 
     </span>
     <span class='ocr_line' id='line_1_16' title="bbox 180 1929 1544 2014; baseline 0.004 -23"><span class='ocrx_word' id='word_1_151' title='bbox 180 1936 310 2007; x_wconf 80' lang='lat' dir='ltr'><strong>lamae)</strong></span> <span class='ocrx_word' id='word_1_152' title='bbox 327 1933 421 1994; x_wconf 91' lang='lat' dir='ltr'><strong>citat</strong></span> <span class='ocrx_word' id='word_1_153' title='bbox 437 1932 603 1994; x_wconf 82' lang='lat' dir='ltr'><strong>Galenus</strong></span> <span class='ocrx_word' id='word_1_154' title='bbox 623 1931 713 1994; x_wconf 87' lang='lat' dir='ltr'>VIII</span> <span class='ocrx_word' id='word_1_155' title='bbox 728 1932 807 1994; x_wconf 81' lang='lat'><strong><em>726.</em></strong></span> <span class='ocrx_word' id='word_1_156' title='bbox 837 1940 871 1995; x_wconf 91' lang='lat' dir='ltr'><strong>at</strong></span> <span class='ocrx_word' id='word_1_157' title='bbox 885 1933 962 1994; x_wconf 81' lang='lat' dir='ltr'><strong>dccc</strong></span> <span class='ocrx_word' id='word_1_158' title='bbox 976 1933 1095 1994; x_wconf 86' lang='lat' dir='ltr'><strong>incerta</strong></span> <span class='ocrx_word' id='word_1_159' title='bbox 1109 1941 1188 1993; x_wconf 84' lang='lat' dir='ltr'><strong>sunt.</strong></span> <span class='ocrx_word' id='word_1_160' title='bbox 1219 1930 1332 2013; x_wconf 81' lang='lat' dir='ltr'><strong>Immo,</strong></span> <span class='ocrx_word' id='word_1_161' title='bbox 1359 1929 1445 2014; x_wconf 88' lang='lat' dir='ltr'><strong>quod</strong></span> <span class='ocrx_word' id='word_1_162' title='bbox 1460 1947 1544 2014; x_wconf 74' lang='lat' dir='ltr'><strong>pace</strong></span> 
     </span>
     <span class='ocr_line' id='line_1_17' title="bbox 179 2030 1542 2116; baseline 0 -19"><span class='ocrx_word' id='word_1_163' title='bbox 179 2031 240 2097; x_wconf 83' lang='lat' dir='ltr'><strong>riri</strong></span> <span class='ocrx_word' id='word_1_164' title='bbox 262 2032 438 2099; x_wconf 80' lang='lat' dir='ltr'><strong>doctissimi</strong></span> <span class='ocrx_word' id='word_1_165' title='bbox 460 2033 596 2116; x_wconf 89' lang='lat' dir='ltr'><strong>dicatur,</strong></span> <span class='ocrx_word' id='word_1_166' title='bbox 618 2031 803 2099; x_wconf 84' lang='lat' dir='ltr'><strong>falsissima.</strong></span> <span class='ocrx_word' id='word_1_167' title='bbox 837 2032 954 2099; x_wconf 87' lang='lat' dir='ltr'><strong>sufficit</strong></span> <span class='ocrx_word' id='word_1_168' title='bbox 976 2040 1011 2098; x_wconf 87' lang='lat' dir='ltr'><strong>ut</strong></span> <span class='ocrx_word' id='word_1_169' title='bbox 1032 2032 1110 2116; x_wconf 87' lang='lat' dir='ltr'><strong>quid</strong></span> <span class='ocrx_word' id='word_1_170' title='bbox 1124 2031 1252 2098; x_wconf 86' lang='lat' dir='ltr'><strong>intersit</strong></span> <span class='ocrx_word' id='word_1_171' title='bbox 1265 2031 1350 2098; x_wconf 90' lang='lat' dir='ltr'><strong>inter</strong></span> <span class='ocrx_word' id='word_1_172' title='bbox 1362 2030 1542 2098; x_wconf 81' lang='lat' dir='ltr'><strong>Alexandri</strong></span> 
     </span>
     <span class='ocr_line' id='line_1_18' title="bbox 179 2132 1542 2219; baseline 0.001 -21"><span class='ocrx_word' id='word_1_173' title='bbox 179 2133 294 2200; x_wconf 89' lang='lat' dir='ltr'><strong>librum</strong></span> <span class='ocrx_word' id='word_1_174' title='bbox 318 2143 351 2203; x_wconf 91' lang='lat' dir='ltr'><strong>et</strong></span> <span class='ocrx_word' id='word_1_175' title='bbox 372 2141 502 2202; x_wconf 81' lang='lat' dir='ltr'><strong>uetusta</strong></span> <span class='ocrx_word' id='word_1_176' title='bbox 520 2133 646 2201; x_wconf 88' lang='lat' dir='ltr'><strong>Placita</strong></span> <span class='ocrx_word' id='word_1_177' title='bbox 668 2134 778 2217; x_wconf 85' lang='lat' dir='ltr'><strong>qualis</strong></span> <span class='ocrx_word' id='word_1_178' title='bbox 793 2135 887 2202; x_wconf 74' lang='lat' dir='ltr'><strong>Aetio</strong></span> <span class='ocrx_word' id='word_1_179' title='bbox 910 2135 953 2201; x_wconf 89' lang='lat' dir='ltr'><strong>ad</strong></span> <span class='ocrx_word' id='word_1_180' title='bbox 975 2154 1106 2200; x_wconf 89' lang='lat' dir='ltr'><strong>manum</strong></span> <span class='ocrx_word' id='word_1_181' title='bbox 1128 2132 1218 2200; x_wconf 85' lang='lat' dir='ltr'><strong>luero</strong></span> <span class='ocrx_word' id='word_1_182' title='bbox 1238 2133 1421 2219; x_wconf 82' lang='lat' dir='ltr'><strong>intellegas,</strong></span> <span class='ocrx_word' id='word_1_183' title='bbox 1434 2133 1542 2218; x_wconf 88' lang='lat' dir='ltr'><strong>ipsum</strong></span> 
     </span>
     <span class='ocr_line' id='line_1_19' title="bbox 180 2234 1545 2322; baseline 0.001 -21"><span class='ocrx_word' id='word_1_184' title='bbox 180 2234 297 2302; x_wconf 84' lang='lat' dir='ltr'><strong>Galeni</strong></span> <span class='ocrx_word' id='word_1_185' title='bbox 313 2237 419 2303; x_wconf 88' lang='lat' dir='ltr'><strong>locum</strong></span> <span class='ocrx_word' id='word_1_186' title='bbox 435 2238 610 2304; x_wconf 85' lang='lat' dir='ltr'><strong>subnotare</strong></span> <span class='ocrx_word' id='word_1_187' title='bbox 625 2237 643 2301; x_wconf 85' lang='lat'><strong>¹.</strong></span> <span class='ocrx_word' id='word_1_188' title='bbox 678 2236 802 2304; x_wconf 91' lang='lat' dir='ltr'><strong>scilicet</strong></span> <span class='ocrx_word' id='word_1_189' title='bbox 816 2245 1040 2322; x_wconf 81' lang='lat' dir='ltr'><strong>argumentum</strong></span> <span class='ocrx_word' id='word_1_190' title='bbox 1056 2258 1097 2304; x_wconf 85' lang='lat' dir='ltr'><strong>ex</strong></span> <span class='ocrx_word' id='word_1_191' title='bbox 1120 2235 1300 2303; x_wconf 89' lang='lat' dir='ltr'><strong>medicinae</strong></span> <span class='ocrx_word' id='word_1_192' title='bbox 1321 2235 1545 2321; x_wconf 83' lang='lat' dir='ltr'><strong>penetralibus</strong></span> 
     </span>
     <span class='ocr_line' id='line_1_20' title="bbox 178 2337 1542 2424; baseline 0.002 -22"><span class='ocrx_word' id='word_1_193' title='bbox 178 2337 314 2420; x_wconf 90' lang='lat' dir='ltr'><strong>petitum</strong></span> <span class='ocrx_word' id='word_1_194' title='bbox 337 2340 423 2422; x_wconf 88' lang='lat' dir='ltr'><strong>quod</strong></span> <span class='ocrx_word' id='word_1_195' title='bbox 439 2340 521 2405; x_wconf 90' lang='lat' dir='ltr'><strong>nihil</strong></span> <span class='ocrx_word' id='word_1_196' title='bbox 535 2337 676 2424; x_wconf 83' lang='lat' dir='ltr'><strong>pertinet</strong></span> <span class='ocrx_word' id='word_1_197' title='bbox 690 2338 733 2404; x_wconf 88' lang='lat' dir='ltr'><strong>ad</strong></span> <span class='ocrx_word' id='word_1_198' title='bbox 749 2341 961 2406; x_wconf 88' lang='lat' dir='ltr'><strong>animantium</strong></span> <span class='ocrx_word' id='word_1_199' title='bbox 976 2346 1126 2406; x_wconf 86' lang='lat' dir='ltr'><strong>naturam</strong></span> <span class='ocrx_word' id='word_1_200' title='bbox 1140 2339 1230 2406; x_wconf 81' lang='lat' dir='ltr'><strong>velut</strong></span> <span class='ocrx_word' id='word_1_201' title='bbox 1251 2339 1271 2404; x_wconf 88' lang='lat' dir='ltr'><strong>l.</strong></span> <span class='ocrx_word' id='word_1_202' title='bbox 1287 2338 1317 2403; x_wconf 88' lang='lat' dir='ltr'>V</span> <span class='ocrx_word' id='word_1_203' title='bbox 1332 2338 1542 2423; x_wconf 75' lang='lat' dir='ltr'><strong>placitorum,</strong></span> 
     </span>
     <span class='ocr_line' id='line_1_21' title="bbox 179 2439 1543 2527; baseline 0.002 -23"><span class='ocrx_word' id='word_1_204' title='bbox 179 2446 246 2504; x_wconf 91' lang='lat' dir='ltr'><strong>turn</strong></span> <span class='ocrx_word' id='word_1_205' title='bbox 276 2439 450 2508; x_wconf 88' lang='lat' dir='ltr'><strong>definiendi</strong></span> <span class='ocrx_word' id='word_1_206' title='bbox 479 2440 643 2508; x_wconf 85' lang='lat' dir='ltr'><strong>accuratio</strong></span> <span class='ocrx_word' id='word_1_207' title='bbox 672 2461 805 2525; x_wconf 91' lang='lat' dir='ltr'><strong>prorsus</strong></span> <span class='ocrx_word' id='word_1_208' title='bbox 825 2442 1022 2527; x_wconf 85' lang='lat' dir='ltr'><strong>discrepant.</strong></span> <span class='ocrx_word' id='word_1_209' title='bbox 1066 2442 1164 2525; x_wconf 90' lang='lat' dir='ltr'><strong>paulo</strong></span> <span class='ocrx_word' id='word_1_210' title='bbox 1187 2439 1294 2524; x_wconf 88' lang='lat' dir='ltr'><strong>aptior</strong></span> <span class='ocrx_word' id='word_1_211' title='bbox 1316 2447 1365 2506; x_wconf 88' lang='lat' dir='ltr'><strong>est</strong></span> <span class='ocrx_word' id='word_1_212' title='bbox 1387 2441 1478 2506; x_wconf 88' lang='lat' dir='ltr'><strong>locus</strong></span> <span class='ocrx_word' id='word_1_213' title='bbox 1499 2439 1543 2507; x_wconf 90' lang='lat' dir='ltr'><strong>de</strong></span> 
     </span>
     <span class='ocr_line' id='line_1_22' title="bbox 179 2541 1544 2630; baseline 0.002 -23"><span class='ocrx_word' id='word_1_214' title='bbox 179 2541 302 2609; x_wconf 85' lang='lat' dir='ltr'><strong>semine</strong></span> <span class='ocrx_word' id='word_1_215' title='bbox 324 2563 365 2610; x_wconf 85' lang='lat' dir='ltr'><strong>ex</strong></span> <span class='ocrx_word' id='word_1_216' title='bbox 381 2543 552 2611; x_wconf 82' lang='lat' dir='ltr'><strong>Theodoro</strong></span> <span class='ocrx_word' id='word_1_217' title='bbox 568 2543 696 2628; x_wconf 84' lang='lat' dir='ltr'><strong>citatus,</strong></span> <span class='ocrx_word' id='word_1_218' title='bbox 719 2544 778 2611; x_wconf 91' lang='lat' dir='ltr'><strong>sed</strong></span> <span class='ocrx_word' id='word_1_219' title='bbox 800 2545 828 2611; x_wconf 81' lang='lat' dir='ltr'><strong>in</strong></span> <span class='ocrx_word' id='word_1_220' title='bbox 851 2565 891 2612; x_wconf 84' lang='lat' dir='ltr'><strong>ex</strong></span> <span class='ocrx_word' id='word_1_221' title='bbox 913 2544 1016 2610; x_wconf 90' lang='lat' dir='ltr'><strong>libro</strong></span> <span class='ocrx_word' id='word_1_222' title='bbox 1038 2544 1161 2630; x_wconf 89' lang='lat' dir='ltr'><strong>primo</strong></span> <span class='ocrx_word' id='word_1_223' title='bbox 1184 2544 1234 2608; x_wconf 92' lang='lat' dir='ltr'><strong>de</strong></span> <span class='ocrx_word' id='word_1_224' title='bbox 1255 2543 1399 2610; x_wconf 89' lang='lat' dir='ltr'><strong>semine</strong></span> <span class='ocrx_word' id='word_1_225' title='bbox 1420 2541 1544 2627; x_wconf 87' lang='lat' dir='ltr'><strong>petitus</strong></span> 
     </span>
     <span class='ocr_line' id='line_1_23' title="bbox 179 2644 1541 2731; baseline 0.004 -23"><span class='ocrx_word' id='word_1_226' title='bbox 179 2644 303 2731; x_wconf 84' lang='lat' dir='ltr'><strong>dicitur,</strong></span> <span class='ocrx_word' id='word_1_227' title='bbox 326 2666 421 2730; x_wconf 91' lang='lat' dir='ltr'><strong>quem</strong></span> <span class='ocrx_word' id='word_1_228' title='bbox 452 2666 518 2713; x_wconf 94' lang='lat' dir='ltr'><strong>non</strong></span> <span class='ocrx_word' id='word_1_229' title='bbox 543 2665 659 2712; x_wconf 90' lang='lat' dir='ltr'><strong>vereor</strong></span> <span class='ocrx_word' id='word_1_230' title='bbox 685 2667 727 2713; x_wconf 92' lang='lat' dir='ltr'><strong>ne</strong></span> <span class='ocrx_word' id='word_1_231' title='bbox 756 2647 827 2731; x_wconf 88' lang='lat' dir='ltr'><strong>quis</strong></span> <span class='ocrx_word' id='word_1_232' title='bbox 848 2648 988 2713; x_wconf 86' lang='lat' dir='ltr'><strong>Roseum</strong></span> <span class='ocrx_word' id='word_1_233' title='bbox 1010 2647 1154 2712; x_wconf 87' lang='lat' dir='ltr'><strong>imitatus</strong></span> <span class='ocrx_word' id='word_1_234' title='bbox 1177 2666 1248 2712; x_wconf 91' lang='lat' dir='ltr'><strong>cnm</strong></span> <span class='ocrx_word' id='word_1_235' title='bbox 1270 2645 1330 2711; x_wconf 91' lang='lat' dir='ltr'><strong>illo</strong></span> <span class='ocrx_word' id='word_1_236' title='bbox 1352 2644 1541 2713; x_wconf 76' lang='lat' dir='ltr'><strong>confundat</strong></span> 
     </span>
     <span class='ocr_line' id='line_1_24' title="bbox 179 2747 1544 2833; baseline 0.001 -21"><span class='ocrx_word' id='word_1_237' title='bbox 179 2748 237 2814; x_wconf 93' lang='lat' dir='ltr'><strong>sed</strong></span> <span class='ocrx_word' id='word_1_238' title='bbox 260 2748 293 2814; x_wconf 92' lang='lat' dir='ltr'><strong>in</strong></span> <span class='ocrx_word' id='word_1_239' title='bbox 315 2749 377 2815; x_wconf 93' lang='lat' dir='ltr'><strong>hoo</strong></span> <span class='ocrx_word' id='word_1_240' title='bbox 398 2747 602 2816; x_wconf 84' lang='lat' dir='ltr'><strong>conlectandi</strong></span> <span class='ocrx_word' id='word_1_241' title='bbox 624 2768 744 2833; x_wconf 83' lang='lat' dir='ltr'><strong>genere</strong></span> <span class='ocrx_word' id='word_1_242' title='bbox 765 2747 886 2814; x_wconf 91' lang='lat' dir='ltr'><strong>diutius</strong></span> <span class='ocrx_word' id='word_1_243' title='bbox 906 2749 1026 2815; x_wconf 87' lang='lat' dir='ltr'><strong>morari</strong></span> <span class='ocrx_word' id='word_1_244' title='bbox 1048 2749 1134 2815; x_wconf 89' lang='lat' dir='ltr'><strong>nolo.</strong></span> <span class='ocrx_word' id='word_1_245' title='bbox 1171 2768 1247 2814; x_wconf 89' lang='lat' dir='ltr'><strong>nam</strong></span> <span class='ocrx_word' id='word_1_246' title='bbox 1266 2749 1339 2829; x_wconf 83' lang='lat' dir='ltr'><strong>plns</strong></span> <span class='ocrx_word' id='word_1_247' title='bbox 1360 2750 1442 2812; x_wconf 90' lang='lat' dir='ltr'><strong>scire</strong></span> <span class='ocrx_word' id='word_1_248' title='bbox 1462 2750 1544 2814; x_wconf 81' lang='lat' dir='ltr'><strong>cette</strong></span> 
     </span>
     <span class='ocr_line' id='line_1_25' title="bbox 178 2849 1543 2935; baseline 0.003 -20"><span class='ocrx_word' id='word_1_249' title='bbox 178 2849 226 2919; x_wconf 87' lang='lat' dir='ltr'><strong>ait</strong></span> <span class='ocrx_word' id='word_1_250' title='bbox 254 2851 381 2919; x_wconf 85' lang='lat' dir='ltr'><strong>Seneca</strong></span> <span class='ocrx_word' id='word_1_251' title='bbox 403 2870 496 2934; x_wconf 83' lang='lat' dir='ltr'><strong>qaam</strong></span> <span class='ocrx_word' id='word_1_252' title='bbox 516 2853 558 2915; x_wconf 86' lang='lat' dir='ltr'><strong>sit</strong></span> <span class='ocrx_word' id='word_1_253' title='bbox 585 2856 679 2930; x_wconf 83' lang='lat' dir='ltr'><strong>satis,</strong></span> <span class='ocrx_word' id='word_1_254' title='bbox 705 2854 960 2934; x_wconf 79' lang='lat' dir='ltr'><strong>intemperantiae</strong></span> <span class='ocrx_word' id='word_1_255' title='bbox 986 2871 1061 2916; x_wconf 88' lang='lat' dir='ltr'><strong>esse.</strong></span> <span class='ocrx_word' id='word_1_256' title='bbox 1095 2869 1202 2935; x_wconf 87' lang='lat' dir='ltr'><strong>neque</strong></span> <span class='ocrx_word' id='word_1_257' title='bbox 1224 2868 1285 2933; x_wconf 77' lang='lat' dir='ltr'><strong>ego</strong></span> <span class='ocrx_word' id='word_1_258' title='bbox 1306 2849 1340 2914; x_wconf 93' lang='lat' dir='ltr'><strong>in</strong></span> <span class='ocrx_word' id='word_1_259' title='bbox 1362 2853 1456 2916; x_wconf 69' lang='lat' dir='ltr'><strong>tunm</strong></span> <span class='ocrx_word' id='word_1_260' title='bbox 1476 2870 1543 2919; x_wconf 84' lang='lat' dir='ltr'><strong>me-</strong></span> 
     </span>
     <span class='ocr_line' id='line_1_26' title="bbox 180 2952 1542 3039; baseline 0.002 -22"><span class='ocrx_word' id='word_1_261' title='bbox 180 2953 302 3019; x_wconf 90' lang='lat' dir='ltr'><strong>moriae</strong></span> <span class='ocrx_word' id='word_1_262' title='bbox 330 2952 525 3019; x_wconf 88' lang='lat' dir='ltr'><strong>obscuritate</strong></span> <span class='ocrx_word' id='word_1_263' title='bbox 557 2953 676 3019; x_wconf 87' lang='lat' dir='ltr'><strong>vetusti</strong></span> <span class='ocrx_word' id='word_1_264' title='bbox 702 2954 898 3022; x_wconf 89' lang='lat' dir='ltr'><strong>Placitorum</strong></span> <span class='ocrx_word' id='word_1_265' title='bbox 926 2953 1109 3022; x_wconf 84' lang='lat' dir='ltr'><strong>collectorIs</strong></span> <span class='ocrx_word' id='word_1_266' title='bbox 1134 2972 1254 3019; x_wconf 88' lang='lat' dir='ltr'><strong>nomen</strong></span> <span class='ocrx_word' id='word_1_267' title='bbox 1284 2971 1372 3019; x_wconf 81' lang='lat' dir='ltr'><strong>vano</strong></span> <span class='ocrx_word' id='word_1_268' title='bbox 1400 2953 1542 3039; x_wconf 89' lang='lat' dir='ltr'><strong>aucupio</strong></span> 
     </span>
     <span class='ocr_line' id='line_1_27' title="bbox 179 3053 1542 3141; baseline 0.004 -24"><span class='ocrx_word' id='word_1_269' title='bbox 179 3055 337 3121; x_wconf 85' lang='lat' dir='ltr'><strong>sectabor.</strong></span> <span class='ocrx_word' id='word_1_270' title='bbox 382 3061 417 3121; x_wconf 92' lang='lat' dir='ltr'><strong>at</strong></span> <span class='ocrx_word' id='word_1_271' title='bbox 439 3054 568 3138; x_wconf 87' lang='lat' dir='ltr'><strong>quando</strong></span> <span class='ocrx_word' id='word_1_272' title='bbox 591 3057 729 3122; x_wconf 86' lang='lat' dir='ltr'><strong>collecta</strong></span> <span class='ocrx_word' id='word_1_273' title='bbox 748 3056 813 3123; x_wconf 91' lang='lat' dir='ltr'><strong>sint</strong></span> <span class='ocrx_word' id='word_1_274' title='bbox 835 3063 868 3124; x_wconf 90' lang='lat' dir='ltr'><strong>et</strong></span> <span class='ocrx_word' id='word_1_275' title='bbox 889 3077 910 3122; x_wconf 92' lang='lat' dir='ltr'><strong>a</strong></span> <span class='ocrx_word' id='word_1_276' title='bbox 931 3055 1020 3141; x_wconf 89' lang='lat' dir='ltr'><strong>quali</strong></span> <span class='ocrx_word' id='word_1_277' title='bbox 1041 3053 1173 3121; x_wconf 86' lang='lat' dir='ltr'><strong>homino</strong></span> <span class='ocrx_word' id='word_1_278' title='bbox 1193 3054 1330 3139; x_wconf 84' lang='lat' dir='ltr'><strong>primum</strong></span> <span class='ocrx_word' id='word_1_279' title='bbox 1353 3054 1542 3140; x_wconf 85' lang='lat' dir='ltr'><strong>compilata,</strong></span> 
     </span>
     <span class='ocr_line' id='line_1_28' title="bbox 180 3155 1203 3243; baseline 0.002 -23"><span class='ocrx_word' id='word_1_280' title='bbox 180 3155 241 3220; x_wconf 91' lang='lat' dir='ltr'><strong>hoo</strong></span> <span class='ocrx_word' id='word_1_281' title='bbox 261 3156 443 3222; x_wconf 84' lang='lat' dir='ltr'><strong>accuratius</strong></span> <span class='ocrx_word' id='word_1_282' title='bbox 465 3156 688 3224; x_wconf 87' lang='lat' dir='ltr'><strong>demonstrare</strong></span> <span class='ocrx_word' id='word_1_283' title='bbox 709 3179 895 3243; x_wconf 77' lang='lat' dir='ltr'><strong>possumus,</strong></span> <span class='ocrx_word' id='word_1_284' title='bbox 917 3158 1016 3223; x_wconf 91' lang='lat' dir='ltr'><strong>immo</strong></span> <span class='ocrx_word' id='word_1_285' title='bbox 1038 3155 1203 3223; x_wconf 87' lang='lat' dir='ltr'><strong>debemus.</strong></span> 
     </span>
    </p>

    <p class='ocr_par' dir='ltr' id='par_1_4' title="bbox 177 3255 1554 4062">
     <span class='ocr_line' id='line_1_29' title="bbox 273 3255 1554 3346; baseline 0.007 -23"><span class='ocrx_word' id='word_1_286' title='bbox 273 3255 343 3335; x_wconf 82' lang='lat' dir='ltr'><strong>Quo</strong></span> <span class='ocrx_word' id='word_1_287' title='bbox 369 3260 403 3325; x_wconf 92' lang='lat' dir='ltr'><strong>in</strong></span> <span class='ocrx_word' id='word_1_288' title='bbox 428 3260 562 3343; x_wconf 82' lang='lat' dir='ltr'><strong>negotIo</strong></span> <span class='ocrx_word' id='word_1_289' title='bbox 594 3260 765 3326; x_wconf 86' lang='lat' dir='ltr'><strong>severioris</strong></span> <span class='ocrx_word' id='word_1_290' title='bbox 792 3260 992 3344; x_wconf 85' lang='lat' dir='ltr'><strong>quaestionis</strong></span> <span class='ocrx_word' id='word_1_291' title='bbox 1019 3258 1163 3326; x_wconf 88' lang='lat' dir='ltr'><strong>laborem</strong></span> <span class='ocrx_word' id='word_1_292' title='bbox 1190 3279 1233 3325; x_wconf 91' lang='lat' dir='ltr'><strong>ne</strong></span> <span class='ocrx_word' id='word_1_293' title='bbox 1259 3259 1554 3346; x_wconf 59' lang='lat' dir='ltr'><strong>subterfugiamus.</strong></span> 
     </span>
     <span class='ocr_line' id='line_1_30' title="bbox 180 3360 1544 3448; baseline 0.005 -26"><span class='ocrx_word' id='word_1_294' title='bbox 180 3378 244 3441; x_wconf 87' lang='lat' dir='ltr'><strong>quo</strong></span> <span class='ocrx_word' id='word_1_295' title='bbox 266 3360 464 3444; x_wconf 86' lang='lat' dir='ltr'><strong>longioribus</strong></span> <span class='ocrx_word' id='word_1_296' title='bbox 486 3360 686 3427; x_wconf 84' lang='lat' dir='ltr'><strong>anfractibus</strong></span> <span class='ocrx_word' id='word_1_297' title='bbox 709 3362 839 3428; x_wconf 86' lang='lat' dir='ltr'><strong>tandem</strong></span> <span class='ocrx_word' id='word_1_298' title='bbox 862 3363 895 3428; x_wconf 91' lang='lat' dir='ltr'><strong>in</strong></span> <span class='ocrx_word' id='word_1_299' title='bbox 917 3371 1038 3431; x_wconf 89' lang='lat' dir='ltr'><strong>rectam</strong></span> <span class='ocrx_word' id='word_1_300' title='bbox 1060 3361 1147 3428; x_wconf 79' lang='lat' dir='ltr'><strong>viam</strong></span> <span class='ocrx_word' id='word_1_301' title='bbox 1165 3362 1401 3446; x_wconf 75' lang='lat' dir='ltr'><strong>perveniemus.</strong></span> <span class='ocrx_word' id='word_1_302' title='bbox 1434 3362 1544 3448; x_wconf 87' lang='lat' dir='ltr'><strong>dispu-</strong></span> 
     </span>
     <span class='ocr_line' id='line_1_31' title="bbox 179 3463 1541 3549; baseline 0.005 -24"><span class='ocrx_word' id='word_1_303' title='bbox 179 3467 304 3527; x_wconf 89' lang='lat' dir='ltr'><strong>taturus</strong></span> <span class='ocrx_word' id='word_1_304' title='bbox 326 3483 396 3528; x_wconf 90' lang='lat' dir='ltr'><strong>sum</strong></span> <span class='ocrx_word' id='word_1_305' title='bbox 418 3464 460 3530; x_wconf 90' lang='lat' dir='ltr'><strong>de</strong></span> <span class='ocrx_word' id='word_1_306' title='bbox 474 3464 660 3530; x_wconf 85' lang='lat' dir='ltr'><strong>Varronis</strong></span> <span class='ocrx_word' id='word_1_307' title='bbox 683 3463 899 3546; x_wconf 81' lang='lat' dir='ltr'><strong>loghistoricis</strong></span> <span class='ocrx_word' id='word_1_308' title='bbox 914 3473 947 3531; x_wconf 90' lang='lat' dir='ltr'><strong>et</strong></span> <span class='ocrx_word' id='word_1_309' title='bbox 961 3466 1098 3549; x_wconf 85' lang='lat' dir='ltr'><strong>prImum</strong></span> <span class='ocrx_word' id='word_1_310' title='bbox 1113 3465 1242 3548; x_wconf 89' lang='lat' dir='ltr'><strong>quidem</strong></span> <span class='ocrx_word' id='word_1_311' title='bbox 1262 3464 1304 3530; x_wconf 97' lang='lat' dir='ltr'><strong>de</strong></span> <span class='ocrx_word' id='word_1_312' title='bbox 1319 3463 1541 3532; x_wconf 85' lang='lat' dir='ltr'><strong>Censorino.</strong></span> 
     </span>
     <span class='ocr_line' id='line_1_32' title="bbox 179 3564 1543 3648; baseline 0.004 -20"><span class='ocrx_word' id='word_1_313' title='bbox 179 3584 241 3628; x_wconf 87' lang='lat' dir='ltr'><strong>non</strong></span> <span class='ocrx_word' id='word_1_314' title='bbox 268 3577 368 3648; x_wconf 83' lang='lat' dir='ltr'><strong>potest</strong></span> <span class='ocrx_word' id='word_1_315' title='bbox 397 3567 522 3630; x_wconf 78' lang='lat' dir='ltr'><strong>datiam</strong></span> <span class='ocrx_word' id='word_1_316' title='bbox 554 3586 636 3644; x_wconf 85' lang='lat' dir='ltr'><strong>esse,</strong></span> <span class='ocrx_word' id='word_1_317' title='bbox 664 3565 769 3648; x_wconf 89' lang='lat' dir='ltr'><strong>inquit</strong></span> <span class='ocrx_word' id='word_1_318' title='bbox 798 3564 835 3632; x_wconf 90' lang='grc' dir='ltr'><strong>Ο.</strong></span> <span class='ocrx_word' id='word_1_319' title='bbox 857 3566 992 3633; x_wconf 90' lang='lat' dir='ltr'><strong>Iahnius</strong></span> <span class='ocrx_word' id='word_1_320' title='bbox 1017 3567 1067 3632; x_wconf 84' lang='lat' dir='ltr'><strong>vir</strong></span> <span class='ocrx_word' id='word_1_321' title='bbox 1093 3565 1298 3631; x_wconf 85' lang='lat' dir='ltr'><strong>cautissimus</strong></span> <span class='ocrx_word' id='word_1_322' title='bbox 1326 3571 1359 3632; x_wconf 91' lang='lat' dir='ltr'><strong>et</strong></span> <span class='ocrx_word' id='word_1_323' title='bbox 1381 3585 1402 3631; x_wconf 89' lang='lat' dir='ltr'><strong>a</strong></span> <span class='ocrx_word' id='word_1_324' title='bbox 1423 3565 1543 3633; x_wconf 80' lang='lat' dir='ltr'><strong>frivole</strong></span> 
     </span>
     <span class='ocr_line' id='line_1_33' title="bbox 177 3665 1543 3756; baseline 0.001 -25"><span class='ocrx_word' id='word_1_325' title='bbox 177 3665 313 3733; x_wconf 87' lang='lat' dir='ltr'><strong>fontium</strong></span> <span class='ocrx_word' id='word_1_326' title='bbox 335 3669 510 3736; x_wconf 86' lang='lat' dir='ltr'><strong>venatione</strong></span> <span class='ocrx_word' id='word_1_327' title='bbox 532 3668 763 3735; x_wconf 87' lang='lat' dir='ltr'><strong>remotissimus</strong></span> <span class='ocrx_word' id='word_1_328' title='bbox 794 3667 906 3756; x_wconf 85' lang='lat' dir='ltr'><strong>[praef.</strong></span> <span class='ocrx_word' id='word_1_329' title='bbox 929 3691 961 3753; x_wconf 88' lang='lat' dir='ltr'><strong>p.</strong></span> <span class='ocrx_word' id='word_1_330' title='bbox 980 3665 1061 3754; x_wconf 74' lang='lat' dir='ltr'><strong>arnoll,</strong></span> <span class='ocrx_word' id='word_1_331' title='bbox 1095 3671 1169 3750; x_wconf 84' lang='lat' dir='ltr'><strong>quin</strong></span> <span class='ocrx_word' id='word_1_332' title='bbox 1198 3669 1297 3732; x_wconf 89' lang='lat' dir='ltr'><strong>Varro</strong></span> <span class='ocrx_word' id='word_1_333' title='bbox 1319 3672 1347 3732; x_wconf 86' lang='lat' dir='ltr'><strong>is</strong></span> <span class='ocrx_word' id='word_1_334' title='bbox 1368 3678 1481 3733; x_wconf 85' lang='lat' dir='ltr'><strong>auctor</strong></span> <span class='ocrx_word' id='word_1_335' title='bbox 1502 3672 1543 3733; x_wconf 88' lang='lat' dir='ltr'><strong>sit</strong></span> 
     </span>
     <span class='ocr_line' id='line_1_34' title="bbox 180 3773 1542 3855; baseline 0.004 -23"><span class='ocrx_word' id='word_1_336' title='bbox 180 3791 267 3853; x_wconf 84' lang='lat' dir='ltr'><strong>quem</strong></span> <span class='ocrx_word' id='word_1_337' title='bbox 288 3774 400 3855; x_wconf 83' lang='lat' dir='ltr'><strong>atique</strong></span> <span class='ocrx_word' id='word_1_338' title='bbox 420 3776 488 3855; x_wconf 73' lang='lat' dir='ltr'><strong>fere</strong></span> <span class='ocrx_word' id='word_1_339' title='bbox 509 3783 633 3838; x_wconf 87' lang='lat' dir='ltr'><strong>secutas</strong></span> <span class='ocrx_word' id='word_1_340' title='bbox 654 3783 699 3838; x_wconf 88' lang='lat' dir='ltr'><strong>est</strong></span> <span class='ocrx_word' id='word_1_341' title='bbox 717 3774 914 3850; x_wconf 82' lang='lat' dir='ltr'><strong>Censorinus,</strong></span> <span class='ocrx_word' id='word_1_342' title='bbox 937 3775 1025 3834; x_wconf 80' lang='lat' dir='ltr'><strong>coires</strong></span> <span class='ocrx_word' id='word_1_343' title='bbox 1042 3791 1110 3834; x_wconf 90' lang='lat' dir='ltr'><strong>cum</strong></span> <span class='ocrx_word' id='word_1_344' title='bbox 1124 3773 1306 3853; x_wconf 81' lang='lat' dir='ltr'><strong>saepissime</strong></span> <span class='ocrx_word' id='word_1_345' title='bbox 1327 3773 1394 3851; x_wconf 83' lang='lat' dir='ltr'><strong>ipse</strong></span> <span class='ocrx_word' id='word_1_346' title='bbox 1408 3776 1542 3837; x_wconf 76' lang='lat' dir='ltr'><strong>memia-</strong></span> 
     </span>
     <span class='ocr_line' id='line_1_35' title="bbox 180 3875 1543 3958; baseline 0.003 -23"><span class='ocrx_word' id='word_1_347' title='bbox 180 3893 247 3936; x_wconf 88' lang='lat' dir='ltr'><strong>nem</strong></span> <span class='ocrx_word' id='word_1_348' title='bbox 267 3876 369 3954; x_wconf 71' lang='lat' dir='ltr'><strong>saciat</strong></span> <span class='ocrx_word' id='word_1_349' title='bbox 391 3885 454 3939; x_wconf 85' lang='lat' dir='ltr'><strong>tam</strong></span> <span class='ocrx_word' id='word_1_350' title='bbox 476 3879 549 3940; x_wconf 89' lang='lat' dir='ltr'><strong>aliis</strong></span> <span class='ocrx_word' id='word_1_351' title='bbox 572 3879 650 3940; x_wconf 88' lang='lat' dir='ltr'><strong>locis</strong></span> <span class='ocrx_word' id='word_1_352' title='bbox 671 3878 821 3958; x_wconf 72' lang='lat' dir='ltr'><strong>hodieque</strong></span> <span class='ocrx_word' id='word_1_353' title='bbox 841 3877 972 3957; x_wconf 82' lang='lat' dir='ltr'><strong>probari</strong></span> <span class='ocrx_word' id='word_1_354' title='bbox 984 3883 1086 3956; x_wconf 82' lang='lat' dir='ltr'><strong>potest</strong></span> <span class='ocrx_word' id='word_1_355' title='bbox 1102 3894 1169 3937; x_wconf 86' lang='lat' dir='ltr'><strong>eum</strong></span> <span class='ocrx_word' id='word_1_356' title='bbox 1192 3875 1340 3937; x_wconf 86' lang='lat' dir='ltr'><strong>Varronis</strong></span> <span class='ocrx_word' id='word_1_357' title='bbox 1355 3877 1543 3939; x_wconf 85' lang='lat' dir='ltr'><strong>auctoritate</strong></span> 
     </span>
     <span class='ocr_line' id='line_1_36' title="bbox 179 3977 1542 4062; baseline 0.003 -25"><span class='ocrx_word' id='word_1_358' title='bbox 179 3995 267 4039; x_wconf 87' lang='lat' dir='ltr'><strong>asam</strong></span> <span class='ocrx_word' id='word_1_359' title='bbox 290 3998 357 4041; x_wconf 89' lang='lat' dir='ltr'><strong>esse</strong></span> <span class='ocrx_word' id='word_1_360' title='bbox 378 3988 406 4042; x_wconf 88' lang='lat' dir='ltr'><strong>et</strong></span> <span class='ocrx_word' id='word_1_361' title='bbox 428 4000 467 4042; x_wconf 84' lang='lat' dir='ltr'><strong>ec</strong></span> <span class='ocrx_word' id='word_1_362' title='bbox 489 3981 660 4043; x_wconf 87' lang='lat' dir='ltr'><strong>doctissimi</strong></span> <span class='ocrx_word' id='word_1_363' title='bbox 679 3981 741 4044; x_wconf 88' lang='lat' dir='ltr'><strong>oiri</strong></span> <span class='ocrx_word' id='word_1_364' title='bbox 762 3979 936 4062; x_wconf 71' lang='lat' dir='ltr'><strong>iacentibus</strong></span> <span class='ocrx_word' id='word_1_365' title='bbox 958 3978 1076 4040; x_wconf 79' lang='lat' dir='ltr'><strong>diuitiis</strong></span> <span class='ocrx_word' id='word_1_366' title='bbox 1103 3977 1244 4057; x_wconf 86' lang='lat' dir='ltr'><strong>copiolas</strong></span> <span class='ocrx_word' id='word_1_367' title='bbox 1269 3995 1344 4039; x_wconf 86' lang='lat' dir='ltr'><strong>suas</strong></span> <span class='ocrx_word' id='word_1_368' title='bbox 1372 3977 1542 4041; x_wconf 85' lang='lat' dir='ltr'><strong>derivasse.</strong></span> 
     </span>
    </p>
   </div>
   <div class='ocr_carea' id='block_1_4' title="bbox 179 4133 581 4145">
    <p class='ocr_par' dir='ltr' id='par_1_5' title="bbox 179 4133 581 4145">
     <span class='ocr_line' id='line_1_37' title="bbox 179 4133 581 4145; baseline 0.015 -7"><span class='ocrx_word' id='word_1_369' title='bbox 179 4133 316 4141; x_wconf 76' lang='lat'>.--.—...</span> <span class='ocrx_word' id='word_1_370' title='bbox 323 4135 340 4141; x_wconf 79' lang='lat'><strong>-.</strong></span> <span class='ocrx_word' id='word_1_371' title='bbox 348 4136 355 4141; x_wconf 91' lang='lat'>.</span> <span class='ocrx_word' id='word_1_372' title='bbox 363 4136 581 4145; x_wconf 70' lang='lat'>...--——.-</span> 
     </span>
    </p>
   </div>
   <div class='ocr_carea' id='block_1_5' title="bbox 178 4213 1544 4978">
    <p class='ocr_par' dir='ltr' id='par_1_6' title="bbox 178 4213 1544 4978">
     <span class='ocr_line' id='line_1_38' title="bbox 253 4213 1544 4289; baseline 0.003 -22"><span class='ocrx_word' id='word_1_373' title='bbox 253 4214 259 4246; x_wconf 94' lang='lat'><strong>¹</strong></span> <span class='ocrx_word' id='word_1_374' title='bbox 280 4218 337 4268; x_wconf 88' lang='lat' dir='ltr'><strong>Gal.</strong></span> <span class='ocrx_word' id='word_1_375' title='bbox 357 4221 389 4268; x_wconf 85' lang='lat' dir='ltr'><strong>de</strong></span> <span class='ocrx_word' id='word_1_376' title='bbox 407 4221 473 4285; x_wconf 89' lang='lat' dir='ltr'><strong>puls.</strong></span> <span class='ocrx_word' id='word_1_377' title='bbox 493 4223 531 4272; x_wconf 89' lang='lat' dir='ltr'><strong>1v</strong></span> <span class='ocrx_word' id='word_1_378' title='bbox 552 4222 567 4272; x_wconf 89' lang='grc'>4</span> <span class='ocrx_word' id='word_1_379' title='bbox 597 4221 663 4269; x_wconf 93' lang='lat' dir='ltr'>VIII</span> <span class='ocrx_word' id='word_1_380' title='bbox 682 4216 733 4270; x_wconf 75' lang='lat'><strong>725</strong></span> <span class='ocrx_word' id='word_1_381' title='bbox 752 4215 767 4268; x_wconf 83' lang='lat' dir='ltr'><strong>d</strong></span> <span class='ocrx_word' id='word_1_382' title='bbox 784 4233 810 4284; x_wconf 79' lang='grc' dir='ltr'><strong>γε</strong></span> <span class='ocrx_word' id='word_1_383' title='bbox 829 4215 880 4284; x_wconf 78' lang='grc' dir='ltr'><strong>μὴν</strong></span> <span class='ocrx_word' id='word_1_384' title='bbox 894 4213 1051 4286; x_wconf 80' lang='grc' dir='ltr'>Ἡροφίλειος</span> <span class='ocrx_word' id='word_1_385' title='bbox 1069 4213 1224 4286; x_wconf 72' lang='grc' dir='ltr'>Ἀλέξανδρος</span> <span class='ocrx_word' id='word_1_386' title='bbox 1242 4215 1256 4268; x_wconf 85' lang='grc' dir='ltr'>ό</span> <span class='ocrx_word' id='word_1_387' title='bbox 1274 4213 1422 4287; x_wconf 69' lang='grc' dir='ltr'>Φιλαλήίίρς</span> <span class='ocrx_word' id='word_1_388' title='bbox 1440 4217 1544 4289; x_wconf 78' lang='grc' dir='ltr'>ίπικλερ-</span> 
     </span>
     <span class='ocr_line' id='line_1_39' title="bbox 178 4298 1543 4375; baseline 0.002 -24"><span class='ocrx_word' id='word_1_389' title='bbox 178 4298 229 4358; x_wconf 76' lang='grc' dir='ltr'>θεὶς</span> <span class='ocrx_word' id='word_1_390' title='bbox 252 4300 334 4354; x_wconf 82' lang='grc' dir='ltr'>διττὸν</span> <span class='ocrx_word' id='word_1_391' title='bbox 356 4304 490 4374; x_wconf 75' lang='grc' dir='ltr'>ἐποιήσατο</span> <span class='ocrx_word' id='word_1_392' title='bbox 514 4305 553 4358; x_wconf 80' lang='grc' dir='ltr'>διὰ</span> <span class='ocrx_word' id='word_1_393' title='bbox 575 4305 620 4363; x_wconf 81' lang='grc' dir='ltr'>τὰς</span> <span class='ocrx_word' id='word_1_394' title='bbox 644 4301 760 4362; x_wconf 81' lang='grc' dir='ltr'>τοιαὺτας</span> <span class='ocrx_word' id='word_1_395' title='bbox 783 4304 898 4374; x_wconf 70' lang='grc' dir='ltr'>ἐπηρείας</span> <span class='ocrx_word' id='word_1_396' title='bbox 916 4304 958 4357; x_wconf 89' lang='grc' dir='ltr'>τὸν</span> <span class='ocrx_word' id='word_1_397' title='bbox 977 4304 1077 4375; x_wconf 79' lang='grc' dir='ltr'>ὁρισμὸν</span> <span class='ocrx_word' id='word_1_398' title='bbox 1094 4307 1139 4356; x_wconf 80' lang='grc' dir='ltr'><strong>τοῦ</strong></span> <span class='ocrx_word' id='word_1_399' title='bbox 1158 4304 1272 4373; x_wconf 83' lang='grc' dir='ltr'>οφυγμοῡ</span> <span class='ocrx_word' id='word_1_400' title='bbox 1289 4301 1333 4354; x_wconf 82' lang='grc' dir='ltr'>τὸν</span> <span class='ocrx_word' id='word_1_401' title='bbox 1351 4302 1396 4370; x_wconf 71' lang='grc' dir='ltr'><strong>μέν</strong></span> <span class='ocrx_word' id='word_1_402' title='bbox 1414 4301 1543 4372; x_wconf 58' lang='lat' dir='ltr'><strong>imponit</strong></span> 
     </span>
     <span class='ocr_line' id='line_1_40' title="bbox 179 4387 1544 4461; baseline 0.002 -23"><span class='ocrx_word' id='word_1_403' title='bbox 179 4387 256 4440; x_wconf 73' lang='grc' dir='ltr'>αὐτοῦ</span> <span class='ocrx_word' id='word_1_404' title='bbox 274 4394 319 4441; x_wconf 79' lang='grc' dir='ltr'><strong>τοῦ</strong></span> <span class='ocrx_word' id='word_1_405' title='bbox 338 4393 481 4461; x_wconf 76' lang='grc' dir='ltr'>πράγματος</span> <span class='ocrx_word' id='word_1_406' title='bbox 499 4390 525 4451; x_wconf 78' lang='grc' dir='ltr'><strong>έξ</strong></span> <span class='ocrx_word' id='word_1_407' title='bbox 544 4390 636 4448; x_wconf 75' lang='grc' dir='ltr'><strong>οἰκείας</strong></span> <span class='ocrx_word' id='word_1_408' title='bbox 654 4388 751 4458; x_wconf 84' lang='grc' dir='ltr'>φίνσιιος</span> <span class='ocrx_word' id='word_1_409' title='bbox 769 4390 795 4442; x_wconf 86' lang='grc' dir='ltr'><strong>ὃν</strong></span> <span class='ocrx_word' id='word_1_410' title='bbox 814 4391 849 4451; x_wconf 83' lang='grc' dir='ltr'><strong>ὡς</strong></span> <span class='ocrx_word' id='word_1_411' title='bbox 868 4393 894 4445; x_wconf 85' lang='grc' dir='ltr'><strong>έν</strong></span> <span class='ocrx_word' id='word_1_412' title='bbox 912 4391 1084 4460; x_wconf 72' lang='grc' dir='ltr'>ὑποκειμένοις</span> <span class='ocrx_word' id='word_1_413' title='bbox 1101 4390 1228 4460; x_wconf 79' lang='grc' dir='ltr'>ὀνομάζει,</span> <span class='ocrx_word' id='word_1_414' title='bbox 1251 4390 1293 4443; x_wconf 90' lang='grc' dir='ltr'>τὸν</span> <span class='ocrx_word' id='word_1_415' title='bbox 1316 4389 1343 4444; x_wconf 76' lang='grc' dir='ltr'><strong>δέ</strong></span> <span class='ocrx_word' id='word_1_416' title='bbox 1361 4389 1444 4461; x_wconf 73' lang='lat' dir='ltr'><strong>impos</strong></span> <span class='ocrx_word' id='word_1_417' title='bbox 1462 4391 1499 4451; x_wconf 76' lang='grc' dir='ltr'><strong>ὡς</strong></span> <span class='ocrx_word' id='word_1_418' title='bbox 1517 4393 1544 4445; x_wconf 87' lang='grc' dir='ltr'><strong>ίν</strong></span> 
     </span>
     <span class='ocr_line' id='line_1_41' title="bbox 179 4475 1543 4551; baseline 0.001 -25"><span class='ocrx_word' id='word_1_419' title='bbox 179 4475 314 4544; x_wconf 76' lang='grc' dir='ltr'>ἐπισκέψει.</span> <span class='ocrx_word' id='word_1_420' title='bbox 333 4477 376 4530; x_wconf 88' lang='grc' dir='ltr'>τὸν</span> <span class='ocrx_word' id='word_1_421' title='bbox 396 4480 441 4545; x_wconf 83' lang='grc' dir='ltr'><strong>μὲν</strong></span> <span class='ocrx_word' id='word_1_422' title='bbox 459 4476 502 4528; x_wconf 72' lang='grc' dir='ltr'>οὖν</span> <span class='ocrx_word' id='word_1_423' title='bbox 521 4477 556 4536; x_wconf 82' lang='grc' dir='ltr'><strong>ὡς</strong></span> <span class='ocrx_word' id='word_1_424' title='bbox 575 4479 600 4530; x_wconf 85' lang='grc' dir='ltr'><strong>έν</strong></span> <span class='ocrx_word' id='word_1_425' title='bbox 619 4477 791 4544; x_wconf 75' lang='grc' dir='ltr'>ὑποκειμένοις</span> <span class='ocrx_word' id='word_1_426' title='bbox 809 4478 921 4548; x_wconf 83' lang='grc' dir='ltr'>σφυγμὸν</span> <span class='ocrx_word' id='word_1_427' title='bbox 938 4479 997 4532; x_wconf 80' lang='grc' dir='ltr'>εἶναί</span> <span class='ocrx_word' id='word_1_428' title='bbox 1015 4496 1076 4551; x_wconf 81' lang='grc' dir='ltr'>φησι</span> <span class='ocrx_word' id='word_1_429' title='bbox 1093 4478 1196 4549; x_wconf 82' lang='grc' dir='ltr'>καρδίας</span> <span class='ocrx_word' id='word_1_430' title='bbox 1214 4479 1258 4530; x_wconf 79' lang='grc' dir='ltr'><strong>καὶ</strong></span> <span class='ocrx_word' id='word_1_431' title='bbox 1276 4478 1401 4547; x_wconf 79' lang='grc' dir='ltr'>ἀρτηριῶν</span> <span class='ocrx_word' id='word_1_432' title='bbox 1420 4476 1543 4547; x_wconf 74' lang='grc' dir='ltr'>συστολὴν</span> 
     </span>
     <span class='ocr_line' id='line_1_42' title="bbox 179 4561 1543 4635; baseline 0.003 -22"><span class='ocrx_word' id='word_1_433' title='bbox 179 4564 222 4614; x_wconf 85' lang='grc' dir='ltr'><strong>καὶ</strong></span> <span class='ocrx_word' id='word_1_434' title='bbox 240 4563 363 4616; x_wconf 81' lang='grc' dir='ltr'>διάστασιν</span> <span class='ocrx_word' id='word_1_435' title='bbox 382 4564 550 4633; x_wconf 83' lang='grc' dir='ltr'>ἀπροαιρέτως</span> <span class='ocrx_word' id='word_1_436' title='bbox 569 4565 622 4617; x_wconf 90' lang='grc' dir='ltr'>οίοιν</span> <span class='ocrx_word' id='word_1_437' title='bbox 640 4582 667 4616; x_wconf 85' lang='grc' dir='ltr'>τε</span> <span class='ocrx_word' id='word_1_438' title='bbox 686 4561 822 4632; x_wconf 74' lang='grc' dir='ltr'>φαίνεσθαι.</span> <span class='ocrx_word' id='word_1_439' title='bbox 845 4564 888 4616; x_wconf 87' lang='grc' dir='ltr'>τὸν</span> <span class='ocrx_word' id='word_1_440' title='bbox 911 4565 937 4618; x_wconf 80' lang='grc' dir='ltr'><strong>δὲ</strong></span> <span class='ocrx_word' id='word_1_441' title='bbox 957 4566 992 4626; x_wconf 83' lang='grc' dir='ltr'><strong>ὡς</strong></span> <span class='ocrx_word' id='word_1_442' title='bbox 1015 4569 1040 4619; x_wconf 88' lang='grc' dir='ltr'><strong>ίν</strong></span> <span class='ocrx_word' id='word_1_443' title='bbox 1064 4566 1192 4634; x_wconf 77' lang='grc' dir='ltr'>ἐπισκέψει</span> <span class='ocrx_word' id='word_1_444' title='bbox 1213 4565 1261 4634; x_wconf 82' lang='grc' dir='ltr'>τὴν</span> <span class='ocrx_word' id='word_1_445' title='bbox 1284 4566 1313 4617; x_wconf 79' lang='grc' dir='ltr'><strong>ἐκ</strong></span> <span class='ocrx_word' id='word_1_446' title='bbox 1331 4569 1377 4634; x_wconf 82' lang='grc' dir='ltr'>τῆς</span> <span class='ocrx_word' id='word_1_447' title='bbox 1394 4570 1447 4617; x_wconf 82' lang='grc' dir='ltr'>τῶν</span> <span class='ocrx_word' id='word_1_448' title='bbox 1465 4565 1543 4635; x_wconf 78' lang='grc' dir='ltr'>ἀρτη-</span> 
     </span>
     <span class='ocr_line' id='line_1_43' title="bbox 180 4649 1542 4724; baseline 0.004 -25"><span class='ocrx_word' id='word_1_449' title='bbox 180 4656 239 4716; x_wconf 84' lang='grc' dir='ltr'>ριῶν</span> <span class='ocrx_word' id='word_1_450' title='bbox 257 4649 296 4701; x_wconf 81' lang='grc' dir='ltr'>διὰ</span> <span class='ocrx_word' id='word_1_451' title='bbox 314 4650 404 4709; x_wconf 84' lang='grc' dir='ltr'>παντὸς</span> <span class='ocrx_word' id='word_1_452' title='bbox 423 4651 587 4721; x_wconf 82' lang='grc' dir='ltr'>ἀπροαιρέτου</span> <span class='ocrx_word' id='word_1_453' title='bbox 606 4651 728 4719; x_wconf 76' lang='grc' dir='ltr'>κινήσεως</span> <span class='ocrx_word' id='word_1_454' title='bbox 751 4649 810 4718; x_wconf 81' lang='grc' dir='ltr'>πρὸς</span> <span class='ocrx_word' id='word_1_455' title='bbox 834 4653 880 4720; x_wconf 84' lang='grc' dir='ltr'>τὴν</span> <span class='ocrx_word' id='word_1_456' title='bbox 903 4652 970 4724; x_wconf 77' lang='grc' dir='ltr'>ἁφὴν</span> <span class='ocrx_word' id='word_1_457' title='bbox 992 4654 1090 4724; x_wconf 80' lang='grc' dir='ltr'>πληγὴν</span> <span class='ocrx_word' id='word_1_458' title='bbox 1108 4655 1152 4706; x_wconf 85' lang='grc' dir='ltr'><strong>καὶ</strong></span> <span class='ocrx_word' id='word_1_459' title='bbox 1170 4652 1198 4704; x_wconf 87' lang='grc' dir='ltr'>τὸ</span> <span class='ocrx_word' id='word_1_460' title='bbox 1216 4653 1280 4720; x_wconf 86' lang='grc' dir='ltr'>μετὰ</span> <span class='ocrx_word' id='word_1_461' title='bbox 1296 4653 1343 4721; x_wconf 80' lang='grc' dir='ltr'>τὴν</span> <span class='ocrx_word' id='word_1_462' title='bbox 1362 4651 1460 4722; x_wconf 79' lang='grc' dir='ltr'>πληγὴν</span> <span class='ocrx_word' id='word_1_463' title='bbox 1479 4653 1542 4721; x_wconf 83' lang='grc' dir='ltr'>γινό-</span> 
     </span>
     <span class='ocr_line' id='line_1_44' title="bbox 179 4735 1542 4809; baseline 0.003 -21"><span class='ocrx_word' id='word_1_464' title='bbox 179 4754 252 4803; x_wconf 78' lang='grc' dir='ltr'>μενον</span> <span class='ocrx_word' id='word_1_465' title='bbox 270 4736 402 4806; x_wconf 78' lang='grc' dir='ltr'>διάλειμμα</span> <span class='ocrx_word' id='word_1_466' title='bbox 420 4740 464 4790; x_wconf 84' lang='grc' dir='ltr'><strong>καὶ</strong></span> <span class='ocrx_word' id='word_1_467' title='bbox 481 4736 546 4806; x_wconf 80' lang='grc' dir='ltr'>λέγει</span> <span class='ocrx_word' id='word_1_468' title='bbox 563 4739 590 4806; x_wconf 87' lang='grc' dir='ltr'><strong>γέ</strong></span> <span class='ocrx_word' id='word_1_469' title='bbox 609 4755 676 4795; x_wconf 89' lang='grc' dir='ltr'>τινας</span> <span class='ocrx_word' id='word_1_470' title='bbox 695 4736 826 4805; x_wconf 82' lang='grc' dir='ltr'>λογισμοὺς</span> <span class='ocrx_word' id='word_1_471' title='bbox 844 4737 886 4791; x_wconf 76' lang='grc' dir='ltr'><strong>ἐπ’</strong></span> <span class='ocrx_word' id='word_1_472' title='bbox 908 4740 992 4799; x_wconf 79' lang='grc' dir='ltr'>σι’ντοῖς</span> <span class='ocrx_word' id='word_1_473' title='bbox 1010 4741 1045 4800; x_wconf 82' lang='grc' dir='ltr'><strong>ὡς</strong></span> <span class='ocrx_word' id='word_1_474' title='bbox 1064 4740 1141 4793; x_wconf 77' lang='grc' dir='ltr'>οἴεται</span> <span class='ocrx_word' id='word_1_475' title='bbox 1154 4737 1273 4798; x_wconf 70' lang='grc' dir='ltr'>πιθανοὺς</span> <span class='ocrx_word' id='word_1_476' title='bbox 1286 4740 1311 4791; x_wconf 81' lang='grc' dir='ltr'><strong>έν</strong></span> <span class='ocrx_word' id='word_1_477' title='bbox 1325 4735 1392 4809; x_wconf 62' lang='lat' dir='ltr'><strong>nup}</strong></span> <span class='ocrx_word' id='word_1_478' title='bbox 1415 4744 1468 4791; x_wconf 83' lang='grc' dir='ltr'>τῶν</span> <span class='ocrx_word' id='word_1_479' title='bbox 1486 4739 1542 4809; x_wconf 76' lang='grc' dir='ltr'>ἀρε-</span> 
     </span>
     <span class='ocr_line' id='line_1_45' title="bbox 179 4820 1542 4897; baseline 0.005 -24"><span class='ocrx_word' id='word_1_480' title='bbox 179 4823 290 4874; x_wconf 83' lang='grc' dir='ltr'>σκόντων</span> <span class='ocrx_word' id='word_1_481' title='bbox 313 4823 396 4895; x_wconf 86' lang='grc' dir='ltr'>ὥσπερ</span> <span class='ocrx_word' id='word_1_482' title='bbox 420 4826 464 4877; x_wconf 78' lang='grc' dir='ltr'><strong>καί</strong></span> <span class='ocrx_word' id='word_1_483' title='bbox 487 4825 500 4877; x_wconf 81' lang='grc' dir='ltr'>ο</span> <span class='ocrx_word' id='word_1_484' title='bbox 522 4822 671 4895; x_wconf 83' lang='grc' dir='ltr'>Ταραντῖνος</span> <span class='ocrx_word' id='word_1_485' title='bbox 686 4820 848 4896; x_wconf 75' lang='grc' dir='ltr'>Ἡρακλείδης</span> <span class='ocrx_word' id='word_1_486' title='bbox 871 4828 897 4880; x_wconf 85' lang='grc' dir='ltr'><strong>έν</strong></span> <span class='ocrx_word' id='word_1_487' title='bbox 921 4828 955 4886; x_wconf 84' lang='grc' dir='ltr'>οίς</span> <span class='ocrx_word' id='word_1_488' title='bbox 980 4828 1098 4897; x_wconf 71' lang='grc' dir='ltr'>ἀντιλέγει</span> <span class='ocrx_word' id='word_1_489' title='bbox 1122 4826 1183 4894; x_wconf 81' lang='grc' dir='ltr'>πρὸς</span> <span class='ocrx_word' id='word_1_490' title='bbox 1205 4827 1234 4878; x_wconf 86' lang='grc' dir='ltr'>τὸ</span> <span class='ocrx_word' id='word_1_491' title='bbox 1256 4827 1311 4897; x_wconf 78' lang='grc' dir='ltr'>περὶ</span> <span class='ocrx_word' id='word_1_492' title='bbox 1334 4831 1456 4896; x_wconf 80' lang='grc' dir='ltr'>σφυγμῶν</span> <span class='ocrx_word' id='word_1_493' title='bbox 1469 4821 1542 4897; x_wconf 82' lang='grc' dir='ltr'>Ἡρο-</span> 
     </span>
     <span class='ocr_line' id='line_1_46' title="bbox 179 4908 259 4978; baseline 0 -18"><span class='ocrx_word' id='word_1_494' title='bbox 179 4908 259 4978; x_wconf 84' lang='grc' dir='ltr'>φιλοο.</span> 
     </span>
    </p>
   </div>
   <div class='ocr_carea' id='block_1_6' title="bbox 0 0 1736 5586">
    <p class='ocr_par' dir='ltr' id='par_1_7' title="bbox 0 0 1736 5586">
     <span class='ocr_line' id='line_1_47' title="bbox 0 0 1736 5586; baseline 0 0"><span class='ocrx_word' id='word_1_495' title='bbox 0 0 1736 5586; x_wconf 95' lang='lat' dir='ltr'><strong> </strong></span> 
     </span>
    </p>
   </div>
  </div>
 </body>
</html>
