3442 5588
653 322 928 374 nnonnoounnn
1407 320 1468 384 189

146 490 766 555 47Anaoimanderbtitesiusuideri
859 490 1095 557 Plaevlet
1142 491 1407 577 Ἀναξίμανδρος
1439 493 1470 557 ἐν

99 592 309 675 sibienaqua
316 602 461 675 terraque
468 594 630 673 calefactis
639 602 766 657 coortos
817 594 895 679 ὑγρῷ
917 595 1090 678 γεννηθῆναι
1112 595 1149 658 τὰ
1164 601 1266 678 πρῶτα
1281 599 1345 679 ζῷα
1360 597 1471 678 φλοιοῖς

102 715 173 758 esse
188 699 254 759 sioe
267 698 370 778 pisces
383 717 438 760 seu
452 696 591 777 piscibus
608 698 766 761 simittima
816 699 1009 782 περιεχόμενα
1036 697 1235 775 ἀκανθώδεσι,
1261 698 1472 782 προβαινούσης

102 800 269 874 animatia,
291 802 324 862 in
346 800 395 863 tn‘s
415 801 552 862 homines
573 801 766 864 concreuisse
817 799 849 861 δὲ
870 804 922 883 τῆς
944 800 1059 883 ἡλικίας
1082 801 1246 886 ἀποβαίνειν
1269 800 1315 863 ἐπὶ
1338 802 1371 863 τὸ
1391 800 1472 885 ξηρό-

101 902 247 984 fetusque
273 903 316 965 ad
341 903 534 984 pubertatem
555 905 639 967 intus
660 913 765 966 reten-
816 923 897 985 τερον
925 902 972 962 καλ
1001 903 1260 987 περιρρηγνυμένου
1288 906 1339 964 τοῦ
1368 906 1470 987 φλοιοῦ

103 1013 169 1081 tos,
203 1012 275 1067 tuno
304 1005 423 1069 denmm
452 1007 553 1086 ruptis
580 1006 653 1069 iilos
679 1008 765 1069 oiros
817 1001 862 1065 ἐπ’
888 1002 983 1086 ὀλίγον
998 1004 1103 1090 χρόνον
1119 1006 1294 1091 μεταβιῶναι
1317 1004 1357 1070 ef.
1373 1025 1472 1090 supra

103 1108 309 1189 mulieresque
331 1110 384 1189 qui
403 1111 467 1172 iam
487 1128 522 1171 se
542 1109 627 1172 aiere
640 1117 766 1190 possent
817 1127 849 1190 p.
868 1107 939 1171 135.

102 1213 305 1290 processisse.

148 1322 167 1375 8
194 1311 473 1394 Empedocles¹
496 1323 622 1378 autem.
644 1359 652 1376 .
676 1359 683 1376 .
705 1314 766 1378 tate
862 1314 949 1378 Plau.
971 1313 999 1377 V
1021 1314 1096 1378 195
1144 1312 1380 1399 Ἐμπεδοκλῆς
1420 1316 1472 1387 τὰς

105 1417 256 1498 quiddam
284 1418 454 1497 confirmat.
498 1419 601 1498 primo
631 1418 767 1480 membro
818 1419 935 1502 πρῶτος
962 1417 1085 1499 γενέσεις
1107 1423 1165 1479 τῶν
1188 1409 1274 1502 ζῴων
1303 1420 1351 1481 καὶ
1373 1425 1472 1504 φυτῶν

37 1545 45 1551 ·
103 1520 231 1600 σιίιρνίσ
267 1539 309 1582 eo
346 1529 432 1584 terra
469 1521 561 1602 quasi
595 1528 766 1600 proepnate
819 1522 962 1603 μηδαμῶς
974 1519 1473 1607 δλοκληρονςγενέσδαι,οἰσυμρυέσι

101 1624 226 1701 passim
241 1622 326 1685 edita
342 1621 453 1685 deinde
467 1624 615 1684 coisse-et
630 1621 767 1703 effecisse
819 1623 852 1685 δὲ
877 1627 937 1691 τοῖς
969 1623 1079 1706 μορίοις
1111 1622 1325 1705 διεζευγμένας,
1357 1623 1408 1693 τὰς
1440 1625 1473 1687 δὲ

102 1723 202 1787 sottdi
223 1725 355 1788 bominis
376 1727 539 1789 materiam
553 1726 618 1805 ipm‘
631 1725 725 1788 simui
738 1733 767 1786 et
818 1724 953 1808 δευτέρας
975 1725 1187 1810 συμφυομένων
1203 1729 1260 1787 τῶν
1281 1732 1377 1810 μερῶν
1392 1727 1472 1790 εἶδον·

101 1828 209 1890 stntari
227 1829 424 1909 permixtam.
441 1875 449 1893 .
466 1877 474 1893 .
817 1831 962 1912 λοφανεῖς,
979 1828 1030 1897 τὰς
1041 1828 1074 1890 δὲ
1085 1829 1180 1912 τρίτας
1191 1834 1249 1891 τῶν
1262 1831 1396 1913 δλοιρυῶν
1410 1831 1472 1891 κτλ.

146 1929 766 2014 baeeeademopinioetiamint’arme-

101 2032 195 2095 nide
220 2031 322 2098 Vetins
343 2033 363 2074 *
392 2043 420 2098 te
445 2035 507 2114 fuit
534 2034 681 2114 pououtis
709 2054 768 2097 eo·

101 2138 205 2217 neptis
226 2137 267 2200 ab
287 2135 513 2219 Empedoote†
534 2135 692 2198 dissenis.
708 2132 719 2162 ¹

150 2247 167 2299 9
197 2240 414 2303 Democrito
439 2257 514 2302 oero
536 2238 706 2301 Abderitae
727 2258 767 2302 αα
860 2231 899 2297 ef.
924 2233 1012 2297 Plau.
1025 2232 1052 2295 V
1067 2233 1219 2315 19[(}at.]
1235 2234 1361 2314 Proleg.
1374 2254 1405 2317 p.
1420 2234 1471 2298 21.

103 2360 193 2424 aquo
206 2343 338 2424 timeque
350 2343 485 2424 primum
499 2343 599 2405 nisum
618 2350 662 2405 est
679 2337 764 2422 [libri
860 2420 863 2428 ,

103 2444 206 2527 esse]
227 2445 365 2509 tornines
384 2453 577 2527 procreatos.

149 2567 208 2611 nee
241 2548 330 2629 tonpe
367 2567 457 2612 seous
489 2549 689 2630 Epicurus.
736 2545 766 2606 is
860 2537 1170 2605 alitorPluo.19‘t.

104 2651 188 2713 mim
202 2650 336 2715 eredidit
347 2651 419 2715 timo
436 2651 572 2732 eotfaoto
590 2656 695 2710 uteros
706 2665 765 2709 ne-

102 2755 174 2816 seio
197 2772 274 2836 quos
294 2753 456 2817 radicibus
479 2762 582 2817 terroe
597 2751 764 2814 eoboeren-

105 2866 152 2920 tes
179 2858 315 2939 priunum
342 2858 512 2920 inereoisse
538 2863 567 2917 et
593 2851 765 2933 infantibus

104 2980 148 3024 eo
169 2978 205 3023 ee
220 2959 312 3023 editis
325 2962 494 3042 inpunitum
516 2957 607 3020 laetis
629 2974 765 3019 umorem

102 3070 224 3126 natura
244 3064 442 3127 ministrante
461 3059 657 3142 praebuisse,
688 3076 765 3139 quos

103 3167 153 3229 ito
177 3165 327 3229 etuouos
350 3175 378 3228 et
400 3164 525 3229 aduttos
546 3180 642 3242 penus
663 3162 765 3225 bomi-

102 3288 180 3331 num
199 3287 405 3350 propapasse.

190 3377 344 3436 secuntur
365 3368 506 3436 Zenonis
535 3373 568 3434 et
590 3364 850 3451 mythologorum
878 3365 1061 3431 sententiae
1084 3364 1134 3452 [oi.
1159 3366 1291 3432 Servius
1315 3368 1358 3432 ad
1379 3368 1476 3451 Verg.

99 3472 221 3538 Aeni
240 3473 327 3555 7431.

191 3577 249 3640 be
280 3578 376 3658 ipitur
393 3593 515 3639 semen
530 3573 613 3634 unde
627 3577 720 3634 eoeot
741 3570 825 3632 inter
845 3572 1021 3651 sapientiae
1040 3572 1238 3653 professores
1259 3591 1322 3634 non
1345 3581 1476 3635 constat.

147 3679 391 3743 Parmenides
413 3679 493 3743 enim
515 3675 768 3739 tumeodeotris
863 3674 951 3738 Plus.
969 3674 997 3737 V
1015 3674 1070 3737 tt
1115 3673 1304 3758 Ἀναξαγόρας
1337 3675 1478 3761 Παρμενί-

103 3790 174 3845 tum
195 3802 213 3844 e
236 3782 334 3845 iaeois
354 3781 497 3863 portibus
519 3780 600 3842 oriri
620 3778 752 3859 putabit.
821 3778 873 3859 δης
887 3777 924 3840 τὰ
940 3778 992 3860 μὲν
1009 3778 1112 3841 ἐκτῶν
1127 3777 1227 3848 δεξιῶν
1245 3777 1478 3862 καταβολλεσδαι

147 3884 316 3966 Hipponi
336 3902 410 3947 oero
426 3882 637 3964 Metapontino
655 3881 721 3943 sioe
736 3886 769 3940 ut
821 3877 862 3948 είς
887 3879 924 3943 πολ
946 3878 1024 3948 δεξιὰ
1051 3879 1125 3964 μέρη
1151 3885 1204 3964 τῆς
1227 3883 1353 3965 μήτρας,
1380 3880 1416 3944 τὰ
1445 3878 1472 3942 δ’

102 3987 318 4051 Δι’ἰιίυταοιιοιε
344 3995 455 4050 auotor
486 3993 532 4048 est
558 3980 697 4046 Samio⁸
729 4001 768 4043 ea
822 3980 855 4043 ἐκ
878 3985 936 4044 τῶν
959 3982 1117 4066 ἀριστερῶν
1140 3982 1182 4051 είς
1203 3983 1239 4046 τὰ
1262 3983 1408 4066 ἀριστερά.

103 4089 254 4153 muttit
262 4088 416 4170 maduere
426 4107 529 4152 semen
539 4085 662 4149 uidetur
676 4083 769 4165 idque

104 4210 146 4255 eo
160 4192 294 4274 probari
304 4191 387 4274 quod
396 4201 468 4274 post
485 4188 705 4254 admissionem
712 4205 770 4266 pe-

104 4293 224 4357 eudon
233 4295 263 4357 si
277 4295 346 4375 ouis
361 4313 464 4358 mares
479 4294 633 4356 interimat
647 4288 770 4351 medut·
867 4283 905 4352 ef.
929 4287 1096 4376 Hippolyt.
1117 4289 1156 4354 16
1174 4296 1201 4354 2.

105 4396 160 4458 tas
182 4402 288 4478 utpote
311 4397 480 4460 eobaustas
506 4413 570 4458 non
591 4393 742 4474 reperiat.

181 4567 191 4598 ¹
211 4569 279 4620 huno
298 4572 448 4636 opinionem
467 4574 494 4622 in
513 4573 598 4620 ioeum
617 4568 802 4633 lepidissimum
821 4567 896 4616 vertit
907 4566 993 4615 Varro
1012 4568 1038 4616 in
1052 4569 1240 4618 Eumenidibue
1258 4576 1347 4618 sature
1364 4569 1395 4618 ir.
1415 4565 1478 4618 2713

104 4651 155 4718 [23
165 4654 203 4720 B]
221 4651 396 4722 Empedocles
414 4665 493 4709 notos
512 4655 630 4708 bomines
648 4668 681 4704 σοι
700 4661 773 4704 terro
790 4651 830 4703 uit
847 4658 877 4701 ut
895 4649 996 4701 blitum.

150 4752 153 4757 '
179 4741 195 4772 ²
209 4747 366 4796 ”utentium
392 4746 537 4797 mutilatum
567 4745 604 4793 sie
635 4742 771 4803 intellego:
804 4736 923 4790 Velienst‘
949 4736 1060 4805 [Eteote]
1084 4739 1140 4804 fuit
1163 4756 1192 4807 p.
1216 4755 1237 4793 e.
1256 4739 1290 4791 αδ
1317 4737 1480 4804 Empedocli

105 4846 161 4879 non
181 4828 368 4886 dissentiente.

183 4913 401 4983 ⁸ef.,12nbtieh.
420 4920 452 4970 V·
471 4920 502 4969 P.
522 4913 573 4970 267
593 4918 677 4968 Zeiler
695 4910 725 4967 1⁴
738 4908 814 4964 232³.
