3442 5588
645 333 921 386 ruonnconnnn
1400 337 1462 400 173

98 500 253 584 explicet
296 504 388 570 velut
410 502 558 569 Panaetii
581 502 681 569 Stoici
704 522 823 569 nornen
845 522 917 568 cum
939 503 1149 570 memoriolae
1169 503 1362 590 inhaeserit,
1383 505 1463 571 infe-

95 601 203 670 liciter
234 625 306 671 oum
338 606 508 672 exustione
541 604 652 670 mnndi
686 605 890 688 coniungitur
923 603 962 669 cf.
992 601 1109 692 [Philo]
1139 605 1180 671 de
1213 606 1327 672 incorr.
1351 606 1459 673 mund.

95 706 220 790 pede,
238 710 276 773 11
294 708 391 775 Bern.
414 709 441 775 si
463 707 610 775 Thaletis
632 712 857 773 concretionem
879 707 996 790 credit,
1023 709 1237 791 posteriorum
1259 708 1461 775 coniecturas

95 809 243 892 sequitur
265 805 316 896 [oi.
339 809 500 876 Zeller1⁴
524 807 625 897 180b].
659 831 726 876 una
747 817 797 877 est
819 809 977 892 insignior
998 816 1087 894 note,
1109 810 1196 893 qnod
1219 809 1387 891 distinguit
1408 830 1461 877 ve

96 917 201 977 terem
223 912 502 995 recentioremque
523 911 724 978 academiam
748 910 913 978 Ciceronis
928 910 1147 995 Varronisque
1170 913 1353 995 exemplum
1373 932 1462 978 secu-

95 1020 161 1098 tus,
180 1034 250 1083 non
272 1014 485 1098 posteriorum
508 1013 563 1097 qui
584 1013 725 1098 quinque
747 1033 916 1081 recensere
930 1014 1089 1080 solebant
1125 1014 1182 1081 sed
1197 1013 1336 1080 sortasse
1352 1014 1460 1098 plures

94 1114 153 1182 iile
174 1135 218 1182 ne
240 1123 441 1200 cognoverat
462 1114 602 1199 quidem.

183 1217 286 1284 Multo
309 1218 453 1285 melioris
474 1224 573 1284 notae
595 1227 645 1286 est
666 1219 871 1302 Augustini
898 1226 1083 1303 excerptum
1106 1219 1147 1285 de
1169 1219 1229 1286 civ.
1253 1219 1306 1285 dei
1329 1220 1408 1286 VIII
1429 1221 1460 1304 2,

96 1319 188 1404 quod
209 1319 396 1387 inscribitur
418 1322 460 1385 de
488 1321 628 1386 duobus
653 1323 855 1405 penuriosus
883 1323 997 1385 idest
1019 1323 1155 1386 Italico
1179 1333 1211 1386 et
1233 1325 1366 1388 Ionica
1389 1344 1461 1387 eo-

93 1443 247 1506 rumque
269 1425 498 1488 auctoribus
520 1424 560 1491 of.
583 1425 694 1492 Sidon.
719 1423 860 1508 Apollin.
883 1424 945 1490 XV
959 1424 1000 1490 87
1015 1445 1083 1508 sqq.
1107 1422 1255 1511 [Krische
1277 1446 1308 1509 p.
1326 1423 1409 1512 16η.

187 1526 344 1603 Quantum
365 1528 446 1591 enim
468 1528 586 1591 adtinet
614 1529 658 1592 ed
679 1530 798 1591 litterae
820 1530 959 1591 Graecae
989 1547 1069 1609 quae
1098 1530 1206 1610 tinpuu
1234 1531 1314 1591 inter
1342 1539 1461 1592 ceterae

92 1631 234 1711 pentium
254 1630 374 1693 clarior
393 1630 533 1706 iadetrm,
555 1630 617 1694 duo
639 1631 890 1712 philosophorum
910 1649 1026 1711 persero
1048 1632 1228 1695 traduntur:
1260 1652 1353 1694 unum
1375 1633 1460 1696 Ita-

94 1733 210 1797 tieem
239 1753 280 1795 ee
308 1750 348 1795 eu
377 1742 467 1813 purte
488 1735 602 1798 ltaliae
633 1755 712 1818 quae
735 1734 891 1817 quondam
912 1753 1025 1814 mopna
1048 1736 1182 1798 Graecia
1203 1744 1383 1816 nuncupato
1405 1743 1460 1811 ent,

93 1837 230 1900 aiter-em
250 1835 426 1899 Ionicum
439 1838 480 1900 ¹in
502 1837 547 1900 eir
569 1839 663 1902 terrie
684 1839 737 1902 udi
759 1847 788 1901 et
808 1856 891 1901 nunc
913 1838 1048 1900 Graecia
1068 1840 1254 1901 nominatur.

179 1939 324 2003 Italicum
356 1958 453 2020 pereae
485 1949 643 2004 ductorem
673 1942 781 2005 debuit
809 1940 1055 2023 Pptiaporam
1077 1941 1217 2003 Samium
1239 1960 1260 2004 a
1283 1960 1343 2023 quo
1366 1943 1460 2004 etiam

91 2043 200 2122 ferunt
220 2042 323 2122 iprum
343 2042 559 2125 philosophiae
580 2063 690 2108 nomen
705 2052 854 2109 emortum
888 2061 962 2105 nam
984 2061 1053 2105 aum
1068 2054 1161 2105 antea
1175 2045 1331 2124 sapienter
1346 2046 1460 2126 appet-

94 2145 238 2209 larentur
259 2145 313 2225 qui
335 2144 428 2207 modo
450 2145 585 2226 quodam
606 2147 776 2211 laudabitis
798 2149 881 2212 vitae
904 2146 977 2209 aliie
997 2155 1161 2226 praestare
1182 2145 1379 2223 uidebuntur,
1402 2149 1459 2210 iste

92 2250 303 2330 immoparm
326 2247 402 2329 quid
421 2249 619 2329 profiteretur
639 2250 853 2331 philosophum
875 2268 909 2312 re
924 2268 991 2313 esre
1004 2249 1165 2328 respondit
1179 2250 1215 2311 id
1229 2257 1274 2312 eet
1287 2251 1459 2314 rmdr'orum

92 2351 145 2414 eei
164 2358 336 2415 mnatorem
356 2351 547 2431 sapientiae,
576 2353 722 2432 quoniam
742 2353 912 2433 eapiemm
932 2351 1073 2432 profiteri
1095 2352 1385 2432 urropontirrimum
1406 2354 1459 2415 ai-

93 2452 238 2518 dedatur.

179 2555 283 2620 Ioniei
303 2548 377 2617 cero
399 2556 522 2635 penerir
540 2559 690 2639 princepe
709 2558 771 2638 fuit
793 2556 924 2620 Thalen
946 2556 1084 2620 dIiteeiue
1105 2578 1185 2622 unae
1206 2557 1330 2620 iliorum
1344 2563 1459 2638 reptem

79 2658 147 2739 ‘qui
174 2667 247 2722 eunt
273 2656 425 2738 appellati
453 2660 616 2738 sapienter.
660 2660 719 2723 red
745 2661 793 2722 illi
818 2679 875 2721 ree
904 2661 987 2722 citae
1007 2678 1120 2739 penere
1142 2659 1408 2740 dietinpuebantur
1429 2667 1459 2722 et

77 2752 279 2842 ‘quidusdam
298 2762 477 2841 praeceptis
499 2762 543 2823 ad
569 2761 644 2824 bene
665 2761 829 2825 uiuendum
854 2762 1115 2835 accommodatie;
1141 2763 1199 2823 iste
1225 2768 1326 2822 autem
1349 2762 1459 2826 I'ialee

90 2872 125 2925 ut
149 2880 346 2925 memnones
367 2864 461 2925 etium
480 2875 672 2944 propuparet
693 2884 797 2935 rerum
819 2873 965 2927 moturum
986 2872 1142 2927 emutatus
1162 2883 1297 2944 suasque
1312 2863 1458 2943 disputa·

90 2968 194 3029 tiones
216 2966 326 3028 litteris
349 2964 503 3027 mandans
525 2967 653 3028 emissust
673 2968 866 3050 mueimeque
888 2967 1083 3030 admirabilis
1105 2968 1224 3040 estitit,
1247 2966 1330 3046 quod
1351 2975 1459 3029 artro-

90 3069 198 3150 iopiae
219 3069 356 3130 nummio
378 3067 597 3147 conprehensio
618 3069 757 3150 desectus
777 3072 855 3133 eolis
876 3078 905 3132 et
927 3070 1019 3130 tunae
1041 3070 1133 3130 etiam
1152 3067 1335 3147 praedicere
1347 3071 1457 3149 potuit.

88 3189 230 3253 aquam
251 3180 372 3233 tamen
392 3171 545 3250 putauit
566 3191 690 3234 reram
712 3192 791 3236 eree
818 3173 1051 3253 principium
1077 3181 1109 3233 et
1130 3172 1216 3233 irinc
1237 3174 1359 3233 omnia
1381 3171 1457 3234 eie-

87 3283 215 3336 mentu
234 3273 365 3335 mandi
386 3275 577 3354 ipsumque
598 3275 765 3337 mundum
787 3283 821 3337 et
843 3276 987 3356 quaein
1003 3294 1044 3337 eo
1063 3276 1265 3356 pipnantur
1287 3276 1455 3336 eeirtere.

88 3377 171 3440 ntur
191 3385 294 3439 autem
314 3375 387 3438 duic
408 3376 496 3456 operi
519 3376 602 3458 quod
622 3378 736 3441 mundo
759 3378 957 3441 cmrsiderato
981 3387 1043 3440 tam
1065 3378 1208 3440 meabile
1227 3377 1395 3456 aspicimur
1418 3396 1458 3438 ee

87 3480 204 3543 diuina
223 3486 323 3540 mente
341 3480 536 3560 praeposuit.

175 3581 248 3644 note
264 3583 413 3645 succeseit
433 3581 722 3644 Anaximander
744 3583 811 3645 eius
827 3582 954 3645 auditor
968 3582 1155 3662 mutavitque
1171 3581 1209 3644 de
1223 3601 1328 3644 rerum
1344 3591 1459 3643 nmura

87 3687 278 3767 opinionem
299 3702 362 3747 nan
384 3684 465 3746 enim
487 3703 529 3746 ee
550 3701 614 3744 una
635 3702 671 3745 re
692 3685 771 3747 sicut
795 3684 903 3747 Ineter
925 3704 964 3746 ee
985 3702 1093 3745 umore
1115 3684 1172 3746 red
1193 3704 1236 3746 ee
1257 3685 1339 3746 ruis
1366 3702 1459 3763 pro-

83 3790 188 3869 priis
208 3789 416 3869 principiis
438 3804 601 3868 quaeque
621 3805 684 3849 rer
705 3790 813 3850 narei
831 3789 991 3867 putavit.
1022 3806 1116 3868 quae
1133 3806 1255 3848 reram
1267 3787 1460 3867 principie

85 3891 323 3972 einpqurrrm
353 3909 436 3953 eree
464 3888 633 3952 eredidit
655 3889 814 3970 infinita
836 3899 870 3953 et
891 3888 1193 3953 innumerabiles
1215 3890 1371 3952 mandor
1393 3892 1459 3971 pi-

84 4013 203 4074 pmere
236 4002 271 4057 et
307 4011 554 4076 quaecumque
585 3994 624 4055 in
656 3994 712 4055 eie
750 3995 950 4068 oriuntur5
991 4011 1127 4074 corque
1159 3991 1315 4053 mundos
1353 3993 1458 4056 modo

87 4095 254 4160 diewini
282 4096 389 4159 modo
425 4098 561 4158 iterum
585 4096 691 4174 pipni
721 4097 954 4159 existimavit
983 4103 1124 4177 quanta
1153 4095 1307 4174 quisque
1333 4104 1459 4158 aetate

84 4217 161 4262 suu
188 4216 337 4262 monere
369 4200 554 4280 potuerit5
585 4215 643 4260 nec
674 4200 743 4279 ipre
772 4199 894 4281 aliquid
929 4198 1055 4261 divinae
1087 4197 1178 4258 menti
1210 4196 1243 4257 in
1275 4197 1323 4260 tie
1355 4217 1459 4260 rerum

87 4301 241 4383 opoeidue
262 4301 409 4366 tribuens.

173 4406 235 4468 inte
255 4404 524 4477 Anaeimenem
546 4402 733 4483 dissipatum
754 4413 783 4467 et
804 4421 1014 4467 successorem
1028 4402 1153 4483 reliquit
1168 4403 1221 4482 qui
1236 4419 1341 4464 omnen
1355 4421 1459 4464 rerum

81 4525 204 4571 caueae
236 4509 319 4571 ueri
347 4506 508 4587 infinito
539 4506 625 4569 dedit
650 4523 707 4568 neo
735 4505 809 4568 deor
838 4509 962 4588 mepaoit
984 4514 1038 4568 aut
1060 4505 1164 4567 tacuit.
1209 4523 1272 4566 non
1294 4511 1397 4567 tumen
1419 4504 1458 4567 ad

80 4612 168 4692 ipeie
189 4629 294 4674 aerem
314 4611 434 4691 [actum
455 4608 511 4672 red
532 4610 638 4690 iproe
660 4628 704 4670 ee
726 4627 815 4672 aere
836 4620 939 4673 orror
962 4607 1141 4672 credidit.

171 4714 433 4794 Anaeaporar
461 4730 535 4774 vero
563 4715 630 4775 aar
656 4712 784 4775 auditor
804 4714 915 4775 iarum
936 4731 1039 4774 rerum
1062 4711 1196 4773 omnium
1218 4728 1297 4790 quas
1320 4709 1459 4770 uidemus

78 4815 262 4898 effectorem
292 4816 430 4879 dicium
457 4818 593 4878 animum
618 4817 714 4878 sensit
728 4824 769 4877 et
796 4815 877 4877 dieu
902 4835 942 4876 ear
970 4816 1091 4893 infinita
1119 4813 1252 4874 materia
1281 4830 1361 4892 quae
1384 4831 1458 4874 ooa-
