3442 5588
582 345 720 399 GALENI
738 345 879 400 HISTOR.
897 345 1037 400 PHILOS.
1049 343 1155 399 73-‘15
1488 343 1551 410 629

239 514 331 600 ἕτεροι
358 517 390 580 δὲ
416 517 447 580 έν
474 520 534 587 τοῖς
562 514 701 601 ἑξήκοντα
722 517 787 587 ἑνδς
814 515 962 599 (δέουσιν).
996 515 1223 601 Ἡράκλειτος
1242 515 1276 581 έκ
1292 516 1401 600 μυρίων
1419 515 1501 580 δκτα·

239 619 389 704 κισχιλίων
411 620 550 684 ἐνιαυτῶν
574 621 712 702 ἡλιακῶν.
756 619 929 703 Διογένης
951 620 984 683 ἐκ
1006 620 1092 684 πέντε
1113 620 1161 684 καλ
1184 644 1205 685 ιν
1227 643 1248 684 κ
1270 642 1291 683 κ
1313 619 1396 682 έπτοί.

338 744 359 784 ιι
381 745 402 785 ιι
424 745 445 785 ν
467 723 553 806 ἡκαλ
575 726 633 785 τῶν
655 721 780 807 κέντρων
803 724 852 787 καὶ
874 728 926 808 τὴς
948 722 1071 809 σφαίρας
1093 725 1146 808 τὴν
1166 728 1220 809 γὴν
1243 722 1400 806 νομίζουσι.

427 1033 466 1098 74
502 1030 587 1115 Περὶ
608 1036 669 1095 τοῦ
691 1031 860 1116 γαλαξίου
882 1032 1023 1097 κόκλου.
1067 1044 1202 1108 [ΡΙοιΙΙῐ
1217 1042 1229 1094 1
1244 1043 1306 1108 ι-ο]

203 1208 216 1244 ³
319 1185 351 1253 Ὁ
374 1186 509 1270 γαλαξίας
531 1187 636 1258 κύκλος
657 1186 718 1253 έστλ
747 1176 930 1273 νεφελοειδὴς
956 1188 986 1251 ἐν
1010 1187 1062 1269 μὲν
1084 1190 1127 1271 τῷ
1151 1187 1215 1271 ἀέρι
1237 1187 1285 1251 διὰ
1307 1187 1413 1258 παντὸς
1435 1211 1498 1273 φαι·

236 1288 365 1373 νόμενος,
387 1291 436 1355 διὰ
465 1286 525 1375 (δὲ)
554 1290 607 1375 τὴν
629 1289 818 1377 λευκόχροιαν
846 1289 1058 1373 ὀνομαζόμενος
1084 1289 1229 1373 γαλαξίας.
1274 1291 1322 1353 καὶ
1347 1295 1405 1354 τῶν
1434 1290 1497 1354 Πυ·

236 1392 432 1477 θαγορείων
460 1394 534 1463 τινὲς
555 1392 676 1478 ἀστέρος
697 1392 770 1458 εἶναι
793 1393 941 1457 διάκαυσιν
969 1392 1141 1461 ἐκπεσόντος
1170 1392 1203 1455 ἐκ
1230 1397 1282 1475 τῆς
1306 1392 1380 1463 ἰδίας
1402 1393 1498 1477 ἕδρας,

237 1493 276 1558 δι’
302 1493 336 1558 οὗ
364 1495 538 1580 περιέδραμε
559 1496 671 1581 χωρίου
693 1499 912 1583 γλαφυρώτερον
935 1494 1006 1559 αδτδ
1029 1494 1254 1579 περικαόσαντος
1277 1493 1323 1557 ἐπὶ
1346 1499 1397 1557 τοῦ
1423 1493 1497 1558 κατὰ

234 1597 390 1662 Φαέθοντα
412 1598 586 1683 ἐμπρησμοῦ
610 1599 671 1680 [διά
693 1604 745 1683 τῆς
767 1599 877 1663 ἐκείνου
900 1598 1052 1682 παρόδου].
1092 1598 1119 1660 οἱ
1143 1597 1177 1660 δὲ
1198 1597 1251 1680 τὴν
1268 1597 1391 1680 ἡλιακὴν
1406 1599 1498 1680 ταότη

195 1719 219 1757 1⁰
236 1700 307 1785 φασί
338 1698 401 1764 κατ’
430 1700 523 1786 ἀρχὰς
544 1701 689 1784 γεγονέναι
717 1703 820 1766 δίοδον.
862 1703 936 1772 τινὲς
959 1702 992 1764 δὲ
1012 1704 1098 1764 τοῦτο
1121 1699 1224 1783 μικρὰν
1246 1697 1317 1762 εἶναι
1339 1692 1502 1783 φαντασίαν

234 1807 285 1865 τοῦ
311 1804 441 1872 πλείονος
468 1803 602 1887 οὐρανίου
628 1805 719 1888 πυρός
737 1806 742 1887 Ι
762 1806 833 1889 πρδς
857 1806 907 1868 τδν
940 1804 1062 1888 οὐρανὸν
1088 1803 1140 1873 τάς
1175 1801 1265 1883 αδγάς
1298 1803 1493 1872 ἀνακλῶντος·
1512 1824 1549 1861 ιω

235 1905 306 1988 ὅπερ
329 1905 376 1967 ἐπὶ
399 1908 456 1967 τῶν
478 1910 530 1988 τὴς
554 1904 642 1990 ίριδος
665 1911 760 1992 νεφῶν
782 1908 946 1992 συμβαίνειν
969 1904 1083 1969 εἴωθεν.
1121 1903 1360 1988 Μητρόδωρος
1382 1904 1428 1968 διὰ
1444 1906 1496 1988 τὴν

235 2008 360 2090 πάροδον
382 2011 434 2069 τοῦ
457 2008 542 2091 ἡλίου
564 2008 612 2071 καλ
634 2009 668 2071 τό
690 2014 742 2092 τῆς
764 2009 869 2093 δρόσου
885 2013 977 2092 μῖγμα
991 2007 1193 2091 γαλακτοειδὲς
1212 2008 1362 2069 ἀποτελεῖν
1377 2011 1495 2092 χρῶμα.

231 2106 467 2193 Ἀναξαγόρας
495 2111 548 2193 τὴν
575 2111 657 2175 σκιάν
686 2117 738 2196 τὴς
764 2116 817 2196 γὴς
845 2112 919 2175 κατὰ
940 2113 1008 2176 τόδε
1029 2111 1063 2174 τδ
1094 2109 1181 2192 μέρος
1207 2108 1345 2173 ίστασθαι
1371 2113 1423 2172 τοῦ
1450 2111 1495 2173 οὐ·

191 2231 216 2267 1⁵
235 2216 332 2295 ρανοῡ,
356 2212 423 2275 όταν
445 2211 482 2275 τὰ
505 2212 561 2276 όπδ
583 2215 635 2297 τὴν
657 2219 711 2298 γὴν
734 2216 750 2279 ό
771 2216 853 2299 ἥλιος
876 2216 918 2299 μὴ
938 2217 1032 2279 πάντα
1046 2209 1236 2297 περιφωτίζη.
1271 2211 1497 2295 Δημόκριτος

233 2313 312 2397 παρὰ
346 2317 463 2377 πολλῶν
497 2316 545 2378 καὶ
577 2320 688 2401 μικρῶν
722 2318 770 2381 καὶ
798 2322 929 2404 συνεχῶν
962 2317 1091 2401 ἀστέρων
1119 2315 1382 2400 συμφωτιζομένων
1412 2314 1495 2378 εἶναι.

229 2413 468 2501 Ἀριστοτέλης
493 2420 617 2503 ὡσπερεὶ
639 2419 733 2503 κόμην
756 2421 845 2505 ιτυρδς
868 2420 925 2484 ὑπὸ
955 2421 1004 2484 τόν
1034 2420 1107 2504 ἀέρα
1130 2419 1178 2482 καὶ
1205 2418 1255 2481 τδν
1277 2418 1365 2482 τόπον
1388 2420 1494 2501 πλανη-

230 2524 288 2582 τῶν
311 2519 474 2604 φαίνεσθαι.
513 2517 550 2584 01
572 2520 722 2587 Στωικοὶ
745 2526 797 2586 τοῶ
818 2523 950 2608 αἰθερίου
972 2525 1062 2609 πυρός
1084 2519 1243 2607 ἀραιότητα
1267 2521 1411 2605 ἀνώτερον
1433 2525 1492 2585 τῶν

136 2710 141 2717 .
232 2624 396 2706 πλανητῶν.
441 2621 682 2693 Ποσειδώνιος
703 2625 793 2709 πυρός
815 2625 960 2691 σύστασιν.

188 2951 213 2990 ²⁰
273 2934 312 2998 75
341 2930 427 3017 Περὶ
450 2938 616 3018 κομητῶν
639 2934 695 2998 καὶ
718 2932 929 3016 διᾳττόντων
952 2936 1120 3020 ἀστέρων.
1150 2943 1457 3011 {Manlum-ssu]

312 3085 384 3153 Ἀπὸ
407 3086 619 3175 Πυθαγόρου
641 3091 714 3160 τινες
737 3091 790 3172 μὲν
813 3090 921 3175 ἀστέρα
943 3092 1030 3177 φασίν
1053 3090 1125 3155 εἶναι
1147 3094 1196 3155 τόν
1219 3094 1350 3177 κομήτην
1365 3097 1423 3155 τῶν
1439 3090 1493 3156 οὐκ

231 3193 277 3256 ἀεὶ
304 3191 463 3275 μενόντων,
495 3194 544 3257 sss
569 3215 645 3262 τινος
673 3194 706 3256 δὲ
733 3192 894 3277 ὡρισμένου
914 3197 918 3279 Ι
938 3196 1045 3280 χρόνου
1074 3197 1246 3280 περιοδικῶς
1268 3196 1492 3259 ἀνατελλόντων.
1508 3215 1544 3254 sss

182 3379 361 3440 Ιίνός-λπτά
379 3379 497 3450 omn
511 3380 606 3435 δέουσιν
623 3386 696 3435 dssst
713 3387 790 3435 etism
809 3387 836 3435 in
887 3387 936 3436 AB
956 3382 971 3452 ΙΙ
990 3382 1084 3455 ταθτην
1101 3387 1137 3438 Βι
1156 3388 1235 3437 ταῦτα
1254 3390 1279 3438 A
1299 3383 1313 3451 ΙΙ
1335 3386 1367 3438 10
1385 3384 1412 3437 δέ
1430 3386 1473 3437 καλ
1490 3388 1512 3437 Β
1528 3384 1542 3451 ΙΙ

178 3471 200 3521 Β
212 3466 227 3538 ΙΙ
238 3469 254 3522 2
264 3468 327 3522 ίιττά
336 3471 462 3536 reliquum
472 3480 511 3522 est
520 3487 553 3522 sx
563 3475 600 3522 sis
611 3487 677 3536 quas
685 3474 837 3522 interierunt
889 3472 919 3525 11
934 3470 1011 3532 αὐτάς
1020 3477 1045 3525 A
1059 3471 1073 3541 Η
1089 3471 1239 3526 ἀνακλῶντα
1252 3475 1300 3525 ΑΒ
1316 3470 1330 3540 ΙΙ
1347 3473 1378 3526 12
1391 3470 1543 3543 ότερ-είω

178 3555 417 3624 [ο1.ρ.364·3-Ί]
435 3553 558 3626 λξὴκοντα
571 3558 614 3609 καλ
626 3558 775 3627 τριακοσίων
788 3557 834 3610 ίνι·
885 3555 930 3612 θιν
950 3560 1035 3612 ουκΒ
1055 3561 1069 3627 Η
1091 3558 1224 3630 μιτροδίων
1240 3563 1263 3613 Β
1283 3557 1299 3630 ΙΙ
1321 3561 1352 3614 13
1371 3577 1446 3612 versu
1464 3566 1542 3613 intsr·

178 3648 264 3695 αυτῶν
281 3641 409 3696 τοσούτων
428 3639 493 3696 όσων
511 3643 603 3697 όκατά
614 3640 774 3715 Ἠράκλειτον
787 3645 834 3697 ἀνι·
886 3656 961 3714 cepto
980 3650 1218 3711 (τοῦτον-πυκνοῦ
1230 3647 1274 3699 καλ
1286 3667 1311 3715 p.
1324 3646 1497 3712 365·8—10)
1510 3666 1543 3700 sx

179 3729 266 3789 αυτός·
285 3728 356 3781 ἀλλοι
374 3728 400 3782 δέ
419 3728 454 3781 δι’
470 3730 663 3802 ἑπτακισχιλίων
681 3732 838 3785 ἑπτακοσίων
888 3732 976 3804 ἀραιοῦ
997 3737 1108 3788 effictum
1132 3747 1171 3789 est
1188 3735 1276 3806 δρόσου
1294 3733 1310 3804 ΙΙ
1330 3736 1361 3788 τά
1379 3734 1544 3805 γαλακτοειδῆ

179 3816 356 3887 ἑβδομήκοντα
374 3816 450 3870 έπτά
469 3816 484 3886 ss
504 3818 520 3871 3
539 3821 603 3872 haec
616 3823 641 3872 in
656 3822 703 3872 AB
717 3832 838 3887 corrupta
888 3822 1015 3876 ἀποτελεῖν
1034 3824 1153 3894 σχήματα
1171 3825 1205 3878 B:
1225 3835 1293 3877 rects
1312 3826 1373 3888 (nisi
1393 3826 1463 3889 quod
1481 3822 1543 3875 ἀπο·

178 3916 317 3973 supersunt
336 3922 369 3957 οι
381 3908 512 3958 Plutarchi
532 3909 591 3958 libri
610 3911 676 3959 tertii
695 3911 837 3975 prooemio,
886 3908 962 3974 τελεῖ)
981 3915 1005 3964 A
1032 3911 1045 3980 ΙΙ
1072 3912 1106 3964 14
1123 3911 1179 3965 τόδε
1198 3930 1249 3965 om.
1266 3913 1301 3965 B:
1321 3910 1346 3964 δέ
1364 3916 1389 3963 A
1409 3907 1424 3978 ΙΙ
1447 3909 1477 3965 15
1496 3907 1544 3962 ὑπὸ

177 3998 249 4046 cuius
269 3995 336 4044 haec
352 3995 434 4044 verbs
451 4011 475 4059 p.
486 3992 667 4048 assus-17
681 3998 773 4048 latent:
790 3999 836 4066 τῆς
887 3999 977 4067 γὴνΒ
1004 3996 1018 4065 ΙΙ
1041 3997 1198 4069 περιφωτίζιι
1226 4004 1249 4051 A
1275 3997 1289 4068 ΙΙ
1317 4000 1348 4052 16
1377 3997 1432 4067 περὶ
1455 3998 1503 4050 AB
1527 3993 1540 4065 ΙΙ

176 4086 232 4152 γῆς,
251 4080 337 4150 ἡντινα
358 4078 461 4148 κέντρου
479 4077 547 4141 τάξιν
565 4081 663 4152 έπίχειν
681 4083 713 4152 τῇ
731 4091 835 4154 περιοχῇ
887 4091 986 4155 μικρῶν
1008 4084 1149 4140 πολλῶνΒ
1175 4085 1189 4155 ΙΙ
1219 4085 1311 4156 ίτίρων
1332 4086 1381 4137 AB
1405 4082 1419 4154 11
1439 4099 1542 4154 ουμφω·

177 4171 224 4239 τῆς
243 4169 348 4238 σφαίρας
365 4167 520 4235 νενομίκασιν
887 4172 1013 4241 τιζόμενον
1030 4175 1053 4227 Β
1078 4174 1092 4243 ΙΙ
1120 4175 1149 4227 17
1168 4173 1273 4227 καὶτὸν
1292 4177 1330 4224 A:
1350 4172 1394 4224 καὶ
1411 4174 1433 4224 Β
1454 4169 1467 4241 u
1487 4170 1542 4241 τρό·

213 4258 230 4308 4
253 4253 349 4307 κόκλου
372 4272 422 4308 om.
446 4258 470 4307 A
496 4252 509 4323 ΙΙ
534 4256 551 4309 5
574 4254 688 4324 γαλάξιυς
706 4260 754 4312 ΔΒ
778 4257 793 4328 ΙΙ
820 4264 835 4314 6
888 4279 934 4312 πον
955 4262 1001 4313 AB
1026 4259 1039 4331 ΙΙ
1067 4262 1099 4315 18
1121 4261 1144 4312 οἱ
1168 4257 1449 4328 Στωικοὶ-πλανητῶν
1471 4262 1544 4311 deest

176 4342 204 4396 δέ
229 4361 280 4396 om.
304 4344 353 4395 AB
377 4341 391 4410 ΙΙ
422 4343 466 4394 καλ
491 4346 527 4395 Δι
551 4342 574 4397 ολ
597 4345 619 4396 Β
642 4342 656 4414 l}
690 4346 836 4417 Ἰάστέρων
887 4353 914 4400 in
933 4352 1002 4402 Plut.
1022 4352 1053 4401 cf.
1071 4352 1143 4402 Prol.
1162 4368 1187 4415 p.
1204 4348 1234 4401 15
1255 4347 1268 4416 Ι1
1292 4349 1323 4401 19
1341 4349 1410 4400 τάσιν
1428 4349 1476 4398 AB

179 4434 227 4484 AB
253 4435 297 4497 qui
320 4433 473 4497 compendia
499 4433 540 4482 hie
568 4450 621 4484 non
645 4445 713 4486 recte
736 4452 837 4503 semper
923 4434 958 4488 20
976 4434 1091 4504 κομὴτου
1104 4440 1129 4488 A
1143 4435 1157 4504 ΙΙ
1171 4436 1368 4489 διαττόντωνΒι
1382 4432 1504 4487 ἀτολίτων
1517 4438 1542 4486 A

176 4522 342 4586 explicarunt
365 4515 380 4588 ΙΙ
406 4517 511 4571 ίκπισόν
529 4521 664 4588 (τυραννον.
682 4524 707 4584 τ)
730 4526 768 4574 A:
793 4522 835 4575 ἐκ·
887 4527 904 4576 ἰ.
918 4541 941 4576 s.
960 4521 1087 4592 ἀπόντων
1112 4528 1182 4590 quod
1205 4527 1312 4592 perinde
1336 4525 1386 4575 dici
1405 4525 1489 4589 potuit
1510 4525 1541 4574 cf.

177 4605 339 4658 πεσόντωνΒ
359 4604 373 4674 Η
394 4607 410 4660 8
428 4605 457 4658 οὗ
470 4606 603 4677 περίδραμι
616 4613 653 4660 A:
674 4606 749 4680 οὗπερ
762 4608 834 4681 ίδρα·
886 4631 911 4680 ρ.
922 4612 1011 4676 630,’ί
1029 4623 1056 4665 οι
1074 4615 1140 4665 Ach.
1159 4616 1188 4665 is.
1208 4614 1234 4664 in
1249 4614 1294 4664 Ar.
1314 4613 1408 4678 phaen-
1426 4628 1451 4676 p.
1467 4608 1541 4661 1531>

177 4710 225 4761 μον
243 4696 265 4745 Β
285 4690 298 4760 ΙΙ
321 4691 385 4745 αδτά
403 4696 440 4746 Βι
465 4692 549 4747 αθτῶν
567 4699 592 4747 A
613 4693 628 4762 ΙΙ
652 4695 835 4765 πιρικαόσαντα
886 4698 908 4753 ο1
921 4698 948 4752 δέ
961 4698 1009 4753 ἀπὸ
1020 4700 1098 4752 τόπου
1112 4699 1145 4757 τίς
1158 4698 1234 4751 τόπον
1246 4695 1423 4768 μετερχόμινυι
1435 4695 1541 4748 καλοῦν-

177 4783 228 4833 AB
251 4780 265 4849 ΙΙ
290 4781 331 4833 sul
353 4785 398 4833 τοῦ
420 4786 460 4834 A:
482 4783 508 4834 ἐν
531 4789 567 4851 τῷ
591 4786 636 4834 τοῦ
658 4786 681 4836 Β
701 4782 714 4852 Ιί
735 4788 750 4839 θ
774 4789 834 4854 φαί-
885 4805 926 4840 ται
944 4785 1059 4858 ᾄττοντας
1078 4781 1271 4855 καλδιᾴττοντις
1287 4784 1345 4855 Ml
1361 4783 1512 4838 ἀπόοιυ.Λ
1528 4781 1541 4851 A}

176 4865 255 4921 θοντα
268 4871 305 4920 λι
325 4867 495 4938 φαίθοντοςΒ
516 4868 528 4937 l]
549 4870 596 4939 τὴν
614 4869 709 4924 ἐκείνου
728 4873 835 4941 πάροδον
885 4880 938 4926 τῶν
956 4881 1078 4946 κομητῶν
1102 4877 1150 4926 AB
1175 4872 1189 4942 ἡ
1213 4873 1247 4926 22
1270 4871 1399 4943 δρισμίνου
1417 4874 1455 4923 A:
1475 4888 1541 4941 περι·

177 4959 215 5009 B:
233 4959 323 5008 induxi
343 4960 470 5024 glossema
489 4961 520 5010 cf.
540 4977 564 5009 ν.
577 4958 608 5010 12
629 4959 642 5028 [Ι
663 4963 709 5029 γῆν
727 4959 835 5030 ἡλιακὴν
886 4962 1015 5031 ορισμίνου
1033 4967 1055 5016 Β
1076 4961 1089 5032 ἰὴ
1109 4960 1237 5015 ἀνατέλων
1256 4964 1294 5013 A=
1313 4957 1457 5013 ἀνατέλλων
1474 4960 1496 5015 Β
