3442 5588
461 381 537 434 ARII
555 380 691 430 DIDYMI
711 381 896 432 EPITOMES
915 381 968 431 FB.
988 379 1090 431 PHYS.
1103 376 1145 432 29.
1159 378 1202 432 30.
1215 378 1247 431 31
1476 379 1539 442 465

173 548 295 630 κόσμος,
317 549 418 632 ἐπειδὴ
446 553 498 611 τοὺ
526 554 578 633 ζῆν
605 549 695 620 αἴτιος
722 552 792 634 ἡμῖν
818 549 889 613 ἐστι.
933 549 1001 614 καθ’
1031 550 1098 614 όσον
1126 549 1159 612 δέ
1181 548 1322 635 εἰρομένῳ
1346 549 1424 634 λόγιμ
1447 551 1540 612 πάντα

173 654 279 716 διοικεῖ
303 651 498 736 ἀπαραβάτως
521 651 550 721 ἐξ
572 653 677 730 ἀιδίου,
704 654 974 737 προσονομάζεσθαι
1002 653 1193 736 εἱμαρμένην·
1225 649 1408 737 Ἀδράστειαν
1431 651 1474 730 δέ,
1497 652 1540 714 θτι

175 755 260 819 οὑδὲν
283 751 359 818 ἔστιν
381 753 469 818 αὑτὸν
496 755 731 839 ἀποδιδράσκειν·
762 755 898 841 πρόνοιαν
925 752 967 831 δ’,
994 755 1037 818 ύτι
1065 756 1137 839 πρός
1162 756 1195 818 τό
1222 757 1367 840 χρήσιμον
1395 754 1542 837 οἰκονομεῖ

174 857 294 922 ἕκαστοι.
1553 885 1565 923 ι

256 958 445 1043 Ἣγεμονικόν
472 960 505 1023 δὲ
530 965 582 1024 τοὺ
608 961 719 1043 κόσμου
747 956 921 1023 Κλεάνθει
948 960 1001 1041 μέν
1031 959 1118 1043 ἤρεσε
1144 962 1192 1024 τόν
1218 962 1301 1045 ἥλιον
1328 960 1400 1024 εἰναι
1428 961 1476 1024 διὰ
1501 961 1575 1025 rii

178 1062 310 1146 μέγιστον
337 1067 395 1125 τῶν
422 1061 535 1146 ἄστρων
564 1063 704 1148 ὑπάρχειν
732 1063 780 1125 καί
810 1063 932 1125 πλεῖστα
960 1061 1178 1146 συμβαλλεσθαι
1204 1063 1276 1147 πρὸς
1301 1063 1353 1147 τὴν
1382 1069 1441 1126 τῶν
1463 1064 1539 1128 ὑλων

177 1165 334 1249 διοίκησιν,
361 1163 473 1248 ἡμέραν
500 1166 548 1228 καί
574 1165 703 1228 ἐνιαυτὸν
729 1169 866 1228 ποιοῦντα
893 1165 941 1227 καί
967 1164 1019 1234 τὰς
1045 1164 1136 1234 ἀλλας
1158 1165 1247 1249 ιὺρας.
1348 1168 1404 1230 τισί
1427 1166 1460 1230 δὲ
1481 1168 1576 1232 τῶνθ

179 1268 238 1330 ἀπὸ
259 1271 313 1350 τῆς
335 1266 474 1351 αίρέσεως
500 1266 581 1336 ἔδοξε
608 1272 661 1351 γῆν
688 1268 721 1330 τό
749 1268 919 1350 ἡγεμονικόν
945 1265 1017 1331 εἶναι
1043 1271 1094 1330 τοὺ
1121 1266 1243 1349 κόσμου.
1281 1266 1477 1354 Χρυσίππῳ
1507 1269 1540 1332 δὲ

179 1371 230 1433 τόν
254 1369 360 1453 αἰθέρα
381 1370 431 1432 τόν
453 1368 662 1452 καθαρώτατον
683 1370 731 1431 καὶ
753 1370 990 1454 εἰλικρινέστατον
1017 1370 1069 1434 ἅτε
1094 1371 1210 1432 πάντων
1231 1369 1449 1453 εύκινητότατον
1472 1371 1541 1436 ὄντα

177 1473 228 1536 καὶ
251 1473 304 1556 τὴν
327 1472 397 1555 ὅλην
420 1472 590 1556 περιάγοντα
611 1475 663 1534 τοὺ
685 1472 796 1554 κόσμου
819 1475 920 1557 φοράν.
1557 1501 1581 1538 ιο

268 1588 355 1645 Ταὺτα
373 1592 419 1661 μὲν
437 1590 481 1644 οὑν
499 1590 549 1644 ἀπὸ
566 1595 612 1661 τῆς
629 1587 795 1661 Ἐπιτομῆς
812 1589 924 1663 Ἀρείου
941 1589 1077 1661 Διδύμου
1095 1589 1248 1663 προκείσθω.
1556 1578 1577 1642 9

840 1968 882 2032 30

242 2078 327 2129 Stob.
346 2077 420 2127 ουλΙ
439 2072 508 2139 1[2]
520 2085 545 2122 νυ
562 2093 587 2140 p.
600 2073 673 2126 48H.

267 2176 488 2261 Χρυσίππου.
533 2175 606 2244 Ζεύς
634 2176 686 2257 μὲν
713 2173 763 2237 οὑν
791 2174 921 2258 φαίνεται
944 2173 1115 2256 ὠνομάσθαι
1139 2176 1197 2239 ἀπό
1219 2180 1271 2239 τοὺ
1293 2181 1363 2240 πᾶσι
1387 2178 1542 2242 δεδωκέναι

176 2281 212 2342 τὸ
236 2284 304 2363 ζῆν·
328 2280 383 2343 Δία
407 2280 440 2343 δὲ
463 2280 550 2344 αὑτὸν
572 2278 713 2361 λέγουσιν,
736 2276 779 2339 ὅτι
804 2277 918 2339 πάντων
942 2275 1017 2338 ἐστὶν
1041 2275 1131 2346 αἴτιος
1153 2279 1201 2342 καὶ
1224 2277 1261 2341 δι’
1289 2280 1377 2343 αὑτὸν
1398 2284 1502 2345 πάντα.

841 2566 878 2630 31

243 2674 330 2725 Stob.
349 2677 424 2727 οο1.Ι
442 2672 501 2727 21⁶
519 2693 544 2740 p.
558 2671 737 2725 444—44811.

268 2775 389 2860 Κόσμον
418 2775 444 2840 δ’
478 2774 552 2839 εἰναί
581 2797 668 2860 φησιν
699 2776 715 2838 ὑ
744 2772 952 2857 Χρύσιππος
980 2773 1114 2856 σύστημα
1140 2772 1170 2842 ἐξ
1197 2773 1321 2858 ούρανοὺ
1348 2775 1395 2838 καί
1418 2780 1472 2860 γῆς
1493 2777 1541 2840 καί

179 2883 240 2942 τῶν
263 2879 294 2942 ἐν
315 2880 426 2949 τούτοις
448 2878 564 2964 φύσεων
586 2879 606 2962 ἢ
628 2879 661 2941 τό
685 2877 718 2940 ἐκ
740 2877 818 2940 θεῶν
840 2876 889 2940 καί
911 2877 1076 2960 ἀνθρώπων
1099 2875 1232 2959 σύστημα
1254 2877 1303 2940 καί
1326 2877 1359 2940 ἐκ
1380 2881 1439 2941 τῶν
1456 2878 1540 2942 ἕνεκα
1559 2905 1582 2943 ιο

177 2981 290 3045 τούτων
316 2982 484 3066 γεγονότων.
520 2981 633 3064 λέγεται
661 2978 686 3042 δ’
719 2978 824 3063 ἑτέρως
853 2979 963 3063 κύσμοτ
990 2980 1006 3042 ὑ
1035 2977 1118 3056 θεός,
1146 2976 1214 3042 καθ’
1242 2979 1273 3042 θν
1304 2979 1324 3062 ἡ
1354 2979 1544 3064 διακόσμησις

179 3085 288 3169 γίνεται
315 3085 364 3148 καί
390 3087 563 3148 τελειοῦται·
591 3087 642 3147 τοῦ
669 3083 702 3144 δὲ
729 3082 803 3145 κατὰ
828 3082 881 3165 τὴν
909 3081 1099 3165 διακόσμησιν
1126 3080 1283 3164 λεγομένου
1305 3081 1417 3164 κόσμου
1435 3084 1468 3146 τό
1492 3084 1544 3166 μὲν

180 3185 254 3250 εἰναι
277 3187 502 3271 περιφερόμενον
524 3187 589 3271 περὶ
611 3187 644 3248 τό
661 3184 760 3268 μέσον,
781 3186 814 3247 τό
830 3182 856 3247 δ’
878 3185 1035 3266 ὑπομένον·
1058 3183 1282 3268 περιφερόμενον
1298 3185 1349 3266 μὲν
1365 3185 1414 3247 τὸν
1429 3184 1546 3270 αἰθέρα,

181 3288 327 3370 ὑπομένον
354 3289 387 3351 δὲ
412 3289 465 3371 την
496 3293 550 3373 γῆν
572 3288 620 3350 καὶ
642 3287 679 3350 τὰ
701 3285 749 3350 ἐπ’
776 3285 867 3370 αὐτῆς
889 3286 962 3370 ὑγρά
984 3286 1032 3349 καί
1054 3287 1104 3349 τὸν
1127 3286 1210 3371 ἀέρα.
1245 3287 1279 3349 τό
1301 3286 1355 3370 γὰρ
1375 3290 1429 3370 τῆς
1451 3289 1547 3371 ποίσης

180 3390 283 3459 ούσίας
305 3389 481 3454 πυκνότατον
504 3389 664 3474 ὑπέρεισμα
679 3389 795 3451 πάντων
816 3387 889 3451 εἶναι
911 3388 985 3452 κατὰ
1006 3388 1102 3472 φύσιν,
1125 3387 1212 3472 όνπερ
1233 3387 1339 3472 τρόπον
1361 3389 1391 3451 έν
1415 3386 1485 3473 ζῴῳ
1507 3388 1544 3451 τὰ
1561 3411 1587 3450 νυ

180 3491 283 3567 ὀστέα,
306 3495 391 3554 τοῦτο
414 3493 446 3556 δὲ
469 3494 622 3556 καλεῖσθαι
644 3495 709 3574 γῆν.
742 3491 807 3573 περὶ
829 3491 862 3554 δὲ
883 3491 1038 3574 ταύτηντὸ
1055 3491 1133 3574 ὑδωρ
1149 3490 1358 3575 περικεχύσθαι
1374 3496 1544 3574 σφαιρικῶς,

181 3593 373 3677 όμαλωτέραν
395 3595 447 3677 τὴν
472 3593 556 3679 ἰσχύν
578 3593 735 3677 διειληχύς.
772 3596 825 3676 τῆς
851 3593 906 3677 γὰρ
927 3598 980 3677 γῆς
1002 3592 1107 3677 ἐξοχάς
1128 3615 1206 3661 τινας
1227 3591 1355 3677 ἐχούσης
1377 3593 1549 3675 ἀνωμαλους

182 3696 232 3760 διά
254 3701 306 3759 τοὺ
331 3696 434 3765 ὑδατος
455 3695 485 3764 ἐς
508 3696 579 3780 ὕψος
601 3695 775 3777 ἀνηκούσας,
797 3694 902 3765 ταύτας
925 3696 978 3778 μὲν
1000 3697 1105 3778 νήσους
1127 3694 1291 3771 καλεῖσθαι,
1313 3693 1423 3756 τούτων
1446 3694 1479 3756 δέ
1497 3695 1549 3764 τάς

180 3800 231 3863 ἐπὶ
254 3801 353 3862 πλεῖον
379 3798 534 3882 διηκούσας
563 3797 700 3881 ἠπείρους
727 3798 979 3882 προσηγορεῦσθαι
1003 3794 1050 3860 ὑπ’
1079 3796 1194 3878 ἀγνοίας
1215 3800 1267 3859 τοὺ
1289 3796 1477 3881 περιέχεσθαι
1501 3798 1549 3861 καί

179 3900 290 3971 ταύτας
319 3902 454 3983 πελάγεσι
481 3901 623 3983 μεγάλοις.
664 3901 723 3963 ἀπό
750 3901 783 3962 ὑὲ
809 3906 860 3964 τοὺ
888 3902 991 3970 ύδατος
1012 3899 1062 3961 τόν
1085 3898 1158 3981 ἀέρα
1180 3896 1305 3982 έίῆφθαι
1328 3898 1462 3984 καθάπερ
1484 3900 1545 3969 έΕα·
1562 3932 1587 3971 25

181 4122 199 4176 3
222 4120 278 4174 οὐδ’
300 4121 365 4173 ἔστιν
387 4124 455 4175 CFG
477 4121 489 4190 θ
510 4123 526 4175 7
545 4121 592 4173 τισί
610 4118 665 4172 κτλ.
689 4125 780 4172 mirum
803 4130 841 4171 est
932 4124 963 4176 14
987 4124 1050 4173 haee
1068 4121 1205 4184 Chrysippi
1225 4121 1314 4184 opinio
1338 4122 1494 4173 eonferenda
1512 4135 1551 4173 est

182 4212 325 4263 Posidonii
349 4214 501 4261 sententium
525 4212 622 4273 (Βούτα
635 4211 689 4258 VII
703 4207 765 4271 139)
788 4225 841 4259 non
895 4229 952 4262 cum
977 4209 1138 4275 generaliore
1157 4206 1303 4257 Stoicorum
1322 4206 1361 4268 (fr.
1376 4205 1423 4271 29)
1446 4225 1479 4260 ox
1497 4212 1550 4261 Po-

182 4301 319 4349 reooneori.
348 4299 393 4347 sed
417 4300 526 4348 fortasse
544 4301 591 4366 γῆν
614 4296 669 4347 κθ
688 4312 774 4345 errore
793 4311 840 4359 pro
894 4300 996 4348 sidonio
1019 4296 1173 4361 repetenda.
1199 4301 1310 4344 ceterum
1333 4297 1490 4347 simillimum
1513 4308 1551 4348 est

182 4382 287 4453 ούρανόν
320 4388 430 4450 positum
459 4382 472 4452 11
502 4389 554 4435 τῶν
577 4381 626 4434 ἀπὸ
653 4385 699 4450 τῆς
725 4380 842 4449 αἱρέσεως
894 4383 998 4448 [Arioi]
1022 4385 1054 4433 de
1072 4383 1161 4432 mund.
1184 4380 1240 4432 σθ
1268 4383 1300 4433 of.
1318 4384 1390 4435 Proi.
1414 4403 1439 4450 p.
1456 4384 1499 4437 77.
1519 4387 1550 4436 de

183 4474 343 4536 notandum,
366 4475 427 4536 quia
449 4489 482 4523 ex
500 4472 646 4523 Stoicorum
670 4479 755 4519 sectae
780 4469 842 4518 ube·
894 4467 1320 4535 formaef.p.73sq.1111vx
1342 4466 1355 4536 Ιγ
1378 4469 1409 4524 16
1428 4467 1448 4522 δ’
1470 4468 1552 4540 ἔτερος

183 4563 253 4611 rioro
282 4563 455 4626 disputatione
484 4575 516 4609 ea
548 4565 669 4622 excerpta
697 4573 753 4607 esse
781 4557 842 4606 indo
894 4555 1550 4628 F:itioepocC:eorrexici.[A1-ist.]timund.2

184 4649 309 4713 probatur
327 4650 358 4698 ci.
372 4666 396 4713 ρλ
410 4644 470 4708 458,
482 4645 523 4697 13.
542 4647 641 4708 alioqui
660 4645 706 4711 τῆς
725 4639 841 4712 Στωικῆς
893 4666 918 4712 p.
928 4645 998 4698 391¹>
1008 4644 1039 4696 10
1060 4641 1072 4710 Η
1095 4642 1129 4696 18
1147 4640 1193 4709 μέν
1205 4640 1248 4693 τόν
1260 4645 1368 4695 Cantor:
1387 4644 1485 4697 καὶτὸν
1499 4649 1523 4696 Α
1537 4643 1550 4712 il

183 4731 303 4802 αἱρέσεως
327 4736 367 4784 vel
392 4735 438 4801 τῆς
454 4729 551 4783 τούτων
570 4729 687 4799 αἱρέσεως
705 4733 840 4781 dicendum
894 4732 927 4785 22
955 4732 1002 4801 την
1020 4728 1090 4805 χύσιν
1103 4731 1211 4781 Usener.
1230 4747 1292 4780 num
1309 4731 1355 4801 τὴν
1373 4730 1464 4802 φύσινῖ
1483 4729 1496 4799 Η
1517 4730 1551 4783 23

185 4830 249 4871 erat.
893 4816 985 4876 ταύτας
1014 4816 1041 4870 δὲ
1068 4816 1157 4886 νήσους
1184 4819 1221 4866 A:
1250 4835 1316 4870 corr.
1345 4818 1476 4870 Meinoke.
1506 4817 1551 4874 τὰς

220 4906 255 4960 12
282 4908 334 4958 huo
362 4909 446 4957 rettuli
476 4917 581 4972 propter
604 4907 755 4956 affinitatem
783 4922 841 4971 oum
894 4903 1082 4974 μὲν-τούτων,
1100 4903 1145 4960 τὰς
1163 4900 1189 4954 δέ
1208 4905 1309 4957 Usener

183 4999 214 5046 fr.
228 4993 262 5046 29
283 5013 307 5058 p.
320 4994 425 5053 464,28
444 4997 474 5044 of.
488 4995 560 5044 Prni.
572 5012 596 5058 p.
611 4993 672 5044 74v

237 5107 328 5155 Diels,
348 5108 490 5156 noxographl
509 5106 590 5154 graeci.
1308 5076 1351 5140 30
