3442 5588
443 307 703 358 FRAGMENTUM
721 307 770 357 ον
790 306 962 357 ειεινειευε
980 304 1114 368 ςοι-σε
1394 302 1457 367 515

144 477 182 540 τά
205 478 388 560 διαστήματα
410 481 474 545 πῶς
496 475 676 560 ἐμφαίνεται,
697 472 801 558 καίπερ
823 473 1011 558 ἐπιχειρήσας
1033 471 1124 554 λέγειν
1145 473 1200 537 οἰικ
1222 472 1409 538 ἀποδίδωσιν.

143 579 209 662 περί
233 578 285 660 μὲν
308 575 358 641 οὖν
382 575 478 662 ὄφεως
500 578 581 648 ἰδίοις
603 575 665 641 ένια
680 575 853 661 βουλόμενος
868 575 959 659 λέγειν
974 574 1067 638 πλείω
1081 576 1261 662 παραδίδωσι
1276 577 1407 661 ζήτησιν.
1425 582 1458 638 55

146 682 200 764 τήν
222 679 248 743 δ’
276 680 369 764 ἀκοὴν
392 681 603 764 παραπλησίως
625 682 703 742 ποιεῖ
722 683 782 747 τοῖς
803 676 910 747 ἄλλοις.
948 676 989 746 εἰς
1002 678 1057 761 γὰρ
1071 679 1104 741 τὸ
1127 680 1209 743 κενὸν
1233 679 1410 762 ἐμπίπτοντα

145 783 196 846 τὸν
219 783 292 868 ἀέρα
314 781 424 864 κίνησιν
447 782 590 864 ἐμποιεῖν·
614 783 689 865 πλὴν
712 781 756 845 ότι
777 781 853 845 κατά
867 784 924 844 πᾶν
940 781 992 862 μὲν
1008 779 1117 862 ὁμοίως
1131 782 1165 844 τὸ
1179 785 1267 865 σῶμα
1282 782 1410 861 εἰσιέναι,

117 886 272 968 ιμαλιστα
299 886 332 948 δὲ
358 885 406 948 καί
434 887 567 948 πλεῖστον
594 885 641 948 διὰ
667 888 726 947 τῶν
755 883 855 960 ὤτων,
882 883 926 946 ότι
949 882 996 945 διὰ
1018 882 1153 946 πλείστου
1173 908 1206 947 τε
1228 890 1313 949 κενοῦ
1335 885 1407 970 διέρ

147 1009 232 1071 χεται
266 987 314 1050 καὶ
348 989 453 1072 ήκιστα
481 984 705 1069 (διαμέμνεά.
748 986 793 1048 διὸ
824 985 873 1048 καί
899 984 974 1048 κατὰ
1002 985 1054 1066 μέν
1081 986 1114 1048 τό
1142 985 1213 1049 ἀλλο
1242 991 1330 1070 σῶμα
1357 987 1410 1051 οἰικ

150 1089 354 1167 αἰσθάνεσθαι,
376 1089 469 1173 ταότη
486 1091 519 1153 δὲ
534 1090 630 1171 μόνον.
665 1090 734 1153 όταν
749 1088 783 1151 δέ
800 1087 880 1158 ἐντὸς
900 1088 1028 1170 γένηται,
1044 1087 1285 1154 (σκίδνασθαά
1306 1089 1355 1154 διὰ
1376 1090 1409 1153 τὸ

148 1192 253 1276 τάχος·
276 1194 329 1277 τὴν
344 1193 398 1277 γὰρ
413 1193 514 1277 φωνὴν
529 1191 601 1255 εἰναι
617 1190 814 1274 ποινονμένον
836 1195 888 1253 τοῦ
910 1189 995 1274 ἀέρος
1010 1190 1058 1253 καί
1080 1191 1154 1272 μετά
1176 1192 1239 1277 βίας
1262 1193 1410 1263 εἰσιόντος.

149 1295 249 1379 ὥσπερ
271 1294 322 1359 οόν
345 1296 428 1365 ἐκτὸς
450 1299 528 1358 ποιεῖ
547 1301 585 1377 τῇ
608 1297 672 1380 ἁφή
694 1295 747 1379 τὴν
769 1292 918 1376 αἴσθησιν,
939 1293 1017 1356 οὕτω
1038 1293 1087 1356 καί
1103 1292 1193 1362 ἐντός·
1348 1295 1409 1365 όῖό
1427 1305 1483 1361 56·

108 1427 131 1464 10
148 1420 220 1460 τατα
242 1396 267 1461 θ’
296 1399 422 1474 ἀκούειν,
444 1398 469 1460 εἰ
492 1398 509 1461 ό
533 1397 584 1479 μὲν
614 1395 670 1466 ἔξω
693 1399 784 1481 χιτὼν
807 1393 853 1479 εἴη
881 1395 1002 1473 πυκνός,
1030 1396 1068 1459 τά
1090 1396 1123 1458 δὲ
1144 1397 1249 1481 φλεβία
1270 1397 1341 1461 κενὰ
1363 1399 1411 1463 καί

148 1504 189 1570 ὡς
212 1502 337 1583 μάλιστα
358 1500 465 1582 ἅνικμα
487 1499 535 1562 καί
557 1497 681 1583 εότρητα
703 1500 779 1563 κατά
800 1522 832 1562 τε
858 1498 891 1560 τὸ
921 1496 992 1561 ἄλλο
1021 1502 1109 1579 σῶμα
1136 1498 1184 1562 καί
1206 1499 1259 1582 τήν
1281 1501 1411 1584 κεφαλὴν

149 1604 199 1667 καί
226 1603 278 1671 τὰς
304 1604 409 1679 ἀκοάς,
436 1601 479 1665 ἔτι
506 1603 539 1664 δὲ
564 1602 602 1664 τά
629 1602 702 1666 ὀστᾶ
729 1601 823 1665 πυκνὰ
850 1600 898 1664 καὶ
924 1602 941 1664 ό
967 1599 1126 1684 ἐγκέφαλος
1147 1597 1286 1684 εὔκρατος
1308 1603 1356 1665 καί
1378 1602 1412 1665 τό

147 1705 212 1788 περί
234 1705 322 1769 αὐτόν
352 1709 393 1775 ὡς
420 1703 591 1788 ξηρότατον·
618 1703 726 1788 ἀθρόον
755 1703 810 1787 γὰρ
842 1702 876 1766 ἂν
903 1703 996 1772 νότιος
1024 1701 1142 1767 εἰσιέναι
1164 1704 1217 1787 τήν
1238 1705 1339 1789 φωνήν
1362 1705 1414 1768 ἀτε

149 1807 197 1870 διά
210 1809 320 1870 πολλοῦ
335 1811 420 1870 κενοῖ
435 1808 483 1870 καὶ
499 1806 621 1888 ἀνίκμοο
636 1807 684 1870 καί
699 1806 840 1890 εἰντρήτοο
855 1806 999 1870 εἰσιοῦσαν
1015 1807 1064 1869 καί
1079 1805 1155 1891 ταχὺ
1166 1805 1407 1872 ἰσκίδνασθαά

109 1935 134 1972 ιι
152 1909 201 1971 καί
225 1911 344 1991 ὁμαλῶς
366 1910 496 1973 κατὰτὸ
519 1913 606 1990 σῶμα
627 1909 676 1972 καί
698 1908 733 1972 οἰν
756 1908 929 1972 διεκπίπτειν
952 1905 1017 1977 ἔξω.
1136 1911 1170 1972 τό
1194 1910 1246 1992 μὲν
1269 1897 1319 1974 οόν
1342 1911 1411 1975 ἀσα-
1429 1917 1463 1972 57

152 2017 217 2096 φῶς
239 2013 385 2097 ἀφορίζειν
414 2012 523 2094 ὁμοίως
550 2010 614 2096 ἔχει
643 2016 703 2082 τοῖς
728 2010 835 2080 ἄλλοις.
879 2010 987 2074 ἄτοπον
1016 2010 1049 2074 δὲ
1077 2011 1125 2075 καί
1155 2009 1225 2075 ῖθιον
1252 2011 1312 2096 (τό)
1338 2014 1413 2078 κατὰ

148 2117 206 2176 πᾶν
227 2114 260 2177 τὸ
288 2119 376 2196 σῶμα
403 2117 453 2178 τὸν
479 2114 573 2199 ψόφον
601 2114 735 2192 εἰσιέναι,
761 2115 810 2179 καί
834 2114 902 2178 όταν
925 2112 1047 2197 εἰσέλθῃ
1074 2114 1122 2178 διὰ
1144 2118 1197 2198 τῆς
1220 2114 1329 2199 ἀκοῆς,
1352 2117 1411 2180 δια-

153 2216 271 2300 χεῖσθαι
305 2216 379 2280 κατὰ
411 2221 486 2294 πᾶν,
520 2217 619 2300 ὥσπερ
652 2216 686 2280 οὐ
719 2222 782 2287 ταῖς
809 2218 926 2293 ἀκοαῖς,
959 2214 1023 2280 ἀλλ’
1056 2217 1117 2301 όλιρ
1144 2222 1188 2301 τῷ
1217 2219 1331 2300 σώματι
1358 2218 1411 2302 τήν

149 2316 287 2402 αἴσθησιν
310 2318 410 2383 οὖσαν.
447 2320 482 2383 οἰι
504 2320 558 2403 γὰρ
580 2318 634 2383 κάν
655 2321 819 2405 συμπόσχη
841 2343 868 2383 τι
889 2325 927 2402 τῇ
950 2321 1039 2402 ἀκοή,
1062 2319 1110 2382 διὰ
1131 2324 1216 2383 τοῦτο
1238 2320 1287 2383 καί
1309 2320 1411 2386 αἰσθά-

94 2448 136 2486 ,ιο
153 2445 242 2485 νεται.
285 2423 392 2492 πάσαις
413 2423 467 2507 γὰρ
489 2421 575 2486 τοῦτό
597 2445 630 2504 γε
652 2424 761 2505 ὁμοίως
787 2427 878 2501 ποιεῖ,
904 2423 952 2486 καί
974 2421 1009 2485 οὐ
1037 2422 1124 2504 μόνον
1145 2427 1208 2493 ταῖς
1231 2423 1412 2509 αἰσθήσεσιν,

152 2525 229 2589 ἀλλά
261 2525 310 2589 καί
343 2532 381 2608 τῇ
415 2529 510 2612 ψυχή.
553 2525 601 2589 καί
628 2527 692 2610 περὶ
720 2527 773 2607 μέν
800 2524 895 2611 ὄψεως
922 2525 970 2589 καί
997 2525 1090 2609 ἀκοῆς
1116 2525 1209 2597 οὕτως
1241 2527 1413 2609 ἀποδίδωσι,

150 2628 202 2698 τάς
231 2629 264 2692 δὲ
292 2628 382 2698 ἀλλας
409 2629 561 2714 αἰσθήσεις
587 2629 693 2714 σχεδὸν
720 2628 829 2712 ὁμοίως
856 2631 935 2693 ποιεῖ
959 2632 1018 2697 τοῖς
1045 2626 1198 2700 πλείστοις.
1348 2633 1414 2716 περὶ
1430 2641 1464 2695 58

153 2731 186 2794 δὲ
207 2735 260 2795 τοῦ
282 2734 396 2816 φρονεῖν
418 2731 466 2794 ἐπί
488 2735 625 2795 τοσοῦτον
651 2729 780 2815 εἴρηκεν,
808 2732 852 2797 ότι
877 2730 984 2814 γίνεται
1011 2731 1183 2817 συμμέτροις
1209 2731 1336 2817 ἐχοόσης
1362 2739 1415 2819 τῆς

152 2838 251 2919 ψυχῆς
282 2834 358 2898 κατὰ
390 2835 443 2918 τὴν
475 2837 589 2919 κρᾶσιν·
624 2834 674 2898 ἐὰν
707 2835 740 2898 δὲ
767 2834 943 2919 περίθερμός
969 2858 1012 2904 τις
1038 2835 1058 2919 ή
1084 2836 1262 2920 περίψυχρος
1287 2835 1415 2921 γένηται,

112 2967 137 3005 ες
156 2938 356 3020 μεταλλάττειν
386 2936 467 3021 φησί.
524 2936 580 2999 διὸ·
596 2937 644 3000 καὶ
675 2938 743 3007 τοὺς
768 2938 910 3008 παλαιοὺς
935 2939 1033 3007 καλῶς
1061 2935 1144 3001 τοῦθ’
1172 2939 1342 3026 ὑπολαβεῖν,
1372 2941 1416 3005 ότι

154 3041 230 3106 ἐστὶν
246 3036 520 3124 (ἀλλοφρονεῖά.
556 3039 632 3103 ὥστε
646 3040 781 3124 φανερόν,
802 3041 846 3104 ότι
867 3045 906 3125 τῇ
929 3040 1029 3125 κράσει
1050 3045 1103 3104 τοῦ
1125 3043 1261 3125 σώματος
1283 3048 1362 3107 ποιεῖ
1381 3045 1416 3108 τὸ

152 3147 282 3230 φρονεῖν,
309 3143 380 3226 ὅπερ
408 3139 478 3211 ἴσως
504 3142 585 3226 αὐτῷ
613 3144 661 3206 καί
684 3144 759 3209 κατὰ
779 3143 864 3227 λόγον
886 3143 947 3208 ἐστί
970 3147 1058 3226 σῶμα
1079 3147 1208 3207 ποιοῦντι
1229 3146 1283 3230 τήν
1305 3148 1414 3232 ψυχήν.

104 3283 305 3353 ΙφαίνιταιΡΙίι
321 3277 638 3349 οοπ.1>11111ρρεοιιΙΙοθκ
652 3283 761 3336 Schnoi·
815 3284 847 3337 15
878 3287 965 3352 σαφῶς
991 3282 1048 3336 PF:
1079 3285 1187 3335 correxi.
1218 3282 1247 3335 οἰν
1276 3289 1363 3354 σαφῶς
1398 3291 1467 3340 coni.

104 3365 761 3437 ἀειιπῶςΡΙί114ροεεπληνει1ἀ.μίνειαι1ιιιάο·
811 3374 937 3426 Wimmor
960 3367 975 3439 ΙΙ
1003 3370 1034 3424 16
1062 3368 1107 3421 καί
1132 3367 1165 3420 δι’
1193 3368 1230 3422 όνν
1254 3373 1311 3425 PF:
1339 3373 1383 3426 καλ
1407 3372 1469 3426 ἰόιον

103 3460 216 3511 letumF
231 3454 245 3526 ΙΙ
260 3460 275 3511 6
288 3455 481 3525 θιαμίμνιιΙίΡι
499 3453 607 3524 θιαμίνιι
620 3459 761 3510 Οεαεοιὶιιε.
812 3461 898 3511 zeller
921 3462 952 3510 cf.
971 3460 1104 3524 Theophr.
1122 3459 1155 3508 do
1173 3459 1248 3511 odor.
1268 3457 1302 3514 62
1323 3457 1469 3530 θαυμαστόν
1513 3477 1522 3495 ν

104 3557 208 3600 servata
220 3554 259 3597 εει
268 3563 320 3597 vox
328 3547 494 3596 Democritea
507 3547 537 3595 cf.
549 3562 573 3610 p.
585 3542 760 3606 513,2sset29.
812 3544 839 3598 δὲ
862 3545 907 3597 καὶ
936 3543 997 3597 ἰόιον
1024 3542 1054 3595 τό
1081 3543 1235 3615 ονμπάσχιιν
1257 3544 1326 3598 κτλι
1354 3546 1383 3600 τό
1408 3547 1470 3601 ἰόιον

104 3638 223 3686 similiter
247 3628 392 3685 σκίόνασθαί
415 3650 457 3682 vv.
472 3630 546 3682 7.14
568 3632 599 3682 cr.
617 3648 641 3696 p.
657 3630 762 3695 512,10
813 3637 951 3686 Wimmer:
970 3631 1013 3684 καί
1026 3629 1118 3701 ἄθηλον
1130 3633 1255 3685 Μπ11αοίι.
1279 3633 1323 3686 καί
1341 3631 1373 3686 δι’
1395 3633 1470 3688 όντων

105 3725 209 3786 Proleg.
228 3739 252 3786 ρ.
266 3719 317 3774 219
337 3716 351 3788 ΙΙ
372 3720 389 3773 8
412 3715 451 3768 διὰ
483 3714 512 3768 τὸ
534 3717 611 3787 τάχος
638 3720 695 3771 PF:
723 3716 762 3770 διὰ
813 3721 948 3773 Βπποθειά
969 3715 983 3788 ΙΙ
1001 3716 1030 3769 τό
1049 3719 1137 3771 addidi
1157 3713 1172 3788 ΙΙ
1192 3719 1226 3772 19
1245 3717 1274 3770 οἰι
1297 3720 1343 3790 ηάρ
1361 3722 1469 3775 Schnei-

104 3810 199 3879 τάχους
218 3809 334 3860 ΜιιΙΙοοίι
358 3808 425 3858 conl.
448 3803 510 3869 §56
535 3804 762 3874 ν.14τιιχλνσκί-
814 3811 872 3861 der:
898 3807 920 3860 τί
942 3807 988 3877 γὰρ
1013 3808 1057 3860 PF
1079 3802 1092 3873 λΙ
1112 3804 1156 3857 καί
1175 3807 1315 3877 σνμπάσχτι
1333 3810 1390 3862 PF:
1415 3827 1471 3862 cor·

106 3893 218 3948 θνασθαι.
237 3890 378 3962 πανταχόσε
387 3895 489 3944 Usener
498 3894 528 3944 ef.
541 3912 565 3944 v.
578 3891 762 3962 18118τοπτο-
814 3900 879 3949 rexi.
902 3895 924 3948 τί
936 3895 980 3948 καὶ
993 3894 1132 3962 σομπάσχιι
1144 3895 1286 3947 Schneider
1301 3893 1315 3963 Η
1328 3896 1371 3949 καὶ
1385 3892 1472 3949 αἰσθό-

106 3983 184 4053 μίνον
203 3985 270 4033 coni.
288 3981 423 4032 Burehard
441 3983 472 4031 cf.
492 3983 558 4034 Gell.
575 3983 609 4033 N.
627 3984 660 4032 A.
678 3983 704 4032 V
719 3979 763 4033 152
815 3980 899 4036 νισθαι
917 3985 974 4037 ΡΙίς
997 3999 1063 4034 corr.
1087 3981 1237 4034 Schneider.
1265 3979 1313 4033 οὐκ
1331 3980 1473 4036 αἰσθάνεται

106 4067 281 4141 θρυπτομένου
293 4069 458 4134 Ρερεποοιόι
470 4070 536 4119 conl.
547 4063 762 4134 Placitlvwaly
817 4080 921 4122 servato
939 4074 966 4123 in
985 4071 1082 4138 protasi
1105 4066 1126 4120 εἰ
1145 4071 1270 4121 wimmor
1289 4067 1303 4138 ΙΙ
1323 4069 1357 4123 20
1380 4068 1474 4138 ὁμοίως

108 4153 212 4210 θοότον
229 4160 262 4225 τῇ
281 4155 348 4226 ἀκοή
367 4154 435 4214 ἐντός
453 4159 520 4207 coni.
540 4156 689 4208 Schneider.
712 4155 764 4205 for·
816 4155 953 4227 πρόσεστιν,
971 4154 1113 4209 οἰνῖίεειιει
1126 4151 1140 4223 ΙΙ
1154 4153 1188 4207 22
1205 4153 1299 4224 ὁμοίως
1311 4159 1368 4211 PF:
1387 4155 1474 4225 ὁμοίας

107 4256 177 4298 tune
195 4254 264 4296 reete
284 4240 298 4312 Η
318 4240 436 4303 όξότατον
455 4245 544 4308 vulgo:
566 4248 666 4296 correxi
690 4238 704 4312 ΙΙ
732 4242 764 4293 11
817 4245 964 4311 Stephanus
983 4239 998 4310 ἰΙ
1017 4246 1177 4294 ποιοῖπειοε.
1196 4242 1295 4310 111124
1309 4245 1394 4314 ψυχῆς
1411 4245 1475 4314 μετὰ

108 4331 203 4400 ἄναιμα
224 4335 264 4385 Pz
290 4330 380 4398 ἰνιιιμα
400 4344 442 4397 pr.
466 4332 487 4380 F
515 4333 541 4393 (κ
565 4333 669 4383 iteravit
689 4346 767 4397 εορει·
817 4329 973 4400 τὴνκίνησιν
981 4331 1038 4383 PF:
1052 4331 1357 4384 correxitSchnoidercf.
1370 4352 1395 4384 v.
1403 4331 1437 4387 26
1450 4342 1476 4385 ει

108 4437 213 4472 versum
242 4436 294 4471 εεο.
317 4420 362 4481 m.)
388 4416 403 4486 ΙΙ
428 4417 495 4469 κατὰ
519 4414 545 4469 δέ
568 4420 612 4471 PF
637 4413 650 4486 ΙΙ
677 4417 710 4469 12
736 4416 768 4468 τά
819 4438 844 4486 p.
858 4416 1028 4481 516,16.17:
1047 4419 1476 4483 vulgatumfrumtuenturPhi-

109 4504 172 4558 όστά
197 4509 233 4559 P:
257 4506 290 4557 τὰ
313 4508 395 4557 oblitt⁴
417 4506 439 4557 F
465 4501 479 4573 ΙΙ
506 4503 537 4557 13
556 4502 729 4574 ξυρότατονΙί
754 4502 767 4573 Ιί
820 4510 937 4573 lippum,
960 4505 1113 4559 Heimnoeth
1137 4506 1259 4557 ἀσιτίαν.
1284 4507 1364 4559 doctr.
1388 4526 1415 4574 p.
1433 4506 1476 4572 11,

111 4592 141 4645 ἀν
162 4596 220 4648 PF:
249 4610 299 4645 om.
321 4595 398 4644 Voss.
426 4593 526 4644 Camot.
550 4589 563 4659 ΙΙ
591 4592 622 4646 15
646 4591 702 4645 οἰιόί
725 4590 767 4644 ἰκ-
820 4595 936 4646 Μιιθεοθ
953 4613 978 4661 p.
995 4593 1061 4658 345,
1083 4594 1167 4645 ΖελΙει·
1184 4591 1216 4645 1⁴
1235 4591 1304 4647 821ι
1328 4592 1342 4664 ΙΙ
1363 4594 1397 4649 25
1415 4593 1477 4648 διότι

110 4679 208 4734 πίπτειν
219 4683 276 4735 PF:
296 4684 398 4732 correxi
417 4682 447 4731 cf.
466 4682 597 4747 Theophr.
616 4683 641 4733 d.
660 4685 713 4747 ign.
728 4679 768 4732 17.
820 4682 878 4734 PF:
915 4685 1016 4734 correxi
1047 4679 1061 4751 ΙΙ
1092 4680 1127 4736 26
1157 4677 1317 4750 ἀλλοφρονιῖν
1350 4684 1403 4737 PF.
1445 4685 1477 4735 οῖ.

111 4771 220 4821 Aristot-
242 4770 327 4836 probl.
354 4767 387 4820 14
412 4776 435 4815 ιι
462 4776 487 4832 ρ.
503 4766 616 4821 910217
644 4778 671 4820 et
699 4767 732 4819 14
746 4777 770 4816 ιν
821 4770 901 4819 Arist.
929 4769 961 4820 de
994 4773 1081 4821 anima
1102 4766 1151 4820 Ι2
1183 4787 1209 4835 p.
1226 4767 1339 4822 40412‘1
1365 4769 1478 4834 metaph.

111 4875 138 4923 p.
156 4855 251 4910 910b5
275 4855 361 4925 ἀραιοῦ
383 4854 429 4923 γὰρ
452 4851 522 4912 ὄντος
545 4853 628 4915 αὐτοῖς
650 4858 695 4907 τοῦ
718 4851 768 4907 σόν·
822 4850 872 4908 Γ5
894 4874 920 4922 p.
938 4854 1063 4910 1009b30
1086 4854 1138 4920 [La
1155 4857 1244 4909 Roehe
1265 4858 1479 4910 hom.'.1'exterit.

113 4959 192 5011 ματος
217 4942 247 4996 τό
278 4939 371 5012 θερμόν
402 4939 486 4994 αὐτῶν
514 4940 563 5004 ἔξω
590 4942 726 4996 όιικπίπττι
755 4939 769 5011 ΙΙ
821 4961 847 5009 p.
859 4941 906 5008 31]
926 4939 940 5011 ΙΙ
959 4941 993 4996 27
1012 4939 1074 4996 αἰνπό
1092 4944 1171 5011 μαλ’

1207 5027 1274 5096 33*
