3464 5586
271 364 333 429 212
549 362 612 410 xvi
650 360 698 409 Du
720 359 820 409 AllTll
839 355 1076 408 PLACITORUM
1097 354 1369 406 COMPOSITIONE
1455 388 1458 392 -

270 544 331 598 tur.
365 529 565 595 academiam
588 528 713 593 redolet
735 526 901 593 exordium
918 525 1007 590 1123
1029 527 1140 588 lomim
1161 527 1382 588 sententiarum
1405 543 1485 605 qaue
1499 543 1574 588 cera
1588 528 1630 590 rit

272 639 347 698 deris
363 635 462 714 aliqui
476 633 602 693 uiderit:
627 650 706 712 qnae
719 633 785 692 ueri
804 629 972 702 simillimo,
994 648 1108 710 mapno
1124 629 1263 710 quaestio
1278 636 1332 689 cst.
1366 625 1424 691 sed
1439 625 1629 694 Ciceronem

270 758 335 802 non
365 735 469 818 ipsum
493 733 579 815 loqui
607 732 678 814 quis
707 731 846 815 probare
869 728 994 813 possit?
1031 728 1095 796 hoc
1121 729 1220 794 nolim
1250 727 1391 811 opineris
1412 728 1628 797 Aenesidemo

270 859 343 904 eum
366 856 459 900 nsum
482 855 562 900 esse.
608 834 747 918 Sceptici
771 833 856 899 enim
879 831 966 896 fama
988 831 1073 896 intra
1094 837 1204 897 sectae
1226 829 1307 896 fines
1330 829 1570 915 continebatur,
1593 840 1630 899 ut

270 964 311 1007 ne
335 937 527 1021 aequalibus
550 937 678 1020 quidem
695 933 945 1001 innotesceret¹
980 940 1067 999 certe
1087 931 1210 1012 Cicero,
1233 933 1287 1015 qui
1310 933 1527 1017 compluribus
1549 936 1630 1001 locis

270 1042 320 1129 los.
342 1043 432 1107 Haas
454 1062 484 1124 p.
497 1038 549 1125 36]
568 1039 708 1104 fortasse
729 1058 770 1104 eu
790 1035 940 1102 Antiochi
958 1055 1013 1101 ore
1027 1041 1173 1101 veterum
1188 1033 1409 1118 Scepticorum
1423 1036 1629 1122 disciplinam

269 1145 403 1210 fractam
427 1148 459 1208 et
482 1142 675 1208 exstinctam
698 1138 930 1224 perseveravit,
953 1135 1159 1203 Aenesidemi
1181 1135 1298 1221 librum
1320 1146 1377 1204 sut
1394 1160 1459 1205 non
1474 1142 1630 1224 cognovit

269 1255 326 1313 aut
349 1245 495 1311 consulto
518 1243 690 1326 ignoravit.
734 1263 830 1325 quam
853 1243 991 1306 molesta
1013 1246 1046 1305 ct
1067 1237 1206 1303 fortuitis
1235 1238 1363 1305 casibus
1393 1240 1534 1308 obnoxia
1560 1251 1629 1311 tum

268 1346 423 1432 temporis
445 1344 542 1410 fuerit
564 1345 716 1409 librorum
740 1345 837 1410 etiam
860 1340 1075 1424 vulgatiorum
1098 1340 1253 1425 cognitio,
1281 1341 1447 1409 Ciceronis
1468 1345 1629 1429 epistulae

268 1449 398 1516 abunde
421 1449 550 1515 docent.
583 1448 667 1513 inter
689 1447 756 1512 alia
776 1446 841 1516 huc
863 1445 1033 1529 quadrant,
1057 1463 1140 1527 quae
1161 1443 1204 1510 de
1218 1444 1352 1511 Niconis
1367 1448 1431 1532 περὶ
1447 1450 1628 1534 πολυφαγίας

269 1552 421 1619 Trebatio
445 1550 555 1616 scribit
571 1550 690 1616 V1120
707 1560 733 1612 3.
757 1568 841 1633 quae
863 1568 935 1613 cum
950 1546 997 1613 ita
1013 1546 1086 1631 sint,
1110 1546 1195 1611 unde
1211 1546 1336 1613 Sorano
1359 1555 1425 1615 tam
1441 1552 1628 1621 reconditae

268 1656 435 1720 doctrinae
463 1652 604 1736 cognitio
635 1652 773 1736 obtigit?
813 1670 931 1734 nempe
961 1671 1002 1716 ex
1031 1647 1146 1714 medici
1176 1649 1341 1717 cuiusdam
1370 1653 1502 1736 sceptici
1535 1654 1628 1723 libro.

268 1763 395 1824 constat
417 1756 501 1823 enim
523 1754 600 1821 inde
622 1775 643 1820 a
665 1756 835 1841 Pyrrhone
857 1754 901 1821 ad
924 1752 1058 1819 Sextum
1080 1771 1186 1835 paene
1213 1773 1326 1820 omnes
1356 1756 1537 1823 medicinae
1563 1766 1628 1824 sto-

159 1942 162 1946 ,
267 1861 377 1925 <luisse
399 1860 566 1942 scepticos.
612 1858 653 1923 de
674 1858 891 1924 Aenesidemo
915 1855 1044 1940 quidem
1066 1854 1147 1919 nihil
1169 1863 1305 1922 constat.
1351 1858 1409 1924 sed
1434 1879 1500 1926 non
1523 1863 1626 1927 solum

268 1962 435 2045 Empirici,
458 1981 570 2026 verum
593 1960 689 2026 etiam
713 1965 801 2026 certe
823 1960 865 2025 ab
888 1959 991 2024 altero
1014 1979 1045 2041 p.
1069 1956 1143 2022 (lhr.
1168 1960 1298 2025 saeculo
1321 1959 1511 2047 methodici,
1539 1964 1627 2047 quod

267 2063 405 2146 mireris,
433 2062 607 2147 scepticam
631 2061 790 2127 rationem
813 2058 1097 2145 amplexabantur,
1126 2079 1189 2140 qua
1217 2059 1272 2125 via
1293 2061 1476 2129 methodica
1499 2064 1626 2131 Sorano

267 2164 472 2230 Aenesidemi
496 2164 612 2229 notitia
635 2165 756 2229 tradita
778 2164 914 2230 videtur.

354 2267 427 2330 Veri
456 2267 559 2333 simile
588 2274 637 2333 est
663 2272 793 2350 praeter
816 2264 1064 2331 Aenesidemum
1088 2264 1248 2330 Soranum
1275 2267 1439 2348 grandiori
1462 2288 1521 2334 suo
1543 2269 1626 2336 libro

267 2369 364 2433 etiam
389 2367 471 2432 alios
494 2368 600 2434 fontes
622 2367 820 2452 adhibuisse,
844 2369 959 2451 quihus
982 2367 1041 2433 etsi
1065 2387 1137 2432 cum
1153 2366 1286 2432 Placitis
1309 2369 1509 2452 aliquantum
1530 2371 1627 2438 inter-

267 2472 351 2537 cedit
366 2471 577 2556 cognationis,
600 2480 710 2538 tamen
732 2472 805 2555 plus
822 2477 960 2555 apparet
975 2470 1225 2554 discrepantiae.
1248 2472 1337 2536 velut
1352 2471 1544 2540 Tertulliani
1564 2477 1625 2540 ch

266 2577 432 2637 arraserit
460 2575 635 2638 Eubulum
664 2577 798 2657 aliquem
824 2585 853 2638 et
883 2575 1094 2640 Critolaum
1122 2582 1150 2636 et
1172 2574 1417 2638 Xenocratem
1447 2588 1475 2638 et
1502 2579 1562 2639 isto
1591 2580 1626 2639 in

266 2679 333 2740 loco
354 2681 485 2741 amicum
508 2681 677 2742 Platonis
700 2678 949 2741 Aristotelem.
981 2676 1163 2755 fortassean
1183 2687 1364 2741 extruentur
1379 2681 1478 2760 maqis
1497 2680 1541 2743 ad
1563 2699 1626 2742 au-

264 2783 425 2861 ferendum
448 2784 572 2844 animae
594 2783 826 2862 corpulentiam,
848 2782 876 2841 si
898 2800 960 2842 non
983 2781 1064 2842 alios
1086 2801 1102 2842 e
1124 2783 1286 2843 contrario
1301 2782 1493 2862 inspexerint
1508 2793 1536 2845 et
1551 2785 1628 2863 qni-

266 2886 453 2964 dempturus
469 2903 582 2964 corpus
598 2887 721 2948 animae
736 2885 939 2947 vindicantes.
973 2903 1030 2946 nec
1043 2884 1116 2945 illos
1137 2883 1209 2945 dico
1230 2884 1316 2945 solos
1331 2885 1383 2964 qui
1404 2903 1472 2946 eam
1494 2885 1533 2946 de
1554 2905 1627 2947 nra-

264 2990 385 3068 nifestis
413 2989 629 3069 corporalibus
652 2990 799 3069 effinpant
821 2996 854 3049 ut
882 2985 1121 3068 Hipparchus
1144 2992 1172 3047 et
1200 2984 1421 3049 Heraclitus
1444 3007 1483 3049 eu
1506 2990 1570 3068 ipni
1592 2998 1626 3049 ut

264 3091 412 3170 Hippon
436 3100 463 3151 et
487 3090 616 3153 Thales
638 3112 677 3151 ee
700 3112 784 3173 aqna
805 3101 837 3152 ut
860 3088 1106 3169 Empedocles
1134 3097 1163 3149 et
1185 3088 1330 3151 Critias
1357 3109 1398 3151 es·
1419 3093 1571 3171 sanquine
1592 3101 1626 3152 ut

265 3193 451 3271 Epicuros
474 3213 513 3254 eo
535 3195 656 3267 atomis,
679 3196 707 3254 si
730 3203 758 3255 et
782 3195 876 3256 atomi
899 3192 1108 3271 corpulentias
1125 3191 1163 3252 de
1178 3193 1260 3253 coitu
1276 3212 1333 3254 suo
1350 3202 1461 3274 copant
1481 3201 1515 3256 ut
1538 3194 1626 3256 Cri-

265 3295 389 3356 tolans
412 3304 439 3356 et
462 3297 711 3376 Peripatetici
734 3298 800 3358 eius
823 3316 863 3358 ea
886 3296 993 3375 quinta
1020 3296 1124 3356 nescio
1155 3314 1217 3375 qna
1242 3295 1432 3372 substantio,
1459 3298 1489 3358 si
1509 3305 1538 3358 et
1566 3296 1626 3358 illa

264 3416 378 3477 corpus
410 3400 484 3478 qnia
516 3418 652 3479 corpora
683 3399 829 3460 includit:
868 3398 925 3459 sed
957 3398 1049 3459 etiam
1078 3396 1228 3459 Stoicos
1264 3399 1365 3478 allepo
1396 3400 1448 3477 qui
1480 3399 1626 3478 spiritura

261 3500 481 3578 praedicantes
501 3503 636 3563 animam
656 3519 757 3580 paene
777 3500 945 3573 nobiscum,
969 3518 1031 3579 qua
1052 3502 1200 3578 proxima
1221 3504 1301 3563 inter
1322 3520 1357 3562 se
1375 3500 1468 3580 slatus
1482 3510 1511 3562 et
1524 3502 1625 3581 epiri-

264 3611 325 3677 tns,
354 3614 454 3665 tomen
478 3623 591 3683 corpus
615 3604 750 3664 animam
777 3604 873 3682 facile
900 3602 1141 3682 persuadebunt.
1187 3603 1317 3684 denique
1345 3604 1372 3664 Z
1378 3622 1445 3665 eno
1473 3604 1625 3665 consitum

261 3707 404 3783 spiritum
433 3707 580 3787 definiens
603 3707 739 3767 animam
763 3706 821 3767 troc
843 3706 934 3767 modo
956 3700 1080 3767 instruit
1102 3702 1181 3786 ‘quo'
1202 3707 1304 3786 inquit
1330 3703 1481 3787 ‘diprcsco
1504 3707 1625 3768 animal

262 3809 411 3869 emoritur
434 3827 546 3887 corpus
570 3819 627 3883 est,
659 3810 776 3871 consito
799 3817 899 3870 orclem
922 3809 1035 3887 spiritu
1059 3807 1198 3886 dipresso
1221 3809 1340 3870 animal
1360 3811 1522 3885 emoritur,
1549 3828 1624 3889 erpo

263 3913 399 3972 consitus
415 3912 544 3990 spiritus
568 3930 681 3990 corpus
702 3920 755 3984 est,
779 3913 915 3973 corruitur
938 3919 1038 3973 nutem
1060 3911 1190 3989 spiritus
1213 3911 1318 3972 animo
1341 3919 1395 3984 est,
1418 3931 1491 3992 erpo
1510 3931 1626 3993 corpus

261 4024 305 4074 est
329 4016 443 4075 anima.
480 4015 545 4076 cruit
568 4024 595 4075 et
619 4012 816 4074 Cleanthes
837 4032 899 4075 non
921 4014 1020 4075 solum
1043 4015 1185 4093 corporis
1208 4013 1403 4076 lineamentis
1424 4015 1479 4076 sed
1498 4025 1526 4076 et
1548 4017 1650 4078 ani·-

261 4135 328 4177 mae
351 4117 431 4178 notis
452 4116 682 4178 similitudinem
702 4116 885 4195 parentibus
907 4118 939 4178 in
959 4117 1042 4195 filios
1065 4116 1267 4196 respondere,
1297 4117 1335 4177 dc
1355 4117 1482 4197 speculo
1504 4119 1624 4180 scilicet

261 4238 379 4280 morum
402 4230 430 4279 et
452 4221 644 4300 inpenioram
668 4226 697 4279 et
720 4217 899 4299 effectuum,
926 4221 1070 4298 corporis
1097 4230 1197 4282 autem
1218 4220 1450 4282 similitudinem
1471 4228 1500 4283 et
1523 4221 1624 4283 dirri-

261 4321 465 4382 militudinem
489 4342 601 4403 capere
629 4330 658 4382 et
680 4321 824 4382 animam.
869 4322 974 4401 itaque
998 4338 1112 4402 corpus
1140 4322 1336 4385 similitudini
1364 4331 1392 4384 et
1420 4323 1622 4387 dissimilitu-

261 4423 326 4485 dini
349 4425 525 4488 ohnocium.
570 4426 640 4484 item
663 4423 874 4501 corporalium
896 4431 924 4484 et
946 4425 1193 4504 incorporalium
1213 4425 1379 4505 passiones
1401 4425 1481 4488 inter
1502 4445 1536 4489 se
1557 4445 1621 4490 noa

260 4529 494 4589 communicare.
530 4545 627 4604 porro
651 4535 677 4586 et
693 4527 829 4587 animum
846 4528 980 4604 compoti
997 4529 1133 4607 corpori,
1149 4529 1199 4589 cui
1215 4529 1301 4591 laeso
1315 4527 1427 4591 ictibus
1441 4529 1621 4593 sutanum

332 4678 337 4707 ¹
360 4682 485 4743 Diogenis
505 4690 530 4730 et
549 4682 686 4731 Aristoclis
705 4682 774 4746 apud
787 4683 928 4734 Eusebium
946 4687 1071 4734 memoria
1088 4684 1213 4748 Scepticis
1231 4685 1374 4736 iunioribus
1393 4676 1620 4738 deseruissetis

259 4767 460 4816 Aenesidemum
484 4771 561 4817 ctiam
585 4768 648 4817 illud
667 4770 739 4829 facit,
765 4771 835 4832 qnod
858 4770 1003 4821 Stoicorum
1022 4772 1178 4833 omninoque
1198 4774 1347 4821 recentioris
1366 4778 1456 4823 aetatis
1474 4775 1619 4823 sententiae

258 4862 285 4899 nt
309 4852 426 4902 Ciceroni
451 4856 486 4903 ito
512 4857 589 4905 Aetio
618 4857 741 4919 plurimae
768 4859 898 4907 immixtae
922 4867 991 4919 erint,
1023 4857 1133 4922 Sceptici
1159 4859 1363 4909 lleraclitcornm
1391 4861 1530 4924 explicatio
1556 4877 1617 4910 nus·

257 4952 342 5000 quam.
