3442 5588
438 364 632 415 EPIPHANII
651 361 806 415 Anvrns.
825 363 978 415 ΠΑΕΒΕΒ.
997 363 1039 414 111
1051 359 1107 423 &9
1125 362 1177 421 (111
1188 362 1280 423 ισ-κ)
1477 359 1538 424 591

313 536 354 598 18
399 532 636 616 Πρωταγόρας
666 533 682 596 ό
711 535 763 595 τοῦ
792 528 961 615 Μενάνδρου
994 528 1163 616 Ἀβδηρίτης
1192 526 1251 614 ἔφη
1281 528 1323 612 μὴ
1353 527 1441 599 θεοὺς
1470 527 1542 591 εῖναι

231 636 305 718 μηδὲ
328 636 404 706 όλως
426 636 496 699 θεὸν
518 635 669 719 ὑπάρχειν.

312 741 350 803 17
391 739 558 820 Διογένης
580 739 596 800 ὑ
613 736 783 820 Σμυρναῖος,
805 735 880 798 κατὰ
902 734 936 799 δέ
956 757 1033 805 τινας
1050 733 1224 819 Κυρηναῖος,
1246 733 1283 797 τὰ
1304 731 1379 796 αδτά
1400 736 1443 817 τιγῖ
1459 729 1542 815 Πρω·

228 839 338 923 ταγόριγ
358 838 489 909 ἐδόξασα.

200 967 212 1003 ο
315 944 356 1007 18
402 942 546 1026 Πύρρων
576 940 635 1003 ἀπὸ
661 936 782 1008 Ἤλιδος
810 943 869 1002 τῶν
898 938 995 1002 ἀλλων
1026 941 1126 1022 σοφῶν
1153 937 1190 1001 τά
1216 938 1346 1020 δόγματα
1374 940 1541 1020 συναγαγὼν

226 1044 320 1106 πάντα
351 1043 513 1113 ἀντιθέσεις
545 1043 644 1111 αὐτοῖς
680 1039 803 1126 ἔγραψεν
835 1041 1005 1126 ἀνατρέπων
1040 1039 1091 1109 τὰς
1124 1038 1209 1110 δόξας
1238 1040 1336 1103 αὐτῶν
1369 1040 1419 1102 καὶ
1440 1038 1541 1109 ὀὐδενὶ

229 1146 349 1228 δόγματι
372 1145 522 1229 ἠρέσκετο.

314 1252 354 1313 19
395 1245 636 1331 Ἐμπεδοκλῆς
658 1247 674 1308 ό
696 1249 748 1308 τοῦ
772 1243 912 1314 Μέτωνος
930 1243 1145 1329 Ἀκραγαντῖνος
1168 1248 1225 1328 πῦρ
1247 1245 1295 1308 καὶ
1317 1248 1371 1328 γῆν
1393 1246 1442 1308 καὶ
1463 1245 1540 1329 ῦδωρ

231 1350 279 1413 καλ
302 1349 375 1433 ἀέρα
397 1347 519 1432 τέτταρα
546 1347 715 1432 πρωτόγονα
742 1347 873 1432 εἰσέφερε
900 1352 1032 1434 στοιχεῖα
1058 1348 1106 1410 καλ
1134 1345 1231 1430 ἔλεγεν
1259 1345 1370 1432 ἔχθραν
1400 1349 1539 1433 ὑπάρχειν
1560 1370 1575 1406 c

189 1479 213 1516 ιο
231 1456 345 1536 πρῶτον
367 1457 426 1514 τῶν
449 1452 612 1535 στοιχείων.
649 1452 813 1535 κεχώριστο
828 1451 892 1534 γάρ,
914 1451 997 1535 φησί,
1019 1451 1053 1513 τδ
1068 1449 1218 1535 πρότερον,
1241 1453 1290 1512 νῦν
1314 1450 1347 1512 δὲ
1369 1451 1542 1535 συνῆνωται,

231 1558 271 1623 ὡς
293 1554 380 1637 λέγει,
402 1553 568 1638 φιλωθέντα
591 1553 737 1637 ἀλλήλοις.
781 1552 834 1616 δὺο
860 1550 910 1616 οὑν
937 1553 992 1618 εἰσι
1019 1551 1082 1617 κατ’
1110 1553 1198 1617 αῦτδν
1220 1552 1310 1636 ἀρχαὶ
1332 1552 1380 1614 καὶ
1408 1553 1546 1640 δυνάμεις

232 1654 330 1740 ἔχθρα
351 1656 399 1719 καὶ
422 1657 515 1739 φιλία,
538 1657 579 1718 ὧν
602 1657 621 1738 ῆ
645 1655 698 1737 μέν
721 1654 797 1718 ἐστιν
819 1655 944 1740 ἑνωτικὴ
966 1657 986 1739 ῆ
1009 1655 1043 1718 δὲ
1064 1655 1285 1741 διαχωριστικῆ.

311 1761 353 1824 20
392 1756 624 1842 Ἡράκλειτος
652 1760 668 1823 ὑ
696 1762 747 1820 τοῦ
779 1755 932 1826 Βλόσωνος
954 1755 1089 1841 Ἐφέσιος
1118 1758 1152 1821 ἐκ
1173 1758 1263 1841 πυρδς
1284 1754 1367 1840 ἔλεγε
1388 1757 1425 1820 τὰ
1446 1758 1541 1822 πάντα

228 1859 301 1924 εἶναι
324 1861 372 1924 καὶ
394 1860 437 1930 είς
457 1865 515 1943 πῦρ
536 1862 622 1924 πολιν
645 1859 833 1924 ἀναλύεσθαι.

190 1992 214 2029 ιο
316 1966 356 2028 21
394 1962 573 2047 Πρόδικος
594 1962 631 2026 τά
650 1962 778 2045 τέσσαρα
799 1966 930 2046 στοιχεῖα
952 1952 1038 2031 θἐοὑς
1060 1963 1145 2025 καλεῖ
1164 1961 1227 2026 εἶτα
1245 1965 1328 2047 ῆλιον
1343 1965 1391 2027 καὶ
1408 1965 1542 2048 σελήνην.

228 2067 262 2129 ἐκ
283 2066 338 2150 γὰρ
360 2064 469 2129 τούτων
491 2070 563 2129 πᾶσι
583 2066 617 2127 τδ
640 2065 762 2136 ζωτικὸν
785 2059 882 2146 ἔλεγεν
905 2064 1058 2150 ὑπάρχειν.

317 2169 358 2232 22
395 2166 541 2233 Πλάτων
561 2166 714 2252 Ἀθηναῖος
737 2166 806 2230 θεὸν
829 2162 910 2250 ἔλεγε
932 2169 980 2231 καὶ
1004 2167 1074 2250 ῦλην
1097 2165 1170 2232 εἶναι
1193 2169 1241 2232 καὶ
1258 2166 1345 2243 εἶδος,
1367 2170 1416 2231 τδν
1432 2170 1541 2253 κόσμον
1562 2192 1579 2227 υ

231 2270 263 2332 δὲ
289 2271 409 2353 γενητόν
432 2271 480 2334 καὶ
503 2270 633 2354 φθαρτὸν
657 2270 814 2354 ὑπάρχειν,
842 2270 895 2352 τῆν
918 2269 1015 2354 ψυχῆν
1038 2270 1072 2332 δὲ
1093 2270 1231 2353 ἀγένητον
1253 2272 1301 2335 καλ
1324 2271 1470 2336 ἀθάνατον
1493 2273 1542 2336 καλ

229 2372 310 2435 θείαν
332 2373 418 2454 λέγει.
462 2369 536 2435 εἶναι
565 2373 598 2434 δὲ
627 2371 718 2456 αὑτῆς
746 2371 811 2455 τρία
840 2370 925 2455 μέρη,
954 2372 1068 2452 λογικὸν
1099 2371 1222 2454 θυμικὸν
1250 2374 1299 2438 καὶ
1321 2374 1541 2458 ἐπιθυμητικόν.

185 2506 211 2543 ro
229 2472 309 2558 ἔλεγε
336 2477 369 2539 δὲ
394 2476 461 2543 τοῦς
486 2475 596 2558 γάμους
626 2475 747 2545 καὶτὰς
776 2477 911 2558 γυναῖκας
940 2473 999 2536 δεῖν
1028 2474 1125 2543 κοινὰς
1154 2480 1213 2544 τοῖς
1243 2480 1316 2540 τοῖσι
1342 2477 1472 2559 γίνεσθαι
1494 2481 1542 2543 καὶ

230 2579 340 2662 μηδένα
355 2578 414 2661 ἰδίᾳ
427 2578 494 2659 μίαν
517 2574 596 2662 ἔχειν
617 2578 756 2661 γαμετήν,
778 2575 853 2640 ἀλλά
874 2575 941 2644 τοῦς
962 2574 1100 2646 θέλοντας
1121 2581 1184 2647 ταῖς
1205 2579 1392 2662 βουλομέναις
1407 2585 1542 2645 συνεῖναι.

315 2683 356 2746 23
396 2679 621 2764 Ἀρίστιππος
650 2682 666 2743 ό
694 2676 868 2762 Κυρηναῖος.
912 2676 996 2746 οῦτος
1017 2678 1228 2763 γαστρίμαργος
1250 2683 1291 2744 ὢν
1314 2683 1362 2744 καὶ
1384 2685 1538 2767 φιλήδονος
1556 2713 1577 2752 ρ.
1592 2702 1665 2743 rom
1678 2701 1718 2740 νει

230 2785 311 2853 τέλος
326 2781 384 2866 ἔφη
398 2787 451 2865 τῆς
466 2787 564 2866 ψυχῆς
586 2783 638 2865 τῆν
662 2781 769 2865 ῆδονὴν
792 2778 854 2844 καί·
878 2779 955 2849 όστις
976 2781 1089 2864 ῆδεται,
1109 2780 1257 2864 εὐδαίμων
1271 2783 1365 2860 οὗτος,
1388 2787 1404 2847 ό
1420 2785 1453 2847 δὲ
1468 2784 1536 2869 μηδ’

232 2889 309 2957 όλως
330 2886 471 2970 ἡδόμενος
493 2883 659 2967 τρισάθλιος
681 2884 729 2946 καὶ
753 2881 949 2963 κακοδαίμων,
972 2883 1013 2952 ὥς
1034 2904 1117 2967 φησι.

189 3020 214 3056 οι
319 2990 360 3054 24
404 2986 587 3071 θεόδωρος
611 2984 731 3054 iiim<
752 2983 920 3068 ἐπικληθείς
942 2982 999 3069 ἔφη
1015 2987 1104 3070 λῆρον
1126 2985 1199 3051 εἶναι
1220 2989 1287 3058 τοῦς
1308 2990 1374 3073 περὶ
1395 2993 1447 3052 τοῦ
1469 2990 1541 3053 θεοῦ

228 3093 340 3174 λόγους.
385 3087 461 3175 ᾤετο
495 3090 549 3173 γὰρ
582 3089 623 3171 μῆ
655 3086 727 3151 εἶναι
757 3088 837 3150 θεῖον
867 3088 916 3150 καὶ
945 3088 1048 3153 τοῦτου
1077 3090 1173 3154 ἕνεκεν
1208 3091 1403 3176 προύτρέπετο
1434 3093 1542 3162 πάντας

229 3193 360 3256 κλέπτειν
382 3194 526 3277 ἐπιορκεῖν
549 3193 687 3276 ἁρπάζειν
709 3191 757 3253 καὶ
782 3190 822 3273 μῆ
846 3189 1115 3272 ὑπεραποθνῆσκειν
1133 3191 1278 3276 πατρίδος.
1308 3191 1390 3276 ἔλεγε
1405 3195 1459 3278 γὰρ
1475 3195 1542 3277 μίαν

229 3298 353 3380 πατρίδα
375 3295 446 3359 εἶναι
468 3297 517 3359 τδν
540 3294 650 3376 κόσμον
672 3293 720 3357 καὶ
742 3292 855 3374 ἀγαθὸν
877 3292 966 3374 μόνον
986 3290 1068 3376 ἔλεγε
1089 3295 1138 3357 τδν
1160 3294 1400 3377 εὐδαιμονοῦντα,
1428 3296 1543 3381 φεῦγειν

231 3401 263 3462 δὲ
291 3401 340 3463 τδν
370 3401 577 3484 δυστυχοῦντα,
607 3395 661 3458 κάν
692 3393 712 3477 ῆ
746 3395 846 3480 σοφός,
869 3396 918 3459 καὶ
946 3396 1060 3478 αἱρετὸν
1090 3395 1163 3460 εἶναι
1189 3398 1240 3460 τὸν
1265 3398 1378 3482 ἄφρονα
1405 3399 1579 3463 πλοὺσιονπ

188 3529 214 3568 ου
232 3500 301 3564 ὄντα
322 3502 370 3564 καὶ
393 3500 525 3585 ἀπεχθῆ.

314 3606 354 3668 25
393 3601 561 3685 Ἡγησίας
584 3600 758 3686 Κυρηναῖος.
802 3601 887 3671 οὑτος
918 3599 975 3685 ἔφη
999 3601 1074 3684 μήτε
1095 3601 1192 3685 φιλίας
1214 3604 1290 3686 μήτε
1311 3604 1432 3688 χάριτας
1453 3603 1541 3668 εἶναι·

230 3707 271 3789 μὴ
302 3706 441 3790 ὑπάρχειν
463 3706 518 3788 γὰρ
539 3706 629 3775 αὑτὰς
651 3703 761 3788 ἔλεγεν,
789 3704 865 3770 ἀλλὰ
892 3703 1013 3790 χρῆζων
1035 3727 1077 3773 τις
1099 3701 1193 3768 ἔδωκε
1215 3706 1301 3791 χάριν
1324 3707 1343 3789 ῆ
1366 3708 1494 3791 κρεῖττόν
1516 3732 1542 3771 τι

230 3808 335 3871 παθὼν
357 3807 508 3890 εὐεργετεῖ.
554 3806 635 3889 ἔλεγε
665 3809 698 3870 δὲ
726 3807 775 3870 καὶ
805 3811 848 3891 τῷ
877 3805 984 3891 φαόλιμ
1004 3808 1086 3892 ἀνδρὶ
1107 3809 1253 3878 λυσιτελὲς
1281 3809 1315 3871 τὸ
1338 3813 1408 3892 ζῆν,
1437 3817 1480 3895 τῷ
1510 3811 1543 3874 δέ

230 3916 313 3994 σοφῷ
336 3911 370 3972 τὸ
393 3910 561 3986 ἀποθανεῖν,
584 3911 625 3979 ὥς
647 3933 725 3979 τινας
746 3909 780 3973 ἐκ
801 3908 904 3973 τοότου
926 3909 1128 3973 πεισιθάνατον
1150 3911 1239 3974 αῦτδν
1260 3912 1392 3976 καλέσαι.

184 4039 209 4077 ω
314 4015 356 4077 26
397 4010 619 4095 Ἀντισθένης
643 4014 658 4076 ό
682 4012 715 4074 ἐκ
737 4010 869 4095 θρᾴττης
892 4013 1001 4096 μητρὸς
1022 4012 1110 4082 αὐτὸς
1129 4014 1163 4076 δὲ
1181 4011 1349 4096 Ἀθηναῖος,
1371 4017 1404 4078 τδ
1426 4021 1542 4102 πρῶτον

232 4114 417 4197 Σωκρατικὸς
444 4112 545 4178 ἔπειτα
573 4117 686 4184 κυνικδς
708 4112 801 4200 έφησε
824 4115 866 4198 μὴ
889 4119 995 4199 χρῆναι
1017 4116 1054 4178 τὰ
1076 4116 1153 4180 κακὰ
1175 4119 1345 4199 ζηλοτυπεῖν
1374 4118 1481 4203 έτέρων
1509 4119 1542 4203 [ῆ

230 4215 266 4278 τὰ
289 4215 356 4299 παρ’
385 4219 522 4302 ἀλλήλοις
543 4218 676 4303 αίσχραΊ·
706 4217 744 4280 τά
774 4217 807 4280 δὲ
828 4217 913 4303 τείχη
935 4220 993 4278 τῶν
1016 4217 1130 4281 πόλεων
1152 4215 1225 4282 εῖναι
1247 4221 1377 4305 σφαλερά
1398 4221 1471 4304 πρδς
1491 4221 1576 4284 τδνο

229 4313 290 4380 ἔσω
312 4319 468 4403 προδότην,
490 4321 634 4384 ἀσαλευτα
657 4320 690 4383 δὲ
712 4319 748 4383 τὰ
770 4322 822 4404 τῆς
844 4322 942 4405 ψυχῆς
964 4317 1048 4404 τείχη
1071 4320 1120 4384 καὶ
1142 4320 1266 4407 ἀρραγῆ.

179 4507 191 4558 l
218 4500 374 4576 Μινάνδρουι
405 4511 481 4560 immo
506 4503 658 4576 Μαιανδρίου
683 4505 696 4574 ξΙ
717 4507 733 4561 3
753 4503 834 4578 Σμυρ-
886 4525 911 4573 ρ.
928 4508 977 4561 177
998 4504 1013 4576 ΙΙ
1032 4507 1067 4561 24
1085 4523 1145 4578 φασι
1163 4512 1254 4576 ruho:
1275 4514 1375 4565 correxi
1394 4515 1425 4565 ci.
1443 4533 1469 4583 ρ.
1482 4512 1544 4578 592,

175 4597 244 4650 ναῖας
272 4592 327 4645 κτλ.
356 4598 388 4646 ci.
417 4597 487 4648 Prol.
514 4615 540 4662 p.
562 4595 610 4648 177
641 4592 655 4663 ΙΙ
687 4596 718 4646 11
749 4594 835 4663 φιλιω-
887 4595 920 4649 29
940 4592 956 4663 Η
974 4595 1009 4650 28
1026 4600 1109 4663 porris
1127 4595 1246 4666 φτυκτδντ
1266 4586 1457 4668 φαῦλανΖοΠοτ
1475 4597 1490 4670 ΙΙ
1509 4599 1545 4654 θθ

175 4676 254 4732 θίντα
278 4686 346 4733 coni.
366 4685 400 4732 A.
420 4685 486 4734 Iahn
506 4681 519 4750 Η
543 4682 574 4735 13
593 4685 625 4734 de
643 4685 776 4734 Heraclito
802 4685 834 4735 ci.
887 4680 978 4755 ἀπειθῆ
1002 4687 1095 4751 vulgoz
1118 4689 1227 4737 correxi.
1255 4683 1342 4756 ἀπαθῆ
1365 4689 1449 4741 ΖοΠοτ
1471 4685 1486 4755 ΙΙ
1510 4685 1545 4743 33

176 4769 249 4819 Prol.
269 4787 294 4834 ρ.
310 4768 359 4821 177
385 4765 398 4836 ΙΙ
423 4767 454 4821 15
474 4786 511 4828 τις
533 4769 640 4839 τέσσαρα
663 4773 755 4836 vulgo:
778 4786 834 4822 cor·
888 4770 980 4840 ίτίρων
999 4773 1140 4825 Ουτυιιτίιω
1158 4791 1211 4825 non
1232 4772 1307 4826 licere
1326 4774 1439 4827 aliorum
1456 4775 1545 4840 turpia

177 4858 234 4907 rexi
247 4854 261 4922 li
280 4855 310 4908 17
324 4874 382 4908 cum
394 4859 504 4909 Platone
518 4860 549 4909 cf.
563 4876 587 4924 ρ.
598 4857 658 4921 587,
666 4859 691 4912 8.
705 4858 765 4922 588,
775 4857 809 4912 20
821 4857 834 4928 Η
888 4861 996 4912 sectari:
1011 4857 1093 4929 ίτερον
1103 4863 1190 4926 vulgo.
1213 4867 1331 4930 proxima
1343 4865 1474 4930 interpreti
1485 4864 1544 4917 red-

177 4939 212 4994 20
235 4939 272 4995 δεῖ
294 4945 351 4995 libri
383 4941 395 5013 Η
427 4943 460 4996 22
484 4948 515 4997 de
540 4946 687 5013 Cyrenaicis
710 4949 741 5000 cf.
764 4949 836 5000 Prol.
889 4950 951 5013 didi,
965 4951 1009 5015 qui
1022 4966 1068 5016 pro
1081 4946 1198 5020 ἀλλήλοις
1210 4954 1340 5018 scripsisse
1350 4952 1451 5004 videtur
1461 4948 1545 5012 ἄλλοις
