3442 5588
631 349 906 402 suonnsounuu
1416 348 1456 412 13

93 514 293 580 librariorum
318 515 474 598 singulari
498 523 630 601 stupore
653 518 790 582 alterum
813 516 1075 600 impedimentum
1092 518 1200 584 obstat
1221 518 1321 600 ipsius
1337 516 1454 583 Galerii

91 615 223 681 licentia
251 625 285 684 et
317 619 445 684 inscitia
467 619 613 685 inlatum.
657 638 719 684 neo
745 619 829 684 enim
852 638 890 684 eo
919 618 1174 701 recontinebat,
1204 626 1239 684 ut
1264 620 1455 703 placitorum

93 717 245 784 brevitati
277 722 385 803 νομίζει
415 723 467 786 rel
494 721 584 786 οἴεται
618 721 767 805 adderet,
797 728 854 786 aut
884 720 1020 787 Thalem
1046 722 1080 787 iu
1106 722 1218 787 Ioniae
1246 722 1456 805 philosophos

93 830 236 887 16116161-
258 830 316 887 ant
338 825 479 909 ἀρχαίους
501 825 614 889 maliet
636 824 841 908 παλαιοτέρους
864 822 1454 908 110111111611111611111111πυθαγορίζει

92 921 131 1007 [o.
146 921 201 1008 491
225 923 372 1007 pluribus
394 927 561 992 vocabulis
584 926 772 1010 explicaret,
799 925 857 990 sed
880 925 1046 1008 exemplar·
1068 925 1218 991 liberiore
1240 944 1366 1007 quoqne
1388 925 1455 989 imi·

89 1025 215 1092 tatione
238 1026 327 1109 sequi
351 1034 384 1092 et
406 1029 499 1110 quasi
523 1028 671 1094 conscius
693 1027 769 1091 lurti
792 1027 906 1092 leuiter
926 1027 1125 1092 immutando
1146 1027 1254 1093 aliena
1269 1029 1376 1093 celare
1391 1035 1454 1092 stu-

90 1126 200 1193 debat.
227 1138 279 1194 est
294 1128 349 1193 ubi
366 1131 560 1195 sententiam
585 1138 672 1197 reete
693 1129 891 1196 intellexerit
913 1134 947 1192 ut
963 1150 990 1193 c.
1006 1129 1048 1193 48
1062 1128 1260 1195 Aristotelis:
1281 1130 1306 1192 el
1321 1131 1452 1214 τρέφεται

90 1230 107 1290 ὃ
132 1230 242 1311 κόσμος
265 1232 313 1294 καὶ
329 1233 523 1317 φθαρήσεται,
546 1235 622 1297 ἀλλὰ
645 1235 702 1316 μῆν
725 1233 861 1314 οὐδεμιᾶς
886 1255 961 1301 τινος
983 1233 1120 1295 ἐπιδεῖται
1143 1239 1265 1318 τροφῆς,
1296 1234 1343 1296 διὰ
1368 1237 1453 1295 τοῦτο

90 1331 138 1392 καὶ
163 1333 265 1403 ἀίδιος.
309 1334 355 1400 ita
378 1334 584 1417 Plutarchus,
615 1354 708 1416 quem
737 1335 783 1398 sic
805 1333 955 1416 exprimit
982 1335 1007 1397 εἰ
1029 1335 1162 1419 τρέφεται
1184 1336 1390 1419 φθαρήσεσθαι
1413 1359 1453 1398 νε·

91 1433 220 1513 νόμικεν,
243 1435 393 1521 οὐδέτερον
416 1439 448 1500 δὲ
463 1438 573 1500 τούτων
596 1442 637 1521 τῷ
655 1438 758 1522 κόσμῳ
774 1437 965 1522 συμβέβηκεν.
997 1437 1098 1501 multo
1113 1436 1244 1519 saepius
1259 1437 1453 1502 centrarium

88 1535 224 1619 accidit,
258 1545 293 1602 nt
319 1541 498 1606 sentent-ias
525 1558 624 1604 sanas
650 1549 797 1603 autnon
824 1546 1075 1620 consequeretur·
1102 1547 1157 1602 aut
1184 1538 1283 1603 illotis
1304 1541 1453 1605 manibus

88 1646 276 1706 temeraret.
319 1642 396 1707 illue
423 1641 564 1725 pertinet
586 1642 672 1724 quod
693 1643 775 1706 (121
801 1640 996 1706 Plutarchea
1017 1640 1098 1705 haee
1120 1645 1172 1722 τῆς
1194 1642 1226 1702 δὲ
1247 1647 1324 1724 γῆς.
1342 1645 1454 1707 ..ἐστι’

88 1763 153 1804 τινα
177 1744 303 1827 πρότερα
326 1744 356 1813 ἐξ
379 1746 419 1808 ὧν
442 1747 564 1828 γέγονεν·
589 1747 607 1829 i,
632 1745 685 1828 ὕλη
709 1744 840 1828 ἄμορφος
862 1742 935 1807 οὖσα
958 1744 1005 1806 καὶ
1028 1744 1127 1826 darbia<
1149 1743 1246 1805 καὶτὸ
1269 1743 1342 1813 εἶδος
1365 1746 1381 1808 ὃ
1403 1770 1451 1809 κα·

88 1847 197 1924 λοδμεν
223 1846 402 1930 ἐντελέχειαν
428 1847 486 1910 tali
513 1847 609 1912 modo
633 1847 785 1913 reddidit:
811 1852 869 1909 τῶν
898 1847 930 1909 δὲ
957 1846 1108 1931 στοιχείων
1136 1846 1275 1930 προτέραν
1301 1846 1375 1910 εἶναί
1400 1848 1446 1910 τιν’

88 1947 174 2028 ἀειδῆ
199 1949 247 2010 καὶ
270 1948 401 2032 ἄμορφον
425 1949 525 2013 οὐσίαν
548 1950 583 2031 ῆν
605 1951 633 2011 οἱ
656 1950 708 2031 μὲν
731 1949 832 2011 ἄποιον
856 1949 936 2031 ὕλην,
959 1951 985 2011 οἱ
1006 1950 1039 2011 δὲ
1054 1949 1233 2034 ἐντελέχειαν
1249 1951 1297 2012 καὶ
1320 1951 1451 2034 στέρησιν

90 2048 290 2130 ὀνομάζουσιν.
325 2050 475 2117 libentiae
496 2052 646 2134 exempla
669 2051 751 2116 111166
770 2050 888 2115 habeto
906 2049 989 2113 Plur.
1005 2050 1054 2113 111
1071 2054 1105 2114 11
1129 2061 1145 2113 3
1167 2057 1219 2114 τοῦ
1235 2054 1341 2121 παντὸς
1355 2053 1451 2115 ἑστίαν

88 2148 255 2216 inversum
276 2152 310 2216 in
331 2153 439 2225 αἰτίαν,
469 2154 536 2217 1Ιῖ
560 2164 569 2214 l
599 2155 626 2216 oi
649 2155 682 2218 δὲ
704 2152 812 2238 ᾠοειδῆ
840 2152 873 2216 in
895 2152 977 2215 ἄλλοι
1001 2155 1168 2238 κυκλοειδῆ,
1191 2153 1322 2236 gravina
1344 2153 1448 2218 1181

89 2255 116 2313 οἱ
141 2255 201 2316 ἀπὸ
217 2252 322 2318 Θαλειυ
344 2259 460 2340 φυσικοὶ
483 2304 491 2319 .
516 2305 523 2320 .
548 2305 556 2320 .
580 2259 613 2321 τὸ
637 2258 719 2320 κενὸν
742 2255 922 2338 ἀπέγνωσαν,
946 2254 1032 2337 qnod
1055 2254 1142 2319 iraud
1165 2257 1231 2321 scio
1255 2278 1298 2322 an
1313 2257 1451 2322 Boethio

89 2352 232 2440 [abeudl.
261 2356 343 2422 Phil.
366 2358 425 2423 Ilb
448 2356 478 2444 l]
505 2358 741 2441 gratificaturus
773 2358 805 2421 in
832 2356 1027 2421 contrarium
1055 2358 1152 2424 161111
1179 2359 1282 2426 ’111616
1308 2361 1450 2427 sublato:

88 2459 116 2519 ci
144 2459 205 2521 ἀπὸ
232 2459 404 2544 Πυθαγόρου
431 2463 477 2523 καὶ
505 2464 532 2525 ci
559 2464 674 2547 φυσικοὶ
701 2463 804 2530 πάντες
832 2460 917 2544 μέχρι
943 2459 1096 2529 Πλάτωνος
1121 2461 1151 2523 ἐν
1177 2467 1219 2546 τῷ
1244 2462 1347 2547 κόσμῳ
1369 2467 1450 2528 κενὸν

88 2559 161 2623 εἶναι
184 2561 326 2644 λέγουσιν.
348 2569 384 2628 11
405 2563 458 2630 hic
473 2564 681 2649 Pythagorae
695 2562 849 2629 memor-ia
864 2561 945 2626 citra
960 2561 1126 2625 Plutarchi
1149 2561 1243 2628 fidem
1266 2563 1368 2629 inlata
1390 2577 1449 2644 est,

88 2663 136 2727 sic
165 2684 193 2728 c.
214 2665 257 2728 88
287 2665 500 2751 Euthymenis
527 2666 720 2732 Massilienis
752 2685 793 2730 ex
820 2685 846 2728 6.
867 2664 909 2728 89
936 2671 1130 2730 1161616611.
1180 2686 1244 2729 nou
1275 2687 1448 2751 numquam

87 2772 183 2831 vetus
207 2768 403 2850 exemplaris
425 2768 516 2836 labes
543 2788 656 2834 ansam
679 2768 768 2832 dedit
790 2766 1006 2849 interpolandi
1031 2775 1064 2831 et
1085 2768 1279 2833 alrrcinandi.
1311 2770 1352 2835 de
1374 2773 1450 2837 Par·

87 2867 227 2933 menidis
259 2869 378 2935 mundo
406 2872 610 2937 consentiunt
636 2868 829 2934 Plutarchus
859 2878 891 2934 et
923 2869 1084 2935 Stohaeus
1110 2870 1143 2934 11
1166 2872 1183 2934 i
1208 2888 1218 2938 1
1253 2874 1300 2935 καὶ
1334 2877 1367 2937 τὸ
1401 2900 1448 2939 πε-

86 2970 186 3055 ριέχον
209 2973 243 3034 δὲ
264 2975 375 3043 πάσας
396 2975 535 3059 τείχους
558 2973 655 3055 δίκην
676 2974 817 3056 στερεὸν
833 2973 984 3057 ὑπάρχειν.
1008 2970 1121 3053 accipe
1136 2971 1212 3053 qnid
1227 2973 1283 3040 iile
1297 2978 1448 3043 somniet:

87 3074 135 3135 κα1
158 3076 192 3136 τὸ
214 3075 350 3159 περιέχον
374 3076 461 3139 δὲτὸ
484 3081 548 3139 πᾶν
572 3080 746 3160 στοιχεῖον
775 3075 857 3157 δίκην
885 3077 1027 3158 στεφάνου
1057 3080 1173 3158 στερεοῦ
1201 3074 1285 3141 sirau!
1322 3079 1448 3144 1111111116

85 3175 330 3259 interpolatoris
353 3177 528 3243 absurdam
552 3176 795 3261 impudentiam.
829 3177 942 3242 611116
964 3179 1088 3259 legerat
1110 3179 1205 3248 πάσας
1227 3180 1338 3264 στίχου,
1361 3182 1446 3263 quud

84 3278 217 3344 Eusebii
249 3300 377 3363 quoque
410 3281 591 3363 exemplum
624 3285 776 3361 testatur,
806 3299 870 3362 qua
901 3279 1039 3345 lectione
1066 3279 1130 3343 iam
1159 3279 1318 3344 ariolandi
1349 3283 1446 3347 iauua

83 3390 155 3447 erat
179 3381 354 3464 patefacta.
392 3390 534 3448 ceterum
550 3382 604 3447 ubi
620 3389 768 3466 apertum
784 3383 896 3449 vitium
913 3390 1105 3464 occurrerat,
1128 3402 1193 3446 non
1208 3391 1376 3448 cunctatus
1398 3392 1446 3450 est

82 3503 186 3567 saepe
213 3503 347 3550 numero
375 3485 473 3569 plane
501 3484 649 3549 omittere
672 3493 707 3550 nt
730 3488 962 3551 conclamatum
985 3483 1143 3554 illudetur
1170 3489 1293 3567 γεγονὼς
1315 3490 1366 3548 τοῦ
1390 3488 1446 3550 ὑπὸ

81 3591 134 3650 τοῦ
159 3588 233 3649 θεοῦ
256 3587 272 3651 I
297 3590 337 3652 10
355 3600 382 3672 4,
405 3589 546 3670 itemque
568 3588 616 3651 III
641 3588 694 3651 111
719 3590 805 3652 θείων
829 3596 861 3654 et
883 3588 931 3654 111
956 3590 1030 3651 lea
1053 3587 1236 3670 ἐπιπόλαιυν;
1259 3587 1298 3652 61.
1315 3587 1389 3652 114
1417 3600 1446 3650 ln

82 3691 267 3773 κηραίνεται,
288 3692 330 3758 de
353 3712 415 3774 quo
438 3690 516 3756 dixi.
553 3690 638 3755 enim
660 3710 738 3755 vero
761 3710 836 3756 rara
858 3698 908 3756 est
930 3690 1005 3756 talis
1025 3689 1236 3772 verecundia,
1260 3690 1446 3774 plerumque

83 3800 214 3858 constat
236 3793 292 3860 ille
316 3794 423 3859 omnia
446 3793 652 3877 pervertendi
676 3793 825 3876 pruritus.
861 3792 990 3857 omniuo
1014 3792 1101 3857 cadit
1122 3791 1155 3856 in
1179 3791 1338 3856 Galenum
1360 3795 1446 3876 quod

82 3896 304 3981 Hieronymus
326 3917 377 3981 ep.
393 3898 435 3960 52
462 3896 504 3962 de
534 3915 614 3961 suae
641 3895 759 3961 aetatis
788 3894 900 3959 scribis
928 3894 1146 3977 conqueritur:
1174 3894 1346 3961 scribunt
1367 3918 1444 3963 non

80 3998 181 4080 quod
211 3997 416 4064 inveniunt
442 3999 511 4065 sed
538 3998 639 4082 quod
667 3997 906 4079 intellegunt
935 4005 973 4062 et
998 3998 1084 4061 dum
1110 3995 1264 4060 alienos
1287 4016 1445 4065 errores

80 4102 286 4168 emendare
308 4102 486 4168 nituntur
509 4103 727 4168 ostendunt
750 4118 838 4163 snos
862 4096 912 4184 [cf.
936 4098 1067 4178 Quintil.
1090 4096 1259 4184 1114391.

166 4206 287 4272 Verum
310 4205 457 4288 quamvis
479 4204 520 4268 sit
542 4222 667 4268 summa
689 4222 770 4285 opus
793 4202 943 4267 cautione
965 4221 1007 4268 ne
1026 4201 1153 4267 ventosi
1175 4200 1346 4267 nebulonis
1362 4224 1445 4268 com·

79 4316 189 4372 menta
206 4328 266 4391 pro
281 4307 408 4371 sincera
423 4305 578 4371 memoria
593 4305 826 4388 amplexemur,
841 4305 926 4371 inest
940 4311 1050 4370 tamen
1063 4303 1096 4367 in
1108 4302 1234 4367 Galeno
1251 4303 1443 4386 optirnarum
1489 4325 1495 4334 ·

80 4408 254 4473 lectionum
278 4427 385 4491 paene
407 4409 547 4474 intactus
571 4408 750 4474 thesaurus.
797 4407 887 4472 mitto
915 4428 987 4475 eam
1011 4406 1189 4489 scripturae
1211 4407 1444 4488 praestantiam

80 4519 235 4593 repetere,
259 4530 357 4594 quam
380 4530 581 4577 communem
604 4508 670 4575 dixi
690 4509 826 4575 vetustis
843 4510 998 4593 exemplis
1013 4508 1145 4575 Eusebii
1161 4515 1194 4573 et
1209 4506 1332 4592 Gyrilli.
1367 4509 1443 4591 quid

79 4613 176 4676 rero‘?
202 4613 274 4696 ipso
287 4613 430 4679 Eusebio
447 4613 653 4678 vetustiorem
670 4610 954 4694 interpolationem
970 4632 1105 4695 eamque
1121 4609 1342 4694 grauissimam
1356 4612 1443 4674 solus

78 4714 179 4796 arrath
195 4714 355 4781 Galenus.
379 4724 516 4780 ‘constat
539 4736 559 4780 a
582 4713 813 4798 posterioribus
830 4711 995 4779 Socratem
1021 4725 1054 4778 ut
1077 4722 1319 4779 consummatae
1342 4714 1443 4795 philo-

78 4817 208 4900 sophiae
231 4827 402 4885 auctorem
433 4840 496 4881 uon
520 4819 621 4881 solum
651 4819 736 4881 iusta
763 4814 974 4881 veneratione
1002 4817 1166 4898 affectum,
1196 4817 1254 4882 sed
1281 4816 1378 4880 etiam
1410 4817 1442 4881 in

80 4920 221 4985 Platonis
247 4922 421 4986 suffectum
444 4940 516 4985 esse
536 4921 650 4983 locum.
685 4919 768 5002 hinc,
792 4926 827 4983 ut
843 4917 903 4982 hoc
921 4925 1001 4999 utar,
1026 4918 1198 4982 Salvianus
1217 4918 1259 4983 de
1274 4917 1441 4999 gubernat.
