3442 5588
475 359 733 413 FRAGMENTUM
752 361 803 412 ΒΕ
822 359 995 413 SENSIBUS
1014 359 1143 422 §se—80
1427 357 1490 423 523

173 534 234 599 τοῖς
262 530 398 613 σκληροῖς
423 528 472 591 καλ
500 533 560 599 τοῖς
586 528 738 613 ψαθυροῖς.
783 530 808 592 εἰ
834 531 888 614 γὰρ
917 530 994 599 εἰκὸς
1028 529 1118 615 ἄλλην
1152 530 1244 594 αἰτίαν
1277 529 1350 594 εἶναι
1380 535 1440 599 τοῖς

174 632 322 716 διαφόροις
344 631 420 695 κατὰ
440 632 493 716 τὴν
516 633 605 717 ἁφήν,
626 633 660 696 οῦ
683 632 736 696 δᾶν
758 630 800 696 ἐτι
827 634 861 695 τδ
888 636 992 717 σχῆμα
1019 631 1110 696 αἴτιον
1135 633 1181 717 εἴη
1207 639 1260 718 τῆς
1285 634 1436 717 διαφορᾶς,

174 734 249 798 ἀλλὰ
283 735 392 818 μᾶλλον
419 735 438 817 ἡ
468 733 563 804 δέοις·
591 733 740 819 ἐνδέχεται
766 735 820 818 γὰρ
852 734 956 797 καὶτὰ
977 740 1118 820 περιφερῆ
1146 736 1194 798 καὶ
1222 738 1324 805 ἁπλῶς
1347 737 1440 800 πάντα

173 837 347 910 ἐπισκιάζειν
375 837 497 906 ἑαυτοῖς.
541 842 661 921 σημεῖον
689 836 735 900 δέ·
759 837 808 900 καὶ
834 837 887 921 γὰρ
914 837 1002 907 αῦτδς
1022 838 1128 920 ταύτην
1151 838 1233 922 φέρει
1261 839 1313 920 τὴν
1336 838 1440 915 πίστιν,

144 941 230 1005 πόσα
250 946 309 1004 τῶν
331 940 417 1009 λείων
446 941 556 1023 μόλανα
582 939 726 1024 φαίνεται·
760 939 808 1002 διὰ
833 940 887 1024 γὰρ
912 940 965 1022 τὴν
988 939 1130 1024 σύμφυσιν
1153 941 1201 1003 καλ
1224 940 1276 1024 τὴν
1298 941 1376 1009 τάξιν
1399 945 1439 1011 ῶς

172 1044 225 1127 τὴν
248 1043 339 1126 αὐτὴν
361 1040 469 1127 ἔχοντα
491 1043 535 1127 τῷ
558 1041 658 1124 μέλανι
680 1041 835 1127 φαίνεσθαι
856 1045 985 1105 τοιαῦτα.
1023 1043 1072 1105 καὶ
1094 1044 1179 1105 πάλιν
1202 1043 1257 1105 όσα
1272 1044 1363 1108 λευκὰ
1381 1047 1440 1107 τῶν

172 1144 319 1230 τραχέων·
356 1145 390 1208 ἐκ
423 1147 555 1229 μεγαλων
584 1144 638 1228 γὰρ
664 1143 737 1207 εἶναι
764 1148 856 1207 ταῦτα
880 1145 929 1208 καὶ
956 1145 1008 1213 τὰς
1033 1144 1178 1214 συνδέσεις
1204 1145 1238 1208 οὐ
1265 1152 1438 1231 περιφερεῖς,

173 1248 248 1312 άλλολ
265 1245 523 1332 ’προκρόσσαῌ
552 1247 681 1310 καὶτῶν
704 1248 865 1331 σχημάτων
886 1246 939 1316 τὰς
961 1248 1074 1332 μορφολς
1097 1246 1266 1330 ἀγνυμένας,
1289 1249 1388 1333 ὥσπερ
1415 1252 1434 1332 ἡ

173 1352 310 1436 ἀνάβασις
339 1351 388 1414 καὶ
417 1350 454 1414 τὰ
483 1351 539 1433 πρὸ
568 1352 627 1412 τῶν
658 1347 765 1434 τειχῶν
795 1346 859 1434 ἔχει
887 1352 1029 1434 χώματα·
1058 1354 1186 1413 τοιοῦτον
1208 1351 1262 1435 γὰρ
1286 1351 1317 1414 δν
1339 1350 1439 1414 ἄσκιον

133 1482 158 1520 ιο
176 1453 249 1517 εἶναι
270 1455 319 1516 καὶ
342 1453 376 1517 οῦ
399 1451 565 1516 κωλύεσθαι
586 1451 620 1514 τδ
641 1451 783 1535 λαμπρόν.
936 1453 1008 1537 πρδς
1030 1453 1063 1515 δὲ
1084 1451 1196 1521 τοότοις
1216 1459 1281 1522 πῶς
1298 1453 1438 1536 λέγεικαὶ
1456 1462 1490 1515 80

147 1628 153 1639 ‚
171 1555 257 1642 ζῴων
275 1557 309 1619 τδ
325 1557 427 1619 λευκδν
443 1555 528 1618 ἐνίων
542 1554 672 1638 γίνεσθαι
689 1553 790 1636 μέλαν,
812 1553 838 1617 εἰ
852 1553 1006 1637 τεδείιγσαν
1027 1555 1130 1630 οὕτως,
1153 1553 1224 1618 ὥστ’
1251 1555 1438 1641 ἐπισκιάζεινγ

172 1660 248 1728 ὅλως
268 1659 301 1722 δὲ
322 1663 373 1721 τοῦ
396 1660 554 1743 διαφανοῦς
581 1656 705 1720 καὶτοῦ
733 1660 868 1740 λαμπροῦ
892 1659 1001 1738 μᾶλλον
1034 1655 1112 1720 ἔοικε
1140 1658 1192 1741 τὴν
1221 1657 1306 1743 φόσιν
1337 1658 1355 1742 ἢ
1385 1663 1437 1721 τοῦ

174 1764 278 1824 λευκοῦ
294 1760 396 1843 λέγειν.
431 1761 465 1823 τδ
486 1760 541 1844 γὰρ
562 1758 712 1823 εῦδίοπτον
736 1758 809 1823 εἶναι
831 1759 880 1823 καλ
904 1760 945 1842 μὴ
968 1758 1154 1823 ἐπαλλάττειν
1175 1760 1243 1829 τοὺς
1264 1760 1372 1844 πόρους
1386 1766 1438 1824 τοῦ

175 1866 345 1949 διαφανοῦς·
377 1862 458 1946 stet
482 1863 560 1927 πόσα
582 1860 615 1923 δὲ
636 1861 726 1925 λευκὰ
757 1866 810 1926 τοῦ
838 1863 1003 1946 διαφανοῦς.
1044 1859 1086 1924 ἔτι
1120 1863 1153 1924 δὲ
1184 1862 1217 1924 τδ
1254 1863 1306 1944 μὲν
1340 1863 1437 1932 εῦδεῖς

135 1996 159 2033 ιι
177 1966 249 2030 εἶναι
270 1972 330 2030 τῶν
351 1970 463 2030 λευκῶν
485 1966 552 2035 τοὺς
574 1964 690 2048 πόρους,
712 1969 771 2027 τῶν
794 1964 827 2028 δὲ
850 1965 981 2047 μελάνων
1003 1963 1205 2040 ἐπαλλάττειν,
1233 1967 1273 2034 ῶς
1294 1965 1440 2049 εἰσιούσης

175 2075 227 2152 τῆς
248 2069 364 2154 φύσεως
388 2070 543 2155 ὑπολαβεῖν
566 2064 656 2131 ἔστιν·
684 2069 754 2152 δρᾶν
776 2066 809 2130 δέ
831 2088 903 2151 φησι
929 2066 977 2130 διὰ
999 2068 1051 2150 τὴν
1074 2067 1220 2151 ἀπορροὴν
1243 2067 1291 2129 καὶ
1313 2069 1366 2151 τὴν
1389 2066 1438 2150 ἔμ-

175 2193 261 2256 φασιν
283 2173 335 2255 τὴν
358 2171 399 2241 εἰς
420 2173 473 2256 τὴν
497 2169 576 2255 ὄψιν·
605 2170 631 2233 εἰ
653 2170 686 2233 δὲ
707 2169 792 2234 τοῦτό
814 2169 890 2246 ἐστι,
912 2169 940 2232 τί
962 2168 1062 2231 διοίσει
1089 2171 1156 2239 τοὺς
1184 2169 1291 2253 πόρους
1320 2171 1435 2234 κεῖσδαι

175 2272 239 2338 κατ’
267 2276 411 2360 ἀλλήλους
440 2275 460 2358 ἢ
490 2274 691 2357 ἐπαλλάττεινγ
717 2273 786 2336 οὐδὲ
806 2274 859 2357 τὴν
882 2272 1029 2356 ἀπορροὴν
1052 2272 1110 2334 άπδ
1132 2276 1183 2335 τοῦ
1207 2277 1290 2336 κενοῦ
1313 2297 1375 2342 πως
1396 2273 1435 2355 γί-

175 2377 275 2440 νεσδαι
299 2377 399 2464 ῥᾴδιον
422 2375 594 2464 ὑπολαβεῖν·
617 2377 695 2440 ὥστε
715 2376 831 2440 λεκτέον
852 2373 955 2436 τοῦτου
978 2373 1030 2456 τὴν
1052 2373 1154 2437 αἰτίαν.
1200 2373 1279 2438 ἔοικε
1300 2376 1355 2459 γὰρ
1377 2375 1435 2439 άπδ

127 2600 140 2650 1
160 2598 189 2650 οῦ
207 2599 253 2669 γὰρ
267 2602 323 2653 PF:
344 2606 446 2653 correxi
460 2599 504 2668 111
523 2599 577 2653 ουδ’
593 2600 623 2653 ἂν
641 2600 677 2654 ἔτι
695 2604 740 2654 PF
750 2605 781 2654 ci
834 2593 1005 2665 ἂναβαῦμίδας
1023 2597 1147 2661 [debebat
1163 2603 1253 2651 saltem
1266 2597 1439 2669 άναβαδμοῦς]
1457 2598 1489 2650 τὰ

126 2690 339 2754 Usenerjahrb.1.
349 2690 379 2739 ol.
391 2690 454 2754 phil.
464 2689 541 2753 1878,
550 2691 596 2744 66:
610 2688 657 2741 οῦκ
667 2688 696 2741 ἂν
707 2688 782 2747 εἴποις
834 2686 881 2755 πρό
909 2684 965 2738 κτλ.
990 2691 1120 2738 coniceret
1143 2684 1155 2752 ΙΙ
1180 2687 1329 2754 μιγνυμένας
1352 2690 1410 2740 PF:
1433 2704 1489 2737 cor·

127 2779 250 2828 Wimmer
261 2772 274 2844 λλ
286 2773 302 2827 2
313 2773 350 2844 εἴη
364 2780 467 2842 scripsi:
480 2775 540 2828 εἶναι
552 2779 596 2829 PF
610 2773 622 2843 Η
634 2782 713 2846 φορᾶς
724 2779 782 2829 PF:
835 2777 899 2826 rexi.
921 2791 981 2825 nsm
1004 2791 1062 2825 cnm
1084 2771 1228 2842 μιγνῦμεναι
1245 2778 1296 2826 sint
1313 2777 1425 2826 cuiusvis
1444 2791 1488 2840 ge·

126 2880 191 2916 corr·
201 2864 318 2915 Mulieoh
333 2859 347 2930 Η
362 2862 435 2932 ἐπὴν
448 2860 516 2915 δόσιν
528 2875 586 2931 post
596 2866 783 2917 Schneiderom
835 2865 904 2912 neris
926 2865 1038 2923 tonnae,
1069 2861 1163 2930 μορφαὶ
1186 2859 1317 2930 άγιῦμεναι
1338 2864 1488 2913 Democrito

124 2953 250 3003 Wimmcr
280 2947 293 3018 λλ
329 2951 345 3003 7
374 2949 489 3020 μεγάλων
517 2954 552 3002 F:
585 2951 693 3020 μεγάλου
720 2956 742 3006 P
768 2950 781 3021 Η
835 2958 982 3013 cronicae,
1002 2965 1067 3014 quse
1087 2951 1488 3015 copulataenondirectamsed

126 3038 141 3089 7
165 3035 194 3088 οῦ
217 3041 353 3107 περιφερεῖς
375 3041 409 3090 P:
433 3037 575 3108 ῦπερφερεῖς
597 3042 618 3091 Ρ
646 3036 659 3106 Η
683 3041 700 3094 8
722 3057 782 3109 προ·
835 3039 904 3088 velut
924 3037 1042 3103 fractam
1068 3039 1163 3087 lincam
1191 3039 1322 3089 efficerent
1344 3041 1415 3090 velut
1436 3040 1488 3088 He·

126 3123 218 3181 κόσσας
230 3126 289 3177 PF:
309 3142 375 3177 corr.
394 3127 549 3193 Stephanus.
568 3130 682 3178 servavit
694 3129 781 3178 Theo·
832 3122 1008 3176 rodot.1185
1027 3122 1063 3180 ῶς
1081 3120 1096 3174 ό
1111 3140 1138 3174 τε
1156 3121 1268 3191 ποταμός
1287 3121 1433 3193 βραδῦτερος
1451 3121 1488 3192 εἴη

127 3213 246 3278 phrastus
264 3214 457 3265 Democriteum
476 3217 600 3279 glossam,
620 3230 650 3265 ac
668 3231 700 3265 ne
719 3230 779 3280 prc-
832 3211 887 3280 περὶ
911 3210 1013 3278 καμπὰς
1037 3208 1130 3268 πολλός
1155 3207 1333 3278 ἀγνόμενος.
1370 3214 1487 3264 similiter

124 3303 195 3351 xima
220 3302 322 3364 quidem
347 3304 455 3353 multum
473 3318 490 3354 α
507 3304 679 3354 Democriteis
698 3302 782 3353 verbis
834 3301 945 3351 Romani
964 3300 1364 3360 vetntQuinti1.164400mam
1382 3299 1410 3350 in
1426 3317 1487 3364 yra-

124 3390 243 3439 recedere
259 3390 387 3439 videntur.
405 3389 560 3458 προκρόσσας
579 3388 667 3458 ἔρυσαν
685 3392 781 3440 Ηοωε-
834 3387 884 3438 dus
896 3387 1027 3453 sranqcre
1046 3389 1077 3436 de
1097 3388 1223 3437 cincinnis
1247 3389 1336 3450 quoles
1354 3390 1442 3439 videas
1460 3392 1488 3440 in

124 3492 168 3526 rus
187 3470 256 3528 335
279 3478 383 3528 dixerat
404 3479 436 3528 de
460 3478 569 3529 navibus
592 3494 644 3527 nno
667 3479 780 3528 semicir-
833 3476 997 3537 Messalinae,
1011 3475 1094 3525 Iuliae
1107 3476 1237 3537 Domnns,
1250 3477 1411 3528 Msmmeeoc
1424 3479 1488 3527 ime·

128 3565 208 3614 cuicri
226 3565 317 3615 ordine
335 3567 363 3615 in
382 3566 456 3615 litore
477 3567 578 3631 positis,
597 3568 634 3615 ita
653 3573 681 3615 ut
698 3567 780 3619 sitem
832 3564 936 3629 ginibus
962 3563 1091 3625 (visconti
1109 3563 1232 3627 Iconogr.
1250 3578 1316 3614 rom.
1334 3565 1368 3629 pi.
1387 3561 1487 3627 ests,

124 3667 202 3715 super
222 3652 329 3702 alteram
347 3660 460 3703 exstaret
478 3656 612 3718 pinnarum
624 3655 705 3703 instar
724 3669 778 3703 mn·
831 3648 878 3713 52)
907 3646 919 3716 Η
950 3650 965 3702 9
991 3647 1099 3716 σώματα
1123 3650 1180 3701 PF:
1214 3653 1313 3701 correxi
1339 3663 1398 3716 post
1420 3652 1488 3703 Mul·

122 3753 209 3789 torum
228 3755 292 3802 quas
305 3736 408 3791 11258.
422 3738 474 3791 444
493 3737 599 3807 κρόσσας
612 3743 730 3791 nominet
747 3741 780 3790 sb
831 3739 944 3789 lacinium
965 3733 977 3802 li
1000 3736 1031 3789 10
1044 3738 1089 3787 τοῦ
1102 3733 1218 3804 λαμπροῦ
1231 3739 1288 3788 PF:
1301 3754 1367 3788 corr.
1381 3738 1487 3790 Schnei-

123 3827 275 3877 Aristsrcho
295 3828 336 3876 vel
355 3829 449 3893 pinnas
474 3828 515 3877 vel
538 3828 620 3876 scoies
640 3829 779 3892 explicatos
831 3827 877 3876 der
889 3822 901 3891 λΙ
916 3824 944 3876 11
959 3821 1032 3893 ζῴων
1045 3826 1146 3876 Usener
1159 3827 1226 3875 conl.
1241 3828 1320 3876 Arist.
1333 3826 1365 3875 de
1375 3843 1433 3890 gen.
1445 3844 1486 3878 sn.

123 3915 154 3964 cf.
173 3916 256 3965 Lehrs
274 3915 416 3964 Aristarch.
435 3932 459 3980 p.
476 3909 566 3964 ἐόν*
584 3915 695 3979 Hesych.
713 3932 734 3965 υ.
753 3934 778 3966 τ.
831 3914 856 3965 V
866 3911 882 3964 5
892 3931 916 3978 p·
924 3909 1030 3965 785¹·21
1040 3930 1046 3960 ι
1057 3907 1083 3969 ἐξ
1094 3908 1130 3961 ὧν
1141 3913 1184 3963 PF
1197 3909 1209 3978 11
1224 3911 1255 3964 13
1265 3910 1479 3965 άπαλλάττεινΡΙῑ
1485 3935 1491 3964 ι

122 4000 778 4069 κρόσσας.ΗυπιειιιπιίωἰινιυιΗειοόοιιιενΙΙ188,
830 4015 896 4050 corr.
915 4000 1057 4051 Schneider
1072 3993 1084 4063 λλ
1100 3996 1130 4048 14
1149 3996 1367 4068 ἐπὶ-διαφανοῦς
1385 4004 1490 4053 seclusit

121 4089 166 4139 nbi
184 4090 256 4141 Stsin
275 4105 359 4153 neque
378 4090 540 4140 Herodotum
561 4105 645 4152 neque
664 4091 776 4141 Arister-
830 4090 963 4138 Wimmer.
988 4089 1038 4136 nisi
1049 4093 1193 4136 truncatum
1209 4097 1248 4138 est
1261 4092 1429 4152 enuntiatum,
1445 4107 1487 4141 sn-

121 4178 197 4225 chum
221 4185 287 4227 reete
312 4178 501 4240 interpretetur.
537 4177 688 4227 Democrito
716 4174 775 4245 πρό·
828 4171 1104 4241 ορὶυοττοῦδιαφανοῦς
1114 4171 1173 4224 ἐστι.
1184 4179 1274 4242 πρῶτα
1283 4174 1309 4227 δὲ
1318 4176 1350 4227 τὰ
1359 4174 1489 4229 λιυκὰτοῦ

122 4277 226 4330 κροσσος
235 4265 310 4314 latins
322 4271 401 4328 patet,
414 4265 545 4328 utpinnse
554 4266 581 4312 in
593 4263 776 4329 hancfignrsm
828 4260 961 4331 διαφανοῦς
980 4263 1011 4313 cf.
1030 4278 1054 4326 p.
1066 4259 1153 4321 524,4
1168 4257 1182 4327 ΙΙ
1199 4263 1230 4315 15
1249 4262 1308 4315 εἶναι
1325 4270 1376 4315 τῶν
1390 4261 1489 4316 λευκῶν

122 4363 273 4396 mmm
300 4353 465 4402 continuatae
488 4352 665 4415 significentur
692 4368 776 4415 neque
828 4354 863 4403 P:
881 4354 941 4402 item
954 4353 999 4401 scd
1012 4350 1087 4400 valde
1101 4350 1212 4401 oblitter.
1230 4354 1250 4402 P
1269 4350 1284 4419 ΙΙ
1304 4349 1448 4403 incidentes
1460 4360 1489 4402 nt

121 4439 205 4485 minus
223 4445 290 4487 recte
309 4442 388 4505 χῶμα
399 4447 504 4504 propter
518 4439 646 4488 vallorum
658 4440 775 4501 formem,
828 4439 959 4504 ssepinsF
973 4434 988 4506 ΙΙ
1002 4437 1033 4489 16
1044 4437 1143 4504 φάσεως
1153 4442 1221 4490 coni.
1231 4441 1393 4504 Philippson,
1406 4437 1489 4507 ὄψεως

122 4539 198 4586 qnam
218 4521 234 4591 ἡ
254 4521 371 4591 ἀνάβασις
389 4523 418 4587 [i.
431 4543 453 4575 e.
473 4527 558 4577 scales
577 4527 608 4575 cf.
627 4527 702 4576 Plato
721 4542 775 4591 rep.
828 4528 937 4578 Usener.
964 4535 992 4577 nt
1011 4535 1177 4591 opponuntur
1200 4523 1270 4595 φῦσις
1293 4524 1439 4595 χρώματων
1463 4538 1488 4579 et

121 4608 262 4663 V115151
294 4614 362 4662 Plut
391 4613 467 4664 Rom.
485 4612 531 4677 20]
561 4623 666 4678 propter
684 4611 775 4680 άναβα·
828 4611 938 4681 ἀπορροή
953 4609 966 4680 ΙΙ
980 4610 1044 4664 ἔστιν
1057 4611 1115 4682 δρᾶν
1126 4612 1315 4679 δὲΡιριοιευε
1328 4624 1489 4666 evanuerunt

120 4691 194 4763 ἐμῶν
212 4713 347 4749 ascensum
376 4699 707 4765 [of.Iierodot.11125]
735 4704 775 4753 vei
827 4697 1271 4769 PlfloociPPscorr.Schneiderll
1286 4700 1385 4758 17τοῦς
1397 4700 1488 4770 πόρους

121 4786 213 4835 circum
241 4795 340 4837 cratera
363 4789 514 4853 Argolicum
538 4792 640 4854 γρυπῶν
668 4784 775 4855 κεφαλαὶ
827 4791 861 4840 P:
875 4791 935 4839 item
946 4791 991 4839 sed
1004 4790 1150 4840 oblitterata
1162 4789 1183 4838 P
1199 4787 1211 4854 Η
1229 4787 1261 4840 18
1274 4805 1329 4846 πως
1341 4787 1407 4851 [non
1418 4789 1486 4853 πῶς]

121 4873 188 4937 apud
208 4874 333 4924 Herodot.
347 4877 386 4925 IV
403 4873 452 4927 152
474 4873 624 4942 πρόκροσσοι
647 4877 774 4926 dicantur.
825 4871 935 4944 γίνεσθαι
946 4878 982 4927 P:
996 4893 1050 4933 πως
1063 4874 1183 4939 [clarum]
1197 4870 1306 4943 γίνεσθαι
1320 4878 1360 4927 vcl
1373 4871 1487 4943 γενέσθαι

121 4976 201 5024 quare
220 4977 272 5012 non
293 4972 348 5014 eret
370 4980 415 5013 cur
439 4963 552 5015 Muiiaoh
576 4981 600 5011 v.
613 4962 664 5016 8.ss
689 4961 773 5032 ὥσπερ
826 4963 987 5029 [obscurum]
1005 4964 1039 5013 P:
1062 4966 1120 5014 fort.
1136 4967 1191 5020 πῶς
1205 4961 1296 5030 γίνεται
1312 4965 1342 5014 cf.
1362 4981 1386 5031 ρ.
1398 4959 1485 5024 594,2
