<?xml version="1.0" encoding="UTF-8"?>
<!DOCTYPE html PUBLIC "-//W3C//DTD XHTML 1.0 Transitional//EN"
    "http://www.w3.org/TR/xhtml1/DTD/xhtml1-transitional.dtd">
<html xmlns="http://www.w3.org/1999/xhtml" xml:lang="en" lang="en">
 <head>
  <title>
</title>
<meta http-equiv="Content-Type" content="text/html;charset=utf-8" />
  <meta name='ocr-system' content='tesseract 3.04.00' />
  <meta name='ocr-capabilities' content='ocr_page ocr_carea ocr_par ocr_line ocrx_word'/>
</head>
<body>
  <div class='ocr_page' id='page_1' title='image "./doxographigraec00dielgoog/doxographigraec00dielgoog_0249.png"; bbox 0 0 3464 5586; ppageno 0'>
   <div class='ocr_carea' id='block_1_1' title="bbox 179 309 1303 378">
    <p class='ocr_par' dir='ltr' id='par_1_1' title="bbox 179 309 1303 378">
     <span class='ocr_line' id='line_1_1' title="bbox 179 309 1303 378; baseline -0.014 0"><span class='ocrx_word' id='word_1_1' title='bbox 179 314 243 378; x_wconf 80' lang='lat'><strong><em>230</em></strong></span> <span class='ocrx_word' id='word_1_2' title='bbox 417 314 497 364; x_wconf 85' lang='lat' dir='ltr'><strong><em>xvu</em></strong></span> <span class='ocrx_word' id='word_1_3' title='bbox 532 314 581 363; x_wconf 86' lang='lat' dir='ltr'><strong><em>nu</em></strong></span> <span class='ocrx_word' id='word_1_4' title='bbox 603 312 849 364; x_wconf 81' lang='lat' dir='ltr'><strong><em>vunusuouuu</em></strong></span> <span class='ocrx_word' id='word_1_5' title='bbox 868 311 1106 364; x_wconf 78' lang='lat' dir='ltr'><strong><em>enscmouuu</em></strong></span> <span class='ocrx_word' id='word_1_6' title='bbox 1124 309 1303 363; x_wconf 72' lang='lat' dir='ltr'><strong><em>uouemus</em></strong></span> 
     </span>
    </p>
   </div>
   <div class='ocr_carea' id='block_1_2' title="bbox 180 478 1548 4458">
    <p class='ocr_par' dir='ltr' id='par_1_2' title="bbox 180 478 1539 649">
     <span class='ocr_line' id='line_1_2' title="bbox 180 478 1539 564; baseline -0.001 -19"><span class='ocrx_word' id='word_1_7' title='bbox 180 485 334 564; x_wconf 80' lang='lat' dir='ltr'><strong><em>sphoeriis</em></strong></span> <span class='ocrx_word' id='word_1_8' title='bbox 358 483 438 546; x_wconf 85' lang='lat' dir='ltr'><strong><em>caeti</em></strong></span> <span class='ocrx_word' id='word_1_9' title='bbox 458 482 594 562; x_wconf 70' lang='lat' dir='ltr'><strong><em>ephano</em></strong></span> <span class='ocrx_word' id='word_1_10' title='bbox 615 481 755 544; x_wconf 75' lang='lat' dir='ltr'><strong><em>solidata</em></strong></span> <span class='ocrx_word' id='word_1_11' title='bbox 776 491 822 544; x_wconf 82' lang='lat' dir='ltr'><strong><em>eat</em></strong></span> <span class='ocrx_word' id='word_1_12' title='bbox 843 488 872 543; x_wconf 89' lang='lat' dir='ltr'><strong><em>et</em></strong></span> <span class='ocrx_word' id='word_1_13' title='bbox 892 479 964 542; x_wconf 86' lang='lat' dir='ltr'><strong><em>ideo</em></strong></span> <span class='ocrx_word' id='word_1_14' title='bbox 985 478 1039 541; x_wconf 75' lang='lat' dir='ltr'><strong><em>aot</em></strong></span> <span class='ocrx_word' id='word_1_15' title='bbox 1060 496 1137 542; x_wconf 89' lang='lat' dir='ltr'><strong><em>orae</em></strong></span> <span class='ocrx_word' id='word_1_16' title='bbox 1158 482 1310 562; x_wconf 70' lang='lat' dir='ltr'><strong><em>amineae</em></strong></span> <span class='ocrx_word' id='word_1_17' title='bbox 1332 491 1539 544; x_wconf 75' lang='lat' dir='ltr'><strong><em>conveneram</em></strong></span> 
     </span>
     <span class='ocr_line' id='line_1_3' title="bbox 180 583 676 649; baseline -0.01 0"><span class='ocrx_word' id='word_1_18' title='bbox 180 586 347 649; x_wconf 73' lang='lat' dir='ltr'><em>notabilem</em></span> <span class='ocrx_word' id='word_1_19' title='bbox 371 586 544 648; x_wconf 76' lang='lat' dir='ltr'><strong><em>claritatem</em></strong></span> <span class='ocrx_word' id='word_1_20' title='bbox 566 583 676 645; x_wconf 79' lang='lat' dir='ltr'><strong><em>videi.</em></strong></span> 
     </span>
    </p>

    <p class='ocr_par' dir='ltr' id='par_1_3' title="bbox 181 685 1542 1075">
     <span class='ocr_line' id='line_1_4' title="bbox 266 685 1541 766; baseline -0.001 -15"><span class='ocrx_word' id='word_1_21' title='bbox 266 688 460 751; x_wconf 84' lang='lat' dir='ltr'><strong><em>Diodorus</em></strong></span> <span class='ocrx_word' id='word_1_22' title='bbox 487 687 585 765; x_wconf 73' lang='grc' dir='ltr'>ιρπουι</span> <span class='ocrx_word' id='word_1_23' title='bbox 612 704 679 747; x_wconf 79' lang='lat' dir='ltr'><strong><em>aare</em></strong></span> <span class='ocrx_word' id='word_1_24' title='bbox 706 685 850 747; x_wconf 75' lang='lat' dir='ltr'><strong><em>detractae</em></strong></span> <span class='ocrx_word' id='word_1_25' title='bbox 877 694 1098 766; x_wconf 77' lang='lat' dir='ltr'><strong><em>concretaeque</em></strong></span> <span class='ocrx_word' id='word_1_26' title='bbox 1126 695 1260 748; x_wconf 88' lang='lat' dir='ltr'><strong><em>naturae</em></strong></span> <span class='ocrx_word' id='word_1_27' title='bbox 1282 687 1315 748; x_wconf 89' lang='lat' dir='ltr'><strong><em>in</em></strong></span> <span class='ocrx_word' id='word_1_28' title='bbox 1336 705 1431 747; x_wconf 88' lang='lat' dir='ltr'><strong><em>unam</em></strong></span> <span class='ocrx_word' id='word_1_29' title='bbox 1452 689 1541 750; x_wconf 86' lang='lat' dir='ltr'><strong><em>corui</em></strong></span> 
     </span>
     <span class='ocr_line' id='line_1_5' title="bbox 182 787 1542 867; baseline -0.002 -13"><span class='ocrx_word' id='word_1_30' title='bbox 182 793 287 854; x_wconf 85' lang='lat' dir='ltr'><strong><em>limitis</em></strong></span> <span class='ocrx_word' id='word_1_31' title='bbox 319 791 458 853; x_wconf 79' lang='lat' dir='ltr'><strong><em>semitam</em></strong></span> <span class='ocrx_word' id='word_1_32' title='bbox 487 787 675 850; x_wconf 75' lang='lat' dir='ltr'><strong><em>discretione</em></strong></span> <span class='ocrx_word' id='word_1_33' title='bbox 704 787 880 850; x_wconf 84' lang='lat' dir='ltr'><strong><em>mundanae</em></strong></span> <span class='ocrx_word' id='word_1_34' title='bbox 909 788 1052 867; x_wconf 81' lang='lat' dir='ltr'><strong><em>fabricae</em></strong></span> <span class='ocrx_word' id='word_1_35' title='bbox 1078 797 1282 851; x_wconf 84' lang='lat' dir='ltr'><strong><em>coaceruante</em></strong></span> <span class='ocrx_word' id='word_1_36' title='bbox 1309 797 1485 850; x_wconf 85' lang='lat' dir='ltr'><strong><em>concrctam</em></strong></span> <span class='ocrx_word' id='word_1_37' title='bbox 1513 796 1542 851; x_wconf 89' lang='lat' dir='ltr'><strong><em>et</em></strong></span> 
     </span>
     <span class='ocr_line' id='line_1_6' title="bbox 181 889 1542 970; baseline -0.002 -14"><span class='ocrx_word' id='word_1_38' title='bbox 181 894 251 956; x_wconf 86' lang='lat' dir='ltr'><strong><em>idea</em></strong></span> <span class='ocrx_word' id='word_1_39' title='bbox 273 897 372 956; x_wconf 79' lang='lat' dir='ltr'><strong><em>cisum</em></strong></span> <span class='ocrx_word' id='word_1_40' title='bbox 394 893 540 954; x_wconf 74' lang='lat' dir='ltr'><strong><em>intuentia</em></strong></span> <span class='ocrx_word' id='word_1_41' title='bbox 563 889 724 952; x_wconf 81' lang='lat' dir='ltr'><strong><em>admittere</em></strong></span> <span class='ocrx_word' id='word_1_42' title='bbox 745 891 865 970; x_wconf 80' lang='lat' dir='ltr'><strong><em>reliqua</em></strong></span> <span class='ocrx_word' id='word_1_43' title='bbox 887 891 957 969; x_wconf 75' lang='lat' dir='ltr'><strong><em>igue</em></strong></span> <span class='ocrx_word' id='word_1_44' title='bbox 979 891 1104 952; x_wconf 64' lang='lat' dir='ltr'><strong><em>coenati</em></strong></span> <span class='ocrx_word' id='word_1_45' title='bbox 1127 891 1223 953; x_wconf 85' lang='lat' dir='ltr'><strong><em>locem</em></strong></span> <span class='ocrx_word' id='word_1_46' title='bbox 1244 909 1333 952; x_wconf 83' lang='lat' dir='ltr'><strong><em>auam</em></strong></span> <span class='ocrx_word' id='word_1_47' title='bbox 1352 890 1542 953; x_wconf 76' lang='grc' dir='ltr'>ιιιίιιὶσιυθ-</span> 
     </span>
     <span class='ocr_line' id='line_1_7' title="bbox 182 992 950 1075; baseline -0.005 -17"><span class='ocrx_word' id='word_1_48' title='bbox 182 998 293 1058; x_wconf 87' lang='lat' dir='ltr'><strong><em>tititote</em></strong></span> <span class='ocrx_word' id='word_1_49' title='bbox 314 994 460 1075; x_wconf 70' lang='lat' dir='ltr'><strong><em>diffusam</em></strong></span> <span class='ocrx_word' id='word_1_50' title='bbox 482 1011 550 1055; x_wconf 88' lang='lat' dir='ltr'><strong><em>non</em></strong></span> <span class='ocrx_word' id='word_1_51' title='bbox 572 992 741 1055; x_wconf 62' lang='lat' dir='ltr'><strong><em>commenta</em></strong></span> <span class='ocrx_word' id='word_1_52' title='bbox 764 995 950 1072; x_wconf 80' lang='lat' dir='ltr'><strong><em>conspectui.</em></strong></span> 
     </span>
    </p>

    <p class='ocr_par' dir='ltr' id='par_1_4' title="bbox 181 1094 1543 1486">
     <span class='ocr_line' id='line_1_8' title="bbox 267 1094 1542 1176; baseline -0.002 -16"><span class='ocrx_word' id='word_1_53' title='bbox 267 1098 504 1160; x_wconf 79' lang='lat' dir='ltr'><strong><em>Democritus</em></strong></span> <span class='ocrx_word' id='word_1_54' title='bbox 525 1098 705 1158; x_wconf 82' lang='lat' dir='ltr'><strong><em>innumeros</em></strong></span> <span class='ocrx_word' id='word_1_55' title='bbox 725 1096 832 1157; x_wconf 78' lang='lat' dir='ltr'><strong><em>stellae</em></strong></span> <span class='ocrx_word' id='word_1_56' title='bbox 854 1094 1020 1175; x_wconf 81' lang='lat' dir='ltr'><strong><em>breuesque</em></strong></span> <span class='ocrx_word' id='word_1_57' title='bbox 1042 1114 1145 1158; x_wconf 78' lang='lat' dir='ltr'><strong><em>ornnes</em></strong></span> <span class='ocrx_word' id='word_1_58' title='bbox 1168 1114 1248 1176; x_wconf 71' lang='grc' dir='ltr'>ροισι</span> <span class='ocrx_word' id='word_1_59' title='bbox 1268 1098 1371 1176; x_wconf 76' lang='lat' dir='ltr'><strong><em>spirae</em></strong></span> <span class='ocrx_word' id='word_1_60' title='bbox 1391 1104 1493 1159; x_wconf 80' lang='lat' dir='ltr'><strong><em>tractu</em></strong></span> <span class='ocrx_word' id='word_1_61' title='bbox 1508 1100 1542 1158; x_wconf 90' lang='lat' dir='ltr'><strong><em>in</em></strong></span> 
     </span>
     <span class='ocr_line' id='line_1_9' title="bbox 181 1199 1542 1279; baseline 0 -18"><span class='ocrx_word' id='word_1_62' title='bbox 181 1219 275 1261; x_wconf 86' lang='lat' dir='ltr'><strong><em>annm</em></strong></span> <span class='ocrx_word' id='word_1_63' title='bbox 299 1207 427 1262; x_wconf 84' lang='lat' dir='ltr'><strong><em>coactae</em></strong></span> <span class='ocrx_word' id='word_1_64' title='bbox 448 1199 560 1279; x_wconf 76' lang='lat' dir='ltr'><strong><em>spatiis</em></strong></span> <span class='ocrx_word' id='word_1_65' title='bbox 584 1216 663 1279; x_wconf 83' lang='lat' dir='ltr'><strong><em>quoe</em></strong></span> <span class='ocrx_word' id='word_1_66' title='bbox 685 1199 904 1278; x_wconf 68' lang='lat' dir='ltr'><strong><em>oneratissimo</em></strong></span> <span class='ocrx_word' id='word_1_67' title='bbox 926 1199 1111 1260; x_wconf 87' lang='lat' dir='ltr'><strong><em>interiacent</em></strong></span> <span class='ocrx_word' id='word_1_68' title='bbox 1132 1200 1248 1278; x_wconf 78' lang='lat' dir='ltr'><strong><em>apertis</em></strong></span> <span class='ocrx_word' id='word_1_69' title='bbox 1267 1201 1389 1261; x_wconf 84' lang='lat' dir='ltr'><strong><em>uicinae</em></strong></span> <span class='ocrx_word' id='word_1_70' title='bbox 1403 1200 1464 1262; x_wconf 75' lang='lat' dir='ltr'><strong><em>aiei</em></strong></span> <span class='ocrx_word' id='word_1_71' title='bbox 1478 1219 1542 1261; x_wconf 87' lang='lat' dir='ltr'><strong><em>on-</em></strong></span> 
     </span>
     <span class='ocr_line' id='line_1_10' title="bbox 184 1297 1543 1383; baseline 0.001 -20"><span class='ocrx_word' id='word_1_72' title='bbox 184 1303 276 1383; x_wconf 81' lang='lat' dir='ltr'><strong><em>dique</em></strong></span> <span class='ocrx_word' id='word_1_73' title='bbox 298 1309 327 1363; x_wconf 90' lang='lat' dir='ltr'><strong><em>et</em></strong></span> <span class='ocrx_word' id='word_1_74' title='bbox 349 1302 420 1363; x_wconf 85' lang='lat' dir='ltr'><strong><em>ideo</em></strong></span> <span class='ocrx_word' id='word_1_75' title='bbox 441 1303 559 1382; x_wconf 79' lang='lat' dir='ltr'><strong><em>passim</em></strong></span> <span class='ocrx_word' id='word_1_76' title='bbox 579 1297 712 1382; x_wconf 72' lang='lat' dir='ltr'><strong><em>diffusae</em></strong></span> <span class='ocrx_word' id='word_1_77' title='bbox 734 1301 812 1363; x_wconf 83' lang='lat' dir='ltr'><strong><em>lucia</em></strong></span> <span class='ocrx_word' id='word_1_78' title='bbox 834 1302 998 1380; x_wconf 73' lang='lat' dir='ltr'><strong><em>aspergine</em></strong></span> <span class='ocrx_word' id='word_1_79' title='bbox 1019 1303 1195 1363; x_wconf 86' lang='lat' dir='ltr'><strong><em>continuum</em></strong></span> <span class='ocrx_word' id='word_1_80' title='bbox 1213 1302 1310 1362; x_wconf 87' lang='lat' dir='ltr'><strong><em>iuncti</em></strong></span> <span class='ocrx_word' id='word_1_81' title='bbox 1327 1301 1452 1364; x_wconf 75' lang='lat' dir='ltr'><strong><em>luminii</em></strong></span> <span class='ocrx_word' id='word_1_82' title='bbox 1467 1320 1543 1364; x_wconf 86' lang='lat' dir='ltr'><strong><em>car·</em></strong></span> 
     </span>
     <span class='ocr_line' id='line_1_11' title="bbox 184 1404 438 1486; baseline -0.004 -20"><span class='ocrx_word' id='word_1_83' title='bbox 184 1424 243 1486; x_wconf 84' lang='lat' dir='ltr'><strong><em>pus</em></strong></span> <span class='ocrx_word' id='word_1_84' title='bbox 266 1404 438 1466; x_wconf 81' lang='lat' dir='ltr'><strong><em>ostendant.</em></strong></span> 
     </span>
    </p>

    <p class='ocr_par' dir='ltr' id='par_1_5' title="bbox 185 1505 1544 1690">
     <span class='ocr_line' id='line_1_12' title="bbox 267 1505 1544 1587; baseline -0.001 -18"><span class='ocrx_word' id='word_1_85' title='bbox 267 1507 323 1569; x_wconf 80' lang='lat' dir='ltr'><strong><em>aed</em></strong></span> <span class='ocrx_word' id='word_1_86' title='bbox 343 1506 569 1568; x_wconf 79' lang='lat' dir='ltr'><strong><em>Posidonius</em></strong></span> <span class='ocrx_word' id='word_1_87' title='bbox 584 1506 673 1567; x_wconf 81' lang='lat' dir='ltr'><strong><em>cuius</em></strong></span> <span class='ocrx_word' id='word_1_88' title='bbox 688 1505 859 1586; x_wconf 76' lang='lat' dir='ltr'><strong><em>definitioni</em></strong></span> <span class='ocrx_word' id='word_1_89' title='bbox 872 1507 1010 1587; x_wconf 85' lang='lat' dir='ltr'><strong><em>plurium</em></strong></span> <span class='ocrx_word' id='word_1_90' title='bbox 1025 1525 1191 1568; x_wconf 79' lang='lat' dir='ltr'><strong><em>conserues</em></strong></span> <span class='ocrx_word' id='word_1_91' title='bbox 1207 1508 1338 1569; x_wconf 81' lang='lat' dir='ltr'><strong><em>accessit</em></strong></span> <span class='ocrx_word' id='word_1_92' title='bbox 1353 1508 1397 1568; x_wconf 88' lang='lat' dir='ltr'><strong><em>ait</em></strong></span> <span class='ocrx_word' id='word_1_93' title='bbox 1413 1506 1544 1569; x_wconf 84' lang='lat' dir='ltr'><strong><em>lacteum</em></strong></span> 
     </span>
     <span class='ocr_line' id='line_1_13' title="bbox 185 1607 1349 1690; baseline -0.001 -20"><span class='ocrx_word' id='word_1_94' title='bbox 185 1610 301 1672; x_wconf 82' lang='lat' dir='ltr'><strong><em>catoris</em></strong></span> <span class='ocrx_word' id='word_1_95' title='bbox 324 1627 390 1671; x_wconf 81' lang='lat' dir='ltr'><strong><em>erae</em></strong></span> <span class='ocrx_word' id='word_1_96' title='bbox 411 1609 526 1670; x_wconf 81' lang='lat' dir='ltr'><strong><em>siderei</em></strong></span> <span class='ocrx_word' id='word_1_97' title='bbox 548 1607 735 1686; x_wconf 75' lang='lat' dir='ltr'><strong><em>infusionen</em></strong></span> <span class='ocrx_word' id='word_1_98' title='bbox 757 1628 849 1690; x_wconf 83' lang='lat' dir='ltr'><strong><em>quom</em></strong></span> <span class='ocrx_word' id='word_1_99' title='bbox 870 1610 941 1672; x_wconf 82' lang='lat' dir='ltr'><strong><em>idea</em></strong></span> <span class='ocrx_word' id='word_1_100' title='bbox 964 1608 1098 1670; x_wconf 68' lang='lat' dir='ltr'><strong><em>odanco</em></strong></span> <span class='ocrx_word' id='word_1_101' title='bbox 1120 1607 1251 1671; x_wconf 69' lang='lat' dir='ltr'><strong><em>zodiaco</em></strong></span> <span class='ocrx_word' id='word_1_102' title='bbox 1277 1654 1284 1670; x_wconf 94' lang='lat'><strong><em>.</em></strong></span> <span class='ocrx_word' id='word_1_103' title='bbox 1309 1654 1316 1671; x_wconf 90' lang='lat'><strong><em>.</em></strong></span> <span class='ocrx_word' id='word_1_104' title='bbox 1342 1653 1349 1669; x_wconf 91' lang='lat'><strong><em>.</em></strong></span> 
     </span>
    </p>

    <p class='ocr_par' dir='ltr' id='par_1_6' title="bbox 181 1707 1548 4143">
     <span class='ocr_line' id='line_1_14' title="bbox 273 1707 1545 1793; baseline 0 -19"><span class='ocrx_word' id='word_1_105' title='bbox 273 1708 467 1774; x_wconf 80' lang='lat' dir='ltr'><strong><em>Posidonius</em></strong></span> <span class='ocrx_word' id='word_1_106' title='bbox 490 1708 621 1772; x_wconf 90' lang='lat' dir='ltr'><strong><em>ultimus</em></strong></span> <span class='ocrx_word' id='word_1_107' title='bbox 642 1708 781 1792; x_wconf 89' lang='lat' dir='ltr'><strong><em>ideoque</em></strong></span> <span class='ocrx_word' id='word_1_108' title='bbox 802 1709 944 1793; x_wconf 85' lang='lat' dir='ltr'><strong><em>priorum</em></strong></span> <span class='ocrx_word' id='word_1_109' title='bbox 967 1707 1153 1791; x_wconf 86' lang='lat' dir='ltr'><strong><em>opinionum</em></strong></span> <span class='ocrx_word' id='word_1_110' title='bbox 1175 1709 1268 1775; x_wconf 88' lang='lat' dir='ltr'><strong><em>testis</em></strong></span> <span class='ocrx_word' id='word_1_111' title='bbox 1290 1715 1349 1775; x_wconf 89' lang='lat' dir='ltr'><strong><em>est.</em></strong></span> <span class='ocrx_word' id='word_1_112' title='bbox 1393 1708 1481 1791; x_wconf 89' lang='lat' dir='ltr'><strong><em>quod</em></strong></span> <span class='ocrx_word' id='word_1_113' title='bbox 1503 1728 1545 1774; x_wconf 84' lang='lat' dir='ltr'><strong><em>ex</em></strong></span> 
     </span>
     <span class='ocr_line' id='line_1_15' title="bbox 185 1808 1546 1895; baseline -0.001 -19"><span class='ocrx_word' id='word_1_114' title='bbox 185 1810 312 1876; x_wconf 83' lang='lat' dir='ltr'><strong><em>Achille</em></strong></span> <span class='ocrx_word' id='word_1_115' title='bbox 334 1809 573 1875; x_wconf 88' lang='lat' dir='ltr'><strong><em>Posidoniauae</em></strong></span> <span class='ocrx_word' id='word_1_116' title='bbox 602 1808 770 1877; x_wconf 88' lang='lat' dir='ltr'><strong><em>doetrinae</em></strong></span> <span class='ocrx_word' id='word_1_117' title='bbox 799 1810 919 1878; x_wconf 86' lang='lat' dir='ltr'><strong><em>referte</em></strong></span> <span class='ocrx_word' id='word_1_118' title='bbox 949 1810 1131 1895; x_wconf 88' lang='lat' dir='ltr'><strong><em>probamus.</em></strong></span> <span class='ocrx_word' id='word_1_119' title='bbox 1179 1811 1233 1893; x_wconf 88' lang='lat' dir='ltr'><strong><em>qui</em></strong></span> <span class='ocrx_word' id='word_1_120' title='bbox 1260 1810 1388 1876; x_wconf 81' lang='lat' dir='ltr'><strong><em>fabulas</em></strong></span> <span class='ocrx_word' id='word_1_121' title='bbox 1415 1829 1482 1875; x_wconf 90' lang='lat' dir='ltr'><strong><em>uon</em></strong></span> <span class='ocrx_word' id='word_1_122' title='bbox 1510 1816 1546 1875; x_wconf 93' lang='lat' dir='ltr'><strong><em>ut</em></strong></span> 
     </span>
     <span class='ocr_line' id='line_1_16' title="bbox 184 1910 1544 1996; baseline 0 -20"><span class='ocrx_word' id='word_1_123' title='bbox 184 1914 240 1979; x_wconf 92' lang='lat' dir='ltr'><strong><em>ille</em></strong></span> <span class='ocrx_word' id='word_1_124' title='bbox 262 1912 376 1978; x_wconf 90' lang='lat' dir='ltr'><strong><em>reticet</em></strong></span> <span class='ocrx_word' id='word_1_125' title='bbox 398 1930 424 1976; x_wconf 89' lang='lat' dir='ltr'><strong><em>c.</em></strong></span> <span class='ocrx_word' id='word_1_126' title='bbox 441 1911 483 1975; x_wconf 78' lang='lat'><strong><em>24</em></strong></span> <span class='ocrx_word' id='word_1_127' title='bbox 505 1931 537 1994; x_wconf 90' lang='lat' dir='ltr'><strong><em>p.</em></strong></span> <span class='ocrx_word' id='word_1_128' title='bbox 555 1911 645 1974; x_wconf 83' lang='grc' dir='ltr'><strong><em>146κ</em></strong></span> <span class='ocrx_word' id='word_1_129' title='bbox 665 1913 752 1996; x_wconf 82' lang='lat' dir='ltr'><strong><em>Pet.‚</em></strong></span> <span class='ocrx_word' id='word_1_130' title='bbox 779 1913 836 1979; x_wconf 88' lang='lat' dir='ltr'><strong><em>sed</em></strong></span> <span class='ocrx_word' id='word_1_131' title='bbox 858 1910 1082 1978; x_wconf 82' lang='lat' dir='ltr'><strong><em>Eratosthenis</em></strong></span> <span class='ocrx_word' id='word_1_132' title='bbox 1104 1912 1298 1978; x_wconf 84' lang='lat' dir='ltr'><strong><em>Mercurium</em></strong></span> <span class='ocrx_word' id='word_1_133' title='bbox 1321 1911 1544 1996; x_wconf 77' lang='grc' dir='ltr'><strong><em>μοθικώτιρονΙ</em></strong></span> 
     </span>
     <span class='ocr_line' id='line_1_17' title="bbox 183 2013 1545 2101; baseline -0.001 -21"><span class='ocrx_word' id='word_1_134' title='bbox 183 2016 288 2081; x_wconf 82' lang='lat' dir='ltr'><strong><em>affert.</em></strong></span> <span class='ocrx_word' id='word_1_135' title='bbox 325 2021 393 2079; x_wconf 84' lang='lat' dir='ltr'><strong><em>tum</em></strong></span> <span class='ocrx_word' id='word_1_136' title='bbox 416 2033 448 2096; x_wconf 91' lang='lat' dir='ltr'><strong><em>p.</em></strong></span> <span class='ocrx_word' id='word_1_137' title='bbox 465 2013 556 2077; x_wconf 73' lang='grc'><strong>1471</strong></span> <span class='ocrx_word' id='word_1_138' title='bbox 580 2013 697 2095; x_wconf 84' lang='lat' dir='ltr'><strong><em>porgit:</em></strong></span> <span class='ocrx_word' id='word_1_139' title='bbox 730 2014 814 2078; x_wconf 74' lang='grc' dir='ltr'>ἄλλοι</span> <span class='ocrx_word' id='word_1_140' title='bbox 836 2016 869 2079; x_wconf 79' lang='grc' dir='ltr'><strong><em>δὲ</em></strong></span> <span class='ocrx_word' id='word_1_141' title='bbox 890 2015 924 2079; x_wconf 83' lang='grc' dir='ltr'><strong><em>ἐκ</em></strong></span> <span class='ocrx_word' id='word_1_142' title='bbox 945 2020 997 2098; x_wconf 83' lang='grc' dir='ltr'><strong><em>τῆς</em></strong></span> <span class='ocrx_word' id='word_1_143' title='bbox 1022 2017 1170 2101; x_wconf 82' lang='grc' dir='ltr'>συμβολῆς</span> <span class='ocrx_word' id='word_1_144' title='bbox 1191 2021 1249 2079; x_wconf 89' lang='grc' dir='ltr'><strong><em>τῶν</em></strong></span> <span class='ocrx_word' id='word_1_145' title='bbox 1273 2014 1325 2078; x_wconf 76' lang='grc' dir='ltr'><strong><em>δύο</em></strong></span> <span class='ocrx_word' id='word_1_146' title='bbox 1345 2016 1545 2099; x_wconf 72' lang='grc' dir='ltr'>ἡμισφαιρίων</span> 
     </span>
     <span class='ocr_line' id='line_1_18' title="bbox 183 2114 1545 2201; baseline 0.002 -21"><span class='ocrx_word' id='word_1_147' title='bbox 183 2118 314 2201; x_wconf 80' lang='grc' dir='ltr'>λέγουσιν</span> <span class='ocrx_word' id='word_1_148' title='bbox 329 2116 416 2180; x_wconf 84' lang='grc' dir='ltr'>αὐτὸν</span> <span class='ocrx_word' id='word_1_149' title='bbox 432 2115 587 2198; x_wconf 74' lang='grc' dir='ltr'>γεγονέναι.</span> <span class='ocrx_word' id='word_1_150' title='bbox 620 2114 702 2181; x_wconf 89' lang='lat' dir='ltr'><strong><em>haec</em></strong></span> <span class='ocrx_word' id='word_1_151' title='bbox 716 2123 767 2182; x_wconf 89' lang='lat' dir='ltr'><strong><em>est</em></strong></span> <span class='ocrx_word' id='word_1_152' title='bbox 781 2135 878 2199; x_wconf 86' lang='lat' dir='ltr'><strong><em>quam</em></strong></span> <span class='ocrx_word' id='word_1_153' title='bbox 893 2117 1076 2184; x_wconf 83' lang='lat' dir='ltr'><strong><em>Macrobius</em></strong></span> <span class='ocrx_word' id='word_1_154' title='bbox 1091 2117 1170 2184; x_wconf 90' lang='lat' dir='ltr'><strong><em>dicit</em></strong></span> <span class='ocrx_word' id='word_1_155' title='bbox 1185 2116 1403 2200; x_wconf 79' lang='lat' dir='ltr'><strong><em>Theophrasti</em></strong></span> <span class='ocrx_word' id='word_1_156' title='bbox 1422 2117 1545 2200; x_wconf 89' lang='lat' dir='ltr'><strong><em>opinio.</em></strong></span> 
     </span>
     <span class='ocr_line' id='line_1_19' title="bbox 185 2215 1545 2301; baseline 0.001 -18"><span class='ocrx_word' id='word_1_157' title='bbox 185 2219 296 2284; x_wconf 89' lang='lat' dir='ltr'><strong><em>credat</em></strong></span> <span class='ocrx_word' id='word_1_158' title='bbox 328 2215 378 2283; x_wconf 88' lang='lat' dir='ltr'><strong><em>oui</em></strong></span> <span class='ocrx_word' id='word_1_159' title='bbox 412 2215 510 2281; x_wconf 89' lang='lat' dir='ltr'><strong><em>lubet.</em></strong></span> <span class='ocrx_word' id='word_1_160' title='bbox 558 2218 706 2301; x_wconf 82' lang='lat' dir='ltr'><strong><em>equidem</em></strong></span> <span class='ocrx_word' id='word_1_161' title='bbox 740 2239 812 2284; x_wconf 90' lang='lat' dir='ltr'><strong><em>cum</em></strong></span> <span class='ocrx_word' id='word_1_162' title='bbox 840 2225 966 2284; x_wconf 83' lang='lat' dir='ltr'><strong><em>tantum</em></strong></span> <span class='ocrx_word' id='word_1_163' title='bbox 996 2220 1038 2285; x_wconf 88' lang='lat' dir='ltr'><strong><em>ab</em></strong></span> <span class='ocrx_word' id='word_1_164' title='bbox 1067 2219 1243 2286; x_wconf 81' lang='lat' dir='ltr'><strong><em>Aristotele</em></strong></span> <span class='ocrx_word' id='word_1_165' title='bbox 1273 2216 1465 2301; x_wconf 89' lang='lat' dir='ltr'><strong><em>discipulum</em></strong></span> <span class='ocrx_word' id='word_1_166' title='bbox 1497 2236 1545 2284; x_wconf 83' lang='lat' dir='ltr'><strong><em>re</em></strong></span> 
     </span>
     <span class='ocr_line' id='line_1_20' title="bbox 185 2318 1544 2404; baseline -0.001 -19"><span class='ocrx_word' id='word_1_167' title='bbox 185 2319 319 2385; x_wconf 83' lang='lat' dir='ltr'><strong><em>cessisse</em></strong></span> <span class='ocrx_word' id='word_1_168' title='bbox 334 2339 460 2404; x_wconf 81' lang='lat' dir='ltr'><strong><em>negem,</em></strong></span> <span class='ocrx_word' id='word_1_169' title='bbox 476 2321 585 2404; x_wconf 87' lang='lat' dir='ltr'><strong><em>potius</em></strong></span> <span class='ocrx_word' id='word_1_170' title='bbox 601 2318 701 2384; x_wconf 89' lang='lat' dir='ltr'><strong><em>fontis</em></strong></span> <span class='ocrx_word' id='word_1_171' title='bbox 717 2322 929 2387; x_wconf 89' lang='lat' dir='ltr'><strong><em>certissimum</em></strong></span> <span class='ocrx_word' id='word_1_172' title='bbox 943 2319 1097 2385; x_wconf 90' lang='lat' dir='ltr'><strong><em>indicium</em></strong></span> <span class='ocrx_word' id='word_1_173' title='bbox 1111 2327 1218 2404; x_wconf 86' lang='lat' dir='ltr'><strong><em>teneo,</em></strong></span> <span class='ocrx_word' id='word_1_174' title='bbox 1234 2320 1321 2385; x_wconf 92' lang='lat' dir='ltr'><strong><em>unde</em></strong></span> <span class='ocrx_word' id='word_1_175' title='bbox 1335 2318 1544 2403; x_wconf 88' lang='lat' dir='ltr'><strong><em>physicorum</em></strong></span> 
     </span>
     <span class='ocr_line' id='line_1_21' title="bbox 187 2420 1546 2507; baseline -0.001 -20"><span class='ocrx_word' id='word_1_176' title='bbox 187 2420 354 2505; x_wconf 88' lang='lat' dir='ltr'><strong><em>opiniones</em></strong></span> <span class='ocrx_word' id='word_1_177' title='bbox 371 2422 571 2507; x_wconf 87' lang='lat' dir='ltr'><strong><em>deprompsit</em></strong></span> <span class='ocrx_word' id='word_1_178' title='bbox 590 2422 792 2488; x_wconf 88' lang='lat' dir='ltr'><strong><em>Posidonius.</em></strong></span> <span class='ocrx_word' id='word_1_179' title='bbox 821 2423 999 2489; x_wconf 89' lang='lat' dir='ltr'><strong><em>Diodorum</em></strong></span> <span class='ocrx_word' id='word_1_180' title='bbox 1014 2442 1113 2507; x_wconf 88' lang='lat' dir='ltr'><strong><em>supra</em></strong></span> <span class='ocrx_word' id='word_1_181' title='bbox 1128 2423 1265 2489; x_wconf 86' lang='lat' dir='ltr'><strong><em>tractavi</em></strong></span> <span class='ocrx_word' id='word_1_182' title='bbox 1281 2443 1313 2506; x_wconf 95' lang='lat' dir='ltr'><strong><em>p.</em></strong></span> <span class='ocrx_word' id='word_1_183' title='bbox 1322 2422 1373 2506; x_wconf 81' lang='lat'><strong><em>32,</em></strong></span> <span class='ocrx_word' id='word_1_184' title='bbox 1395 2420 1448 2504; x_wconf 88' lang='lat' dir='ltr'><strong><em>qui</em></strong></span> <span class='ocrx_word' id='word_1_185' title='bbox 1467 2440 1546 2485; x_wconf 90' lang='lat' dir='ltr'><strong><em>num</em></strong></span> 
     </span>
     <span class='ocr_line' id='line_1_22' title="bbox 189 2523 1547 2610; baseline 0.001 -22"><span class='ocrx_word' id='word_1_186' title='bbox 189 2541 281 2588; x_wconf 89' lang='lat' dir='ltr'><strong><em>suam</em></strong></span> <span class='ocrx_word' id='word_1_187' title='bbox 303 2542 346 2587; x_wconf 90' lang='lat' dir='ltr'><strong><em>au</em></strong></span> <span class='ocrx_word' id='word_1_188' title='bbox 368 2523 510 2590; x_wconf 84' lang='lat' dir='ltr'><strong><em>alienam</em></strong></span> <span class='ocrx_word' id='word_1_189' title='bbox 532 2525 717 2610; x_wconf 87' lang='lat' dir='ltr'><strong><em>opinionem</em></strong></span> <span class='ocrx_word' id='word_1_190' title='bbox 740 2525 884 2610; x_wconf 84' lang='lat' dir='ltr'><strong><em>proferat</em></strong></span> <span class='ocrx_word' id='word_1_191' title='bbox 899 2523 1019 2590; x_wconf 89' lang='lat' dir='ltr'><strong><em>nescio.</em></strong></span> <span class='ocrx_word' id='word_1_192' title='bbox 1054 2524 1230 2591; x_wconf 89' lang='lat' dir='ltr'><strong><em>Democriti</em></strong></span> <span class='ocrx_word' id='word_1_193' title='bbox 1246 2525 1354 2608; x_wconf 90' lang='lat' dir='ltr'><strong><em>opinio</em></strong></span> <span class='ocrx_word' id='word_1_194' title='bbox 1371 2528 1547 2607; x_wconf 87' lang='lat' dir='ltr'><strong><em>propterea</em></strong></span> 
     </span>
     <span class='ocr_line' id='line_1_23' title="bbox 187 2625 1548 2711; baseline -0.001 -21"><span class='ocrx_word' id='word_1_195' title='bbox 187 2631 236 2690; x_wconf 88' lang='lat' dir='ltr'><strong><em>est</em></strong></span> <span class='ocrx_word' id='word_1_196' title='bbox 251 2625 480 2711; x_wconf 85' lang='lat' dir='ltr'><strong><em>memorabilis,</em></strong></span> <span class='ocrx_word' id='word_1_197' title='bbox 504 2628 579 2709; x_wconf 87' lang='lat' dir='ltr'><strong><em>quia</em></strong></span> <span class='ocrx_word' id='word_1_198' title='bbox 595 2626 788 2693; x_wconf 89' lang='lat' dir='ltr'><strong><em>Aristoteles</em></strong></span> <span class='ocrx_word' id='word_1_199' title='bbox 801 2627 1029 2710; x_wconf 77' lang='lat' dir='ltr'><strong><em>Anaxagoram</em></strong></span> <span class='ocrx_word' id='word_1_200' title='bbox 1052 2633 1085 2692; x_wconf 91' lang='lat' dir='ltr'><strong><em>et</em></strong></span> <span class='ocrx_word' id='word_1_201' title='bbox 1100 2625 1318 2693; x_wconf 86' lang='lat' dir='ltr'><strong><em>Democritum</em></strong></span> <span class='ocrx_word' id='word_1_202' title='bbox 1334 2625 1439 2690; x_wconf 88' lang='lat' dir='ltr'><strong><em>miuus</em></strong></span> <span class='ocrx_word' id='word_1_203' title='bbox 1454 2643 1548 2690; x_wconf 90' lang='lat' dir='ltr'><strong><em>accu-</em></strong></span> 
     </span>
     <span class='ocr_line' id='line_1_24' title="bbox 185 2726 1547 2812; baseline 0 -21"><span class='ocrx_word' id='word_1_204' title='bbox 185 2732 255 2791; x_wconf 88' lang='lat' dir='ltr'><strong><em>rate</em></strong></span> <span class='ocrx_word' id='word_1_205' title='bbox 283 2727 448 2794; x_wconf 85' lang='lat' dir='ltr'><strong><em>coniunxit</em></strong></span> <span class='ocrx_word' id='word_1_206' title='bbox 475 2727 711 2795; x_wconf 86' lang='lat' dir='ltr'><strong><em>meteorol.18</em></strong></span> <span class='ocrx_word' id='word_1_207' title='bbox 733 2750 765 2812; x_wconf 92' lang='lat' dir='ltr'><strong><em>p.</em></strong></span> <span class='ocrx_word' id='word_1_208' title='bbox 781 2731 861 2794; x_wconf 80' lang='grc'><strong>345·</strong></span> <span class='ocrx_word' id='word_1_209' title='bbox 877 2728 955 2794; x_wconf 72' lang='lat' dir='ltr'><strong><em>on*</em></strong></span> <span class='ocrx_word' id='word_1_210' title='bbox 985 2727 1044 2793; x_wconf 89' lang='lat' dir='ltr'><strong><em>sed</em></strong></span> <span class='ocrx_word' id='word_1_211' title='bbox 1066 2736 1196 2812; x_wconf 86' lang='lat' dir='ltr'><strong><em>praeter</em></strong></span> <span class='ocrx_word' id='word_1_212' title='bbox 1217 2726 1416 2793; x_wconf 87' lang='lat' dir='ltr'><strong><em>Macrobium</em></strong></span> <span class='ocrx_word' id='word_1_213' title='bbox 1447 2726 1547 2792; x_wconf 86' lang='lat' dir='ltr'><strong><em>etiam</em></strong></span> 
     </span>
     <span class='ocr_line' id='line_1_25' title="bbox 185 2829 1547 2915; baseline 0.001 -22"><span class='ocrx_word' id='word_1_214' title='bbox 185 2829 329 2894; x_wconf 91' lang='lat' dir='ltr'><strong><em>Achilles</em></strong></span> <span class='ocrx_word' id='word_1_215' title='bbox 359 2829 537 2898; x_wconf 86' lang='lat' dir='ltr'><strong><em>Democriti</em></strong></span> <span class='ocrx_word' id='word_1_216' title='bbox 568 2829 721 2914; x_wconf 88' lang='lat' dir='ltr'><strong><em>placitum</em></strong></span> <span class='ocrx_word' id='word_1_217' title='bbox 752 2832 855 2897; x_wconf 86' lang='lat' dir='ltr'><strong><em>celato</em></strong></span> <span class='ocrx_word' id='word_1_218' title='bbox 885 2829 1014 2896; x_wconf 89' lang='lat' dir='ltr'><strong><em>nomine</em></strong></span> <span class='ocrx_word' id='word_1_219' title='bbox 1044 2831 1148 2914; x_wconf 87' lang='lat' dir='ltr'><strong><em>tangit</em></strong></span> <span class='ocrx_word' id='word_1_220' title='bbox 1175 2831 1314 2915; x_wconf 81' lang='grc' dir='ltr'><strong><em>ρ.147υ</em></strong></span> <span class='ocrx_word' id='word_1_221' title='bbox 1344 2829 1428 2894; x_wconf 82' lang='grc' dir='ltr'>ἄλλοι</span> <span class='ocrx_word' id='word_1_222' title='bbox 1456 2832 1489 2894; x_wconf 78' lang='grc' dir='ltr'><strong><em>δὲ</em></strong></span> <span class='ocrx_word' id='word_1_223' title='bbox 1512 2832 1547 2895; x_wconf 80' lang='grc' dir='ltr'><strong><em>ἐκ</em></strong></span> 
     </span>
     <span class='ocr_line' id='line_1_26' title="bbox 186 2932 1548 3018; baseline 0.001 -23"><span class='ocrx_word' id='word_1_224' title='bbox 186 2938 297 3017; x_wconf 80' lang='grc' dir='ltr'>μικρῶν</span> <span class='ocrx_word' id='word_1_225' title='bbox 327 2936 401 2997; x_wconf 81' lang='grc' dir='ltr'><strong><em>πάνυ</em></strong></span> <span class='ocrx_word' id='word_1_226' title='bbox 428 2935 477 2998; x_wconf 84' lang='grc' dir='ltr'><strong><em>καὶ</em></strong></span> <span class='ocrx_word' id='word_1_227' title='bbox 507 2934 740 3017; x_wconf 75' lang='grc' dir='ltr'><strong><em>πεπυκνωμένων</em></strong></span> <span class='ocrx_word' id='word_1_228' title='bbox 765 2933 814 2997; x_wconf 83' lang='grc' dir='ltr'><strong><em>καλ</em></strong></span> <span class='ocrx_word' id='word_1_229' title='bbox 840 2937 910 3017; x_wconf 79' lang='grc' dir='ltr'>ἡμῖν</span> <span class='ocrx_word' id='word_1_230' title='bbox 933 2932 1094 2997; x_wconf 82' lang='grc' dir='ltr'>δοκούντων</span> <span class='ocrx_word' id='word_1_231' title='bbox 1118 2935 1252 3018; x_wconf 78' lang='grc' dir='ltr'>ἡνῶσθαι</span> <span class='ocrx_word' id='word_1_232' title='bbox 1274 2933 1321 2995; x_wconf 82' lang='grc' dir='ltr'>διὰ</span> <span class='ocrx_word' id='word_1_233' title='bbox 1343 2934 1377 2995; x_wconf 85' lang='grc' dir='ltr'><strong><em>τὸ</em></strong></span> <span class='ocrx_word' id='word_1_234' title='bbox 1399 2935 1548 3018; x_wconf 80' lang='grc' dir='ltr'>διάστημα</span> 
     </span>
     <span class='ocr_line' id='line_1_27' title="bbox 185 3034 1547 3121; baseline 0.001 -24"><span class='ocrx_word' id='word_1_235' title='bbox 185 3037 218 3097; x_wconf 89' lang='grc' dir='ltr'><strong><em>τὸ</em></strong></span> <span class='ocrx_word' id='word_1_236' title='bbox 242 3037 300 3098; x_wconf 81' lang='grc' dir='ltr'><strong><em>ἀπὸ</em></strong></span> <span class='ocrx_word' id='word_1_237' title='bbox 323 3041 374 3099; x_wconf 85' lang='grc' dir='ltr'><strong><em>τοῦ</em></strong></span> <span class='ocrx_word' id='word_1_238' title='bbox 397 3036 521 3121; x_wconf 81' lang='grc' dir='ltr'>οὐρανοῦ</span> <span class='ocrx_word' id='word_1_239' title='bbox 549 3036 597 3100; x_wconf 76' lang='grc' dir='ltr'><strong><em>ἐπὶ</em></strong></span> <span class='ocrx_word' id='word_1_240' title='bbox 625 3037 677 3120; x_wconf 83' lang='grc' dir='ltr'><strong><em>τὴν</em></strong></span> <span class='ocrx_word' id='word_1_241' title='bbox 708 3040 761 3118; x_wconf 80' lang='grc' dir='ltr'><strong><em>γῆν</em></strong></span> <span class='ocrx_word' id='word_1_242' title='bbox 793 3037 922 3120; x_wconf 81' lang='grc' dir='ltr'>ἀστέρων</span> <span class='ocrx_word' id='word_1_243' title='bbox 951 3036 1048 3099; x_wconf 83' lang='grc' dir='ltr'>αὐτῶν</span> <span class='ocrx_word' id='word_1_244' title='bbox 1075 3034 1149 3098; x_wconf 78' lang='grc' dir='ltr'>εἶναί</span> <span class='ocrx_word' id='word_1_245' title='bbox 1173 3056 1260 3120; x_wconf 84' lang='grc' dir='ltr'>φασιν</span> <span class='ocrx_word' id='word_1_246' title='bbox 1289 3038 1329 3104; x_wconf 84' lang='grc' dir='ltr'><strong><em>ῶς</em></strong></span> <span class='ocrx_word' id='word_1_247' title='bbox 1356 3034 1451 3105; x_wconf 81' lang='grc' dir='ltr'>εἴτις</span> <span class='ocrx_word' id='word_1_248' title='bbox 1479 3035 1547 3100; x_wconf 78' lang='grc' dir='ltr'><strong><em>ἁλσὶ</em></strong></span> 
     </span>
     <span class='ocr_line' id='line_1_28' title="bbox 185 3136 1546 3221; baseline 0.003 -22"><span class='ocrx_word' id='word_1_249' title='bbox 185 3139 301 3206; x_wconf 83' lang='grc' dir='ltr'>λεπτοῖς</span> <span class='ocrx_word' id='word_1_250' title='bbox 323 3161 355 3200; x_wconf 84' lang='grc' dir='ltr'><strong><em>τε</em></strong></span> <span class='ocrx_word' id='word_1_251' title='bbox 376 3139 425 3201; x_wconf 85' lang='grc' dir='ltr'><strong><em>καὶ</em></strong></span> <span class='ocrx_word' id='word_1_252' title='bbox 446 3142 563 3207; x_wconf 85' lang='grc' dir='ltr'>πολλοῖς</span> <span class='ocrx_word' id='word_1_253' title='bbox 586 3137 763 3201; x_wconf 66' lang='lat' dir='ltr'><strong><em>renunciasti</em></strong></span> <span class='ocrx_word' id='word_1_254' title='bbox 784 3161 820 3199; x_wconf 85' lang='grc' dir='ltr'>τι.</span> <span class='ocrx_word' id='word_1_255' title='bbox 858 3137 923 3202; x_wconf 80' lang='lat' dir='ltr'><strong><em>iam</em></strong></span> <span class='ocrx_word' id='word_1_256' title='bbox 951 3138 1077 3203; x_wconf 83' lang='lat' dir='ltr'><strong><em>Placita</em></strong></span> <span class='ocrx_word' id='word_1_257' title='bbox 1104 3154 1281 3220; x_wconf 77' lang='lat' dir='ltr'><strong><em>componas</em></strong></span> <span class='ocrx_word' id='word_1_258' title='bbox 1303 3136 1352 3201; x_wconf 91' lang='lat' dir='ltr'><strong><em>III</em></strong></span> <span class='ocrx_word' id='word_1_259' title='bbox 1373 3139 1427 3201; x_wconf 88' lang='grc'><strong><em>16</em></strong></span> <span class='ocrx_word' id='word_1_260' title='bbox 1450 3137 1546 3221; x_wconf 82' lang='grc' dir='ltr'>Δημό-</span> 
     </span>
     <span class='ocr_line' id='line_1_29' title="bbox 187 3240 1546 3326; baseline 0.002 -24"><span class='ocrx_word' id='word_1_261' title='bbox 187 3263 281 3323; x_wconf 82' lang='grc' dir='ltr'>κριτος</span> <span class='ocrx_word' id='word_1_262' title='bbox 303 3243 419 3303; x_wconf 85' lang='grc' dir='ltr'>πολλῶν</span> <span class='ocrx_word' id='word_1_263' title='bbox 442 3242 490 3304; x_wconf 81' lang='grc' dir='ltr'><strong><em>καλ</em></strong></span> <span class='ocrx_word' id='word_1_264' title='bbox 514 3245 624 3324; x_wconf 84' lang='grc' dir='ltr'>μικρῶν</span> <span class='ocrx_word' id='word_1_265' title='bbox 647 3240 695 3303; x_wconf 86' lang='grc' dir='ltr'><strong><em>καὶ</em></strong></span> <span class='ocrx_word' id='word_1_266' title='bbox 718 3242 848 3322; x_wconf 84' lang='grc' dir='ltr'>συνεχῶν</span> <span class='ocrx_word' id='word_1_267' title='bbox 867 3240 997 3324; x_wconf 81' lang='grc' dir='ltr'>ἀστέρων</span> <span class='ocrx_word' id='word_1_268' title='bbox 1013 3240 1277 3326; x_wconf 71' lang='grc' dir='ltr'>συμφωτιζομένων</span> <span class='ocrx_word' id='word_1_269' title='bbox 1292 3241 1430 3325; x_wconf 81' lang='grc' dir='ltr'>ἀλλήλοις</span> <span class='ocrx_word' id='word_1_270' title='bbox 1445 3262 1546 3305; x_wconf 85' lang='grc' dir='ltr'>συναυ·</span> 
     </span>
     <span class='ocr_line' id='line_1_30' title="bbox 185 3341 1548 3429; baseline 0.003 -24"><span class='ocrx_word' id='word_1_271' title='bbox 185 3344 297 3429; x_wconf 63' lang='lat' dir='ltr'><strong><em>paophi</em></strong></span> <span class='ocrx_word' id='word_1_272' title='bbox 320 3343 367 3404; x_wconf 83' lang='grc' dir='ltr'>διὰ</span> <span class='ocrx_word' id='word_1_273' title='bbox 389 3343 442 3426; x_wconf 82' lang='grc' dir='ltr'><strong><em>τὴν</em></strong></span> <span class='ocrx_word' id='word_1_274' title='bbox 464 3343 620 3407; x_wconf 80' lang='grc' dir='ltr'>πύκνωσιν.</span> <span class='ocrx_word' id='word_1_275' title='bbox 653 3342 858 3407; x_wconf 80' lang='lat' dir='ltr'><strong><em>continuatur</em></strong></span> <span class='ocrx_word' id='word_1_276' title='bbox 879 3341 978 3407; x_wconf 78' lang='lat' dir='ltr'><strong><em>eiiam</em></strong></span> <span class='ocrx_word' id='word_1_277' title='bbox 1000 3341 1053 3407; x_wconf 88' lang='lat' dir='ltr'><strong><em>hio</em></strong></span> <span class='ocrx_word' id='word_1_278' title='bbox 1074 3346 1093 3422; x_wconf 66' lang='grc' dir='ltr'>ἓ</span> <span class='ocrx_word' id='word_1_279' title='bbox 1108 3343 1129 3407; x_wconf 86' lang='grc'>8</span> <span class='ocrx_word' id='word_1_280' title='bbox 1151 3341 1296 3405; x_wconf 86' lang='lat' dir='ltr'><strong><em>ultimum</em></strong></span> <span class='ocrx_word' id='word_1_281' title='bbox 1312 3342 1477 3408; x_wconf 81' lang='lat' dir='ltr'><strong><em>Posidonii</em></strong></span> <span class='ocrx_word' id='word_1_282' title='bbox 1493 3343 1548 3410; x_wconf 70' lang='lat' dir='ltr'><strong><em>do</em></strong></span> 
     </span>
     <span class='ocr_line' id='line_1_31' title="bbox 181 3443 1547 3527; baseline 0.003 -20"><span class='ocrx_word' id='word_1_283' title='bbox 181 3450 319 3527; x_wconf 85' lang='lat' dir='ltr'><strong><em>cretum,</em></strong></span> <span class='ocrx_word' id='word_1_284' title='bbox 342 3444 400 3509; x_wconf 89' lang='lat' dir='ltr'><strong><em>sed</em></strong></span> <span class='ocrx_word' id='word_1_285' title='bbox 420 3444 467 3509; x_wconf 89' lang='lat' dir='ltr'><strong><em>ita</em></strong></span> <span class='ocrx_word' id='word_1_286' title='bbox 489 3451 524 3509; x_wconf 91' lang='lat' dir='ltr'><strong><em>ut</em></strong></span> <span class='ocrx_word' id='word_1_287' title='bbox 547 3444 683 3509; x_wconf 87' lang='lat' dir='ltr'><strong><em>obscura</em></strong></span> <span class='ocrx_word' id='word_1_288' title='bbox 704 3443 806 3508; x_wconf 87' lang='lat' dir='ltr'><strong><em>latina</em></strong></span> <span class='ocrx_word' id='word_1_289' title='bbox 828 3444 929 3509; x_wconf 87' lang='lat' dir='ltr'><strong><em>verba</em></strong></span> <span class='ocrx_word' id='word_1_290' title='bbox 950 3447 1067 3508; x_wconf 80' lang='lat' dir='ltr'><strong><em>catoris</em></strong></span> <span class='ocrx_word' id='word_1_291' title='bbox 1088 3447 1203 3507; x_wconf 82' lang='lat' dir='ltr'><strong><em>siderei</em></strong></span> <span class='ocrx_word' id='word_1_292' title='bbox 1224 3445 1409 3523; x_wconf 74' lang='lat' dir='ltr'><strong><em>infusionem</em></strong></span> <span class='ocrx_word' id='word_1_293' title='bbox 1431 3445 1547 3511; x_wconf 90' lang='lat' dir='ltr'><strong><em>melius</em></strong></span> 
     </span>
     <span class='ocr_line' id='line_1_32' title="bbox 185 3544 1545 3631; baseline 0.002 -24"><span class='ocrx_word' id='word_1_294' title='bbox 185 3544 416 3628; x_wconf 84' lang='lat' dir='ltr'><strong><em>intellegantur</em></strong></span> <span class='ocrx_word' id='word_1_295' title='bbox 438 3549 543 3631; x_wconf 81' lang='grc' dir='ltr'>πυρὸς</span> <span class='ocrx_word' id='word_1_296' title='bbox 565 3546 748 3629; x_wconf 80' lang='grc' dir='ltr'>σύστασιν,</span> <span class='ocrx_word' id='word_1_297' title='bbox 775 3545 902 3630; x_wconf 84' lang='grc' dir='ltr'>ἄστρου</span> <span class='ocrx_word' id='word_1_298' title='bbox 926 3548 978 3629; x_wconf 83' lang='grc' dir='ltr'><strong><em>μὲν</em></strong></span> <span class='ocrx_word' id='word_1_299' title='bbox 1001 3548 1168 3630; x_wconf 86' lang='grc' dir='ltr'>μανωτέραν</span> <span class='ocrx_word' id='word_1_300' title='bbox 1191 3546 1283 3630; x_wconf 78' lang='grc' dir='ltr'>αὐγῆς</span> <span class='ocrx_word' id='word_1_301' title='bbox 1305 3547 1337 3609; x_wconf 81' lang='grc' dir='ltr'><strong><em>δὲ</em></strong></span> <span class='ocrx_word' id='word_1_302' title='bbox 1359 3548 1545 3631; x_wconf 85' lang='grc' dir='ltr'>πυκνοτέραν.</span> 
     </span>
     <span class='ocr_line' id='line_1_33' title="bbox 185 3646 1546 3732; baseline 0.003 -22"><span class='ocrx_word' id='word_1_303' title='bbox 185 3647 312 3713; x_wconf 89' lang='lat' dir='ltr'><strong><em>Placita</em></strong></span> <span class='ocrx_word' id='word_1_304' title='bbox 334 3649 389 3731; x_wconf 76' lang='lat'><strong><em>§2</em></strong></span> <span class='ocrx_word' id='word_1_305' title='bbox 412 3648 690 3732; x_wconf 85' lang='lat' dir='ltr'><strong><em>Pythagoreorum</em></strong></span> <span class='ocrx_word' id='word_1_306' title='bbox 718 3646 886 3731; x_wconf 89' lang='lat' dir='ltr'><strong><em>opiniones</em></strong></span> <span class='ocrx_word' id='word_1_307' title='bbox 915 3648 1053 3714; x_wconf 89' lang='lat' dir='ltr'><strong><em>reddunt</em></strong></span> <span class='ocrx_word' id='word_1_308' title='bbox 1082 3648 1213 3713; x_wconf 91' lang='lat' dir='ltr'><strong><em>easdem</em></strong></span> <span class='ocrx_word' id='word_1_309' title='bbox 1244 3667 1325 3730; x_wconf 90' lang='lat' dir='ltr'><strong><em>quas</em></strong></span> <span class='ocrx_word' id='word_1_310' title='bbox 1353 3647 1546 3714; x_wconf 87' lang='lat' dir='ltr'><strong><em>Aristoteles</em></strong></span> 
     </span>
     <span class='ocr_line' id='line_1_34' title="bbox 184 3749 1546 3837; baseline 0.002 -25"><span class='ocrx_word' id='word_1_311' title='bbox 184 3749 205 3812; x_wconf 94' lang='lat' dir='ltr'><strong><em>l.</em></strong></span> <span class='ocrx_word' id='word_1_312' title='bbox 222 3769 249 3813; x_wconf 90' lang='lat' dir='ltr'><strong><em>o.</em></strong></span> <span class='ocrx_word' id='word_1_313' title='bbox 272 3770 302 3832; x_wconf 91' lang='lat' dir='ltr'><strong><em>p.</em></strong></span> <span class='ocrx_word' id='word_1_314' title='bbox 321 3749 400 3814; x_wconf 83' lang='lat'>345·</span> <span class='ocrx_word' id='word_1_315' title='bbox 418 3752 458 3814; x_wconf 84' lang='grc'><strong><em>16</em></strong></span> <span class='ocrx_word' id='word_1_316' title='bbox 480 3750 584 3816; x_wconf 84' lang='lat' dir='ltr'><strong><em>affert.</em></strong></span> <span class='ocrx_word' id='word_1_317' title='bbox 618 3751 723 3815; x_wconf 82' lang='lat' dir='ltr'><strong><em>altera</em></strong></span> <span class='ocrx_word' id='word_1_318' title='bbox 745 3756 807 3815; x_wconf 84' lang='lat' dir='ltr'><strong><em>est:</em></strong></span> <span class='ocrx_word' id='word_1_319' title='bbox 831 3753 858 3813; x_wconf 88' lang='lat' dir='ltr'><strong><em>oi</em></strong></span> <span class='ocrx_word' id='word_1_320' title='bbox 881 3751 913 3813; x_wconf 81' lang='grc' dir='ltr'><strong><em>δὲ</em></strong></span> <span class='ocrx_word' id='word_1_321' title='bbox 936 3752 984 3813; x_wconf 84' lang='grc' dir='ltr'><strong><em>τὸν</em></strong></span> <span class='ocrx_word' id='word_1_322' title='bbox 1007 3752 1127 3833; x_wconf 77' lang='grc' dir='ltr'>ἡλιακὸν</span> <span class='ocrx_word' id='word_1_323' title='bbox 1149 3751 1241 3834; x_wconf 76' lang='grc' dir='ltr'>ταύτῃ</span> <span class='ocrx_word' id='word_1_324' title='bbox 1264 3751 1335 3835; x_wconf 80' lang='grc' dir='ltr'>φασὶ</span> <span class='ocrx_word' id='word_1_325' title='bbox 1357 3749 1422 3813; x_wconf 84' lang='grc' dir='ltr'>κατ’</span> <span class='ocrx_word' id='word_1_326' title='bbox 1450 3752 1546 3837; x_wconf 79' lang='grc' dir='ltr'>ἀρχὰς</span> 
     </span>
     <span class='ocr_line' id='line_1_35' title="bbox 185 3851 1545 3937; baseline 0.003 -25"><span class='ocrx_word' id='word_1_327' title='bbox 185 3853 328 3932; x_wconf 74' lang='grc' dir='ltr'>γεγονέναι</span> <span class='ocrx_word' id='word_1_328' title='bbox 359 3853 476 3936; x_wconf 80' lang='grc' dir='ltr'>δρόμον.</span> <span class='ocrx_word' id='word_1_329' title='bbox 509 3872 627 3918; x_wconf 86' lang='lat' dir='ltr'><strong><em>nomen</em></strong></span> <span class='ocrx_word' id='word_1_330' title='bbox 650 3851 801 3917; x_wconf 81' lang='lat' dir='ltr'><strong><em>discimus</em></strong></span> <span class='ocrx_word' id='word_1_331' title='bbox 829 3872 869 3917; x_wconf 83' lang='lat' dir='ltr'><strong><em>ox</em></strong></span> <span class='ocrx_word' id='word_1_332' title='bbox 892 3852 1019 3917; x_wconf 85' lang='lat' dir='ltr'><strong><em>Achille</em></strong></span> <span class='ocrx_word' id='word_1_333' title='bbox 1040 3873 1072 3935; x_wconf 85' lang='lat' dir='ltr'><strong><em>p.</em></strong></span> <span class='ocrx_word' id='word_1_334' title='bbox 1090 3854 1180 3916; x_wconf 75' lang='grc'><strong>1471</strong></span> <span class='ocrx_word' id='word_1_335' title='bbox 1213 3852 1304 3935; x_wconf 79' lang='grc' dir='ltr'>ἕτεροι</span> <span class='ocrx_word' id='word_1_336' title='bbox 1327 3852 1359 3915; x_wconf 83' lang='grc' dir='ltr'><strong><em>δέ</em></strong></span> <span class='ocrx_word' id='word_1_337' title='bbox 1387 3874 1472 3937; x_wconf 88' lang='grc' dir='ltr'>φασιν</span> <span class='ocrx_word' id='word_1_338' title='bbox 1503 3855 1545 3916; x_wconf 87' lang='grc' dir='ltr'><strong><em>ὧν</em></strong></span> 
     </span>
     <span class='ocr_line' id='line_1_36' title="bbox 186 3952 1546 4040; baseline 0.001 -24"><span class='ocrx_word' id='word_1_339' title='bbox 186 3953 245 4016; x_wconf 83' lang='grc' dir='ltr'>ἐστι</span> <span class='ocrx_word' id='word_1_340' title='bbox 268 3956 316 4017; x_wconf 83' lang='grc' dir='ltr'><strong><em>καλ</em></strong></span> <span class='ocrx_word' id='word_1_341' title='bbox 340 3953 529 4038; x_wconf 76' lang='grc' dir='ltr'>Οἰνοπίδης</span> <span class='ocrx_word' id='word_1_342' title='bbox 552 3958 567 4019; x_wconf 88' lang='lat' dir='ltr'><strong><em>h</em></strong></span> <span class='ocrx_word' id='word_1_343' title='bbox 592 3952 679 4024; x_wconf 84' lang='grc' dir='ltr'>Χῖος</span> <span class='ocrx_word' id='word_1_344' title='bbox 701 3955 744 4018; x_wconf 79' lang='grc' dir='ltr'>ὅτι</span> <span class='ocrx_word' id='word_1_345' title='bbox 767 3954 905 4040; x_wconf 83' lang='grc' dir='ltr'>πρότερον</span> <span class='ocrx_word' id='word_1_346' title='bbox 927 3955 1001 4018; x_wconf 84' lang='grc' dir='ltr'>κατὰ</span> <span class='ocrx_word' id='word_1_347' title='bbox 1024 3954 1126 4018; x_wconf 79' lang='grc' dir='ltr'>τούτου</span> <span class='ocrx_word' id='word_1_348' title='bbox 1149 3954 1268 4038; x_wconf 78' lang='grc' dir='ltr'>ἐφέρετο</span> <span class='ocrx_word' id='word_1_349' title='bbox 1289 3956 1305 4017; x_wconf 84' lang='grc' dir='ltr'>ὁ</span> <span class='ocrx_word' id='word_1_350' title='bbox 1327 3955 1420 4037; x_wconf 75' lang='grc' dir='ltr'>ἥλιος,</span> <span class='ocrx_word' id='word_1_351' title='bbox 1442 3955 1489 4018; x_wconf 84' lang='grc' dir='ltr'>διὰ</span> <span class='ocrx_word' id='word_1_352' title='bbox 1512 3957 1546 4019; x_wconf 83' lang='grc' dir='ltr'><strong><em>δὲ</em></strong></span> 
     </span>
     <span class='ocr_line' id='line_1_37' title="bbox 185 4056 786 4143; baseline -0.003 -25"><span class='ocrx_word' id='word_1_353' title='bbox 185 4057 220 4119; x_wconf 82' lang='grc' dir='ltr'><strong><em>τὰ</em></strong></span> <span class='ocrx_word' id='word_1_354' title='bbox 245 4056 384 4121; x_wconf 84' lang='grc' dir='ltr'>Θυέστεια</span> <span class='ocrx_word' id='word_1_355' title='bbox 407 4059 507 4121; x_wconf 82' lang='grc' dir='ltr'>δεῖπνα</span> <span class='ocrx_word' id='word_1_356' title='bbox 529 4059 700 4143; x_wconf 83' lang='grc' dir='ltr'>ἀπεστράφη</span> <span class='ocrx_word' id='word_1_357' title='bbox 724 4060 786 4120; x_wconf 91' lang='grc' dir='ltr'><strong><em>κτλ.</em></strong></span> 
     </span>
    </p>

    <p class='ocr_par' dir='ltr' id='par_1_7' title="bbox 185 4157 1546 4458">
     <span class='ocr_line' id='line_1_38' title="bbox 270 4157 1544 4244; baseline 0.005 -23"><span class='ocrx_word' id='word_1_358' title='bbox 270 4158 474 4225; x_wconf 85' lang='lat' dir='ltr'><strong><em>Manifestius</em></strong></span> <span class='ocrx_word' id='word_1_359' title='bbox 497 4167 546 4226; x_wconf 90' lang='lat' dir='ltr'><strong><em>est</em></strong></span> <span class='ocrx_word' id='word_1_360' title='bbox 561 4159 650 4225; x_wconf 86' lang='lat' dir='ltr'><strong><em>aliud</em></strong></span> <span class='ocrx_word' id='word_1_361' title='bbox 666 4161 848 4243; x_wconf 83' lang='lat' dir='ltr'><strong><em>exemplum</em></strong></span> <span class='ocrx_word' id='word_1_362' title='bbox 864 4157 1047 4226; x_wconf 89' lang='lat' dir='ltr'><strong><em>Aristotelis</em></strong></span> <span class='ocrx_word' id='word_1_363' title='bbox 1064 4178 1121 4242; x_wconf 92' lang='lat' dir='ltr'><strong><em>per</em></strong></span> <span class='ocrx_word' id='word_1_364' title='bbox 1137 4157 1347 4224; x_wconf 89' lang='lat' dir='ltr'><strong><em>Posidonium</em></strong></span> <span class='ocrx_word' id='word_1_365' title='bbox 1362 4161 1544 4244; x_wconf 84' lang='lat' dir='ltr'><strong><em>propagati.</em></strong></span> 
     </span>
     <span class='ocr_line' id='line_1_39' title="bbox 185 4259 1546 4346; baseline 0.007 -25"><span class='ocrx_word' id='word_1_366' title='bbox 185 4259 217 4323; x_wconf 91' lang='lat' dir='ltr'><strong><em>in</em></strong></span> <span class='ocrx_word' id='word_1_367' title='bbox 234 4260 365 4325; x_wconf 87' lang='lat' dir='ltr'><strong><em>scholiis</em></strong></span> <span class='ocrx_word' id='word_1_368' title='bbox 377 4260 468 4326; x_wconf 86' lang='lat' dir='ltr'><strong><em>Arati</em></strong></span> <span class='ocrx_word' id='word_1_369' title='bbox 484 4283 514 4327; x_wconf 87' lang='grc' dir='ltr'><strong><em>ν.</em></strong></span> <span class='ocrx_word' id='word_1_370' title='bbox 528 4264 609 4328; x_wconf 85' lang='grc'><strong>1091</strong></span> <span class='ocrx_word' id='word_1_371' title='bbox 627 4264 744 4346; x_wconf 84' lang='lat' dir='ltr'><strong><em>p.151‚</em></strong></span> <span class='ocrx_word' id='word_1_372' title='bbox 761 4263 799 4325; x_wconf 93' lang='grc'><strong><em>17</em></strong></span> <span class='ocrx_word' id='word_1_373' title='bbox 815 4262 920 4327; x_wconf 88' lang='lat' dir='ltr'><strong><em>Bekk.</em></strong></span> <span class='ocrx_word' id='word_1_374' title='bbox 934 4260 1212 4345; x_wconf 85' lang='lat' dir='ltr'><strong><em>Pythagoreorum</em></strong></span> <span class='ocrx_word' id='word_1_375' title='bbox 1224 4263 1401 4329; x_wconf 90' lang='lat' dir='ltr'><strong><em>Democriti</em></strong></span> <span class='ocrx_word' id='word_1_376' title='bbox 1415 4263 1546 4331; x_wconf 84' lang='lat' dir='ltr'><strong><em>Anaxa·</em></strong></span> 
     </span>
     <span class='ocr_line' id='line_1_40' title="bbox 185 4363 1546 4458; baseline 0.008 -34"><span class='ocrx_word' id='word_1_377' title='bbox 185 4381 283 4442; x_wconf 80' lang='lat' dir='ltr'><strong><em>gorae</em></strong></span> <span class='ocrx_word' id='word_1_378' title='bbox 292 4363 500 4447; x_wconf 89' lang='lat' dir='ltr'><strong><em>Hippocratis</em></strong></span> <span class='ocrx_word' id='word_1_379' title='bbox 513 4365 554 4431; x_wconf 89' lang='lat' dir='ltr'><strong><em>de</em></strong></span> <span class='ocrx_word' id='word_1_380' title='bbox 566 4365 699 4431; x_wconf 90' lang='lat' dir='ltr'><strong><em>cometis</em></strong></span> <span class='ocrx_word' id='word_1_381' title='bbox 711 4363 880 4448; x_wconf 87' lang='lat' dir='ltr'><strong><em>opiniones</em></strong></span> <span class='ocrx_word' id='word_1_382' title='bbox 890 4372 1109 4458; x_wconf 84' lang='lat' dir='ltr'><strong><em>recensentur.</em></strong></span> <span class='ocrx_word' id='word_1_383' title='bbox 1130 4365 1201 4431; x_wconf 90' lang='lat' dir='ltr'><strong><em>sine</em></strong></span> <span class='ocrx_word' id='word_1_384' title='bbox 1212 4366 1546 4454; x_wconf 88' lang='lat' dir='ltr'><strong><em>negotioAristotelis,</em></strong></span> 
     </span>
    </p>
   </div>
   <div class='ocr_carea' id='block_1_3' title="bbox 187 4485 585 4496">
    <p class='ocr_par' dir='ltr' id='par_1_8' title="bbox 187 4485 585 4496">
     <span class='ocr_line' id='line_1_41' title="bbox 187 4485 585 4496; baseline 0.013 -6"><span class='ocrx_word' id='word_1_385' title='bbox 187 4485 481 4495; x_wconf 71' lang='lat'><strong><em>--—.-.-.-.———....</em></strong></span> <span class='ocrx_word' id='word_1_386' title='bbox 489 4490 495 4494; x_wconf 92' lang='lat'><strong><em>.</em></strong></span> <span class='ocrx_word' id='word_1_387' title='bbox 503 4489 585 4496; x_wconf 56' lang='lat'><strong><em>*-</em></strong></span> 
     </span>
    </p>
   </div>
   <div class='ocr_carea' id='block_1_4' title="bbox 183 4532 1547 4777">
    <p class='ocr_par' dir='ltr' id='par_1_9' title="bbox 183 4532 1547 4777">
     <span class='ocr_line' id='line_1_42' title="bbox 258 4532 1547 4608; baseline 0.007 -23"><span class='ocrx_word' id='word_1_388' title='bbox 258 4534 264 4564; x_wconf 90' lang='lat'><strong>¹</strong></span> <span class='ocrx_word' id='word_1_389' title='bbox 285 4539 316 4586; x_wconf 83' lang='lat' dir='ltr'><strong><em>ci.</em></strong></span> <span class='ocrx_word' id='word_1_390' title='bbox 335 4539 415 4588; x_wconf 87' lang='lat' dir='ltr'><strong><em>schol.</em></strong></span> <span class='ocrx_word' id='word_1_391' title='bbox 428 4542 501 4591; x_wconf 83' lang='lat' dir='ltr'><strong><em>Aret.</em></strong></span> <span class='ocrx_word' id='word_1_392' title='bbox 517 4559 540 4589; x_wconf 89' lang='lat' dir='ltr'><strong><em>v.</em></strong></span> <span class='ocrx_word' id='word_1_393' title='bbox 551 4539 602 4593; x_wconf 86' lang='grc'><strong><em>476</em></strong></span> <span class='ocrx_word' id='word_1_394' title='bbox 620 4558 644 4605; x_wconf 85' lang='grc' dir='ltr'><strong><em>ρ.</em></strong></span> <span class='ocrx_word' id='word_1_395' title='bbox 656 4540 698 4600; x_wconf 82' lang='grc'><strong><em>94,</em></strong></span> <span class='ocrx_word' id='word_1_396' title='bbox 708 4538 752 4589; x_wconf 82' lang='grc' dir='ltr'><strong><em>4Β</em></strong></span> <span class='ocrx_word' id='word_1_397' title='bbox 771 4532 948 4607; x_wconf 73' lang='grc' dir='ltr'>Ἐρατοσθένης</span> <span class='ocrx_word' id='word_1_398' title='bbox 961 4538 987 4590; x_wconf 82' lang='grc' dir='ltr'><strong><em>θέ</em></strong></span> <span class='ocrx_word' id='word_1_399' title='bbox 1001 4554 1060 4607; x_wconf 79' lang='grc' dir='ltr'>φησι</span> <span class='ocrx_word' id='word_1_400' title='bbox 1079 4536 1221 4605; x_wconf 76' lang='grc' dir='ltr'>μυθικῶς</span> <span class='ocrx_word' id='word_1_401' title='bbox 1239 4538 1314 4590; x_wconf 82' lang='grc' dir='ltr'>αὐτὸν</span> <span class='ocrx_word' id='word_1_402' title='bbox 1326 4538 1484 4608; x_wconf 69' lang='grc' dir='ltr'>διηροθμενυς</span> <span class='ocrx_word' id='word_1_403' title='bbox 1498 4541 1547 4594; x_wconf 75' lang='grc' dir='ltr'><strong><em>Ιὐπὸ</em></strong></span> 
     </span>
     <span class='ocr_line' id='line_1_43' title="bbox 183 4618 1546 4694; baseline 0.008 -24"><span class='ocrx_word' id='word_1_404' title='bbox 183 4623 228 4671; x_wconf 82' lang='grc' dir='ltr'><strong><em>τοῦ</em></strong></span> <span class='ocrx_word' id='word_1_405' title='bbox 246 4624 291 4689; x_wconf 75' lang='grc' dir='ltr'><strong><em>τῆς</em></strong></span> <span class='ocrx_word' id='word_1_406' title='bbox 304 4618 382 4691; x_wconf 82' lang='grc' dir='ltr'>Ἤρας</span> <span class='ocrx_word' id='word_1_407' title='bbox 398 4623 522 4692; x_wconf 77' lang='grc' dir='ltr'><strong><em>γάλακτος</em></strong></span> <span class='ocrx_word' id='word_1_408' title='bbox 540 4622 684 4694; x_wconf 65' lang='grc' dir='ltr'>γεγενῆσθαι</span> <span class='ocrx_word' id='word_1_409' title='bbox 695 4621 852 4692; x_wconf 74' lang='grc' dir='ltr'>ἐκχυθέντος.</span> <span class='ocrx_word' id='word_1_410' title='bbox 867 4624 958 4692; x_wconf 69' lang='grc' dir='ltr'>ἤκουσε</span> <span class='ocrx_word' id='word_1_411' title='bbox 971 4625 1016 4692; x_wconf 83' lang='grc' dir='ltr'><strong><em>γὰρ</em></strong></span> <span class='ocrx_word' id='word_1_412' title='bbox 1028 4625 1095 4694; x_wconf 82' lang='grc' dir='ltr'><strong><em>παρὰ</em></strong></span> <span class='ocrx_word' id='word_1_413' title='bbox 1112 4629 1157 4676; x_wconf 84' lang='grc' dir='ltr'><strong><em>τοῦ</em></strong></span> <span class='ocrx_word' id='word_1_414' title='bbox 1164 4621 1256 4694; x_wconf 80' lang='grc' dir='ltr'>Ἑρμοῦ</span> <span class='ocrx_word' id='word_1_415' title='bbox 1274 4624 1311 4678; x_wconf 84' lang='grc' dir='ltr'>ὅτι</span> <span class='ocrx_word' id='word_1_416' title='bbox 1329 4625 1377 4678; x_wconf 78' lang='grc' dir='ltr'><strong><em>οὑκ</em></strong></span> <span class='ocrx_word' id='word_1_417' title='bbox 1395 4626 1454 4685; x_wconf 78' lang='grc' dir='ltr'>ἴδιός</span> <span class='ocrx_word' id='word_1_418' title='bbox 1472 4629 1546 4681; x_wconf 73' lang='grc' dir='ltr'>ἐστιν.</span> 
     </span>
     <span class='ocr_line' id='line_1_44' title="bbox 185 4710 699 4777; baseline 0.008 -19"><span class='ocrx_word' id='word_1_419' title='bbox 185 4710 216 4759; x_wconf 82' lang='lat' dir='ltr'><strong><em>cf.</em></strong></span> <span class='ocrx_word' id='word_1_420' title='bbox 235 4711 367 4760; x_wconf 85' lang='lat' dir='ltr'><strong><em>Eratosth.</em></strong></span> <span class='ocrx_word' id='word_1_421' title='bbox 386 4729 462 4763; x_wconf 84' lang='lat' dir='ltr'><strong><em>carm.</em></strong></span> <span class='ocrx_word' id='word_1_422' title='bbox 483 4715 513 4763; x_wconf 80' lang='lat' dir='ltr'><strong><em>fr.</em></strong></span> <span class='ocrx_word' id='word_1_423' title='bbox 526 4714 553 4762; x_wconf 91' lang='lat'><strong><em>11</em></strong></span> <span class='ocrx_word' id='word_1_424' title='bbox 573 4730 597 4777; x_wconf 91' lang='lat' dir='ltr'><strong><em>p.</em></strong></span> <span class='ocrx_word' id='word_1_425' title='bbox 612 4714 699 4765; x_wconf 85' lang='lat' dir='ltr'><strong><em>6Hill.</em></strong></span> 
     </span>
    </p>
   </div>
   <div class='ocr_carea' id='block_1_5' title="bbox 184 4795 1544 4951">
    <p class='ocr_par' dir='ltr' id='par_1_10' title="bbox 184 4795 1544 4951">
     <span class='ocr_line' id='line_1_45' title="bbox 256 4795 1544 4863; baseline 0.009 -16"><span class='ocrx_word' id='word_1_426' title='bbox 256 4795 336 4860; x_wconf 72' lang='grc' dir='ltr'><strong><em>2ιιυο</em></strong></span> <span class='ocrx_word' id='word_1_427' title='bbox 355 4801 410 4849; x_wconf 86' lang='lat' dir='ltr'><strong><em>iure</em></strong></span> <span class='ocrx_word' id='word_1_428' title='bbox 429 4800 528 4849; x_wconf 82' lang='lat' dir='ltr'><strong><em>Zellerc</em></strong></span> <span class='ocrx_word' id='word_1_429' title='bbox 554 4801 723 4863; x_wconf 83' lang='lat' dir='ltr'><strong><em>posteriorum</em></strong></span> <span class='ocrx_word' id='word_1_430' title='bbox 747 4804 871 4852; x_wconf 81' lang='lat' dir='ltr'><strong><em>memoria</em></strong></span> <span class='ocrx_word' id='word_1_431' title='bbox 894 4802 925 4853; x_wconf 88' lang='lat' dir='ltr'><strong><em>dc</em></strong></span> <span class='ocrx_word' id='word_1_432' title='bbox 948 4803 1097 4853; x_wconf 89' lang='lat' dir='ltr'><strong><em>Democrito</em></strong></span> <span class='ocrx_word' id='word_1_433' title='bbox 1122 4802 1172 4853; x_wconf 90' lang='lat' dir='ltr'><strong><em>hoc</em></strong></span> <span class='ocrx_word' id='word_1_434' title='bbox 1191 4802 1338 4856; x_wconf 75' lang='lat' dir='ltr'><strong><em>Aristotelia</em></strong></span> <span class='ocrx_word' id='word_1_435' title='bbox 1361 4805 1419 4854; x_wconf 87' lang='lat' dir='ltr'><strong><em>leco</em></strong></span> <span class='ocrx_word' id='word_1_436' title='bbox 1439 4806 1487 4856; x_wconf 89' lang='lat' dir='ltr'><strong><em>uiti</em></strong></span> <span class='ocrx_word' id='word_1_437' title='bbox 1506 4807 1544 4858; x_wconf 86' lang='lat' dir='ltr'><strong><em>vi·</em></strong></span> 
     </span>
     <span class='ocr_line' id='line_1_46' title="bbox 184 4881 665 4951; baseline 0.006 -19"><span class='ocrx_word' id='word_1_438' title='bbox 184 4886 275 4933; x_wconf 67' lang='lat' dir='ltr'><strong><em>(lentur</em></strong></span> <span class='ocrx_word' id='word_1_439' title='bbox 293 4881 336 4947; x_wconf 82' lang='lat'><strong><em>[1⁴</em></strong></span> <span class='ocrx_word' id='word_1_440' title='bbox 349 4882 429 4951; x_wconf 67' lang='lat'>803²]</span> <span class='ocrx_word' id='word_1_441' title='bbox 447 4887 541 4934; x_wconf 79' lang='lat' dir='ltr'><strong><em>frustra</em></strong></span> <span class='ocrx_word' id='word_1_442' title='bbox 560 4901 665 4951; x_wconf 78' lang='lat' dir='ltr'><strong><em>quaero.</em></strong></span> 
     </span>
    </p>
   </div>
   <div class='ocr_carea' id='block_1_6' title="bbox 0 0 1740 5586">
    <p class='ocr_par' dir='ltr' id='par_1_11' title="bbox 0 0 1740 5586">
     <span class='ocr_line' id='line_1_47' title="bbox 0 0 1740 5586; baseline 0 0"><span class='ocrx_word' id='word_1_443' title='bbox 0 0 1740 5586; x_wconf 95' lang='lat' dir='ltr'><strong><em> </em></strong></span> 
     </span>
    </p>
   </div>
  </div>
 </body>
</html>
