3464 5586
276 306 339 370 218
513 311 593 358 xvu
628 310 676 358 ns
698 309 944 361 vnnusronuu
962 309 1199 360 ruscinonum
1220 308 1397 361 susumus

276 478 409 542 mallet?
442 498 547 561 neque
570 479 655 561 quod
677 479 710 544 in
731 477 858 545 iudiciis
880 479 901 543 l.
919 478 935 541 I
957 478 1044 543 tertii
1066 478 1182 562 capitis
1204 476 1453 560 Theophrastea
1474 483 1636 560 apparent

275 576 423 662 vestigia,
446 579 623 664 Opiniones
645 581 826 665 inspexisse
848 580 975 645 Attium
999 580 1135 664 efficies,
1170 579 1223 644 ubi
1253 599 1319 643 non
1350 579 1421 645 sine
1447 598 1547 645 causa
1569 579 1635 645 bio

274 680 433 762 graphum
459 682 680 749 intercessisse
708 705 738 768 p.
761 684 824 748 180
851 682 969 748 monui.
1013 703 1120 765 neque
1151 681 1235 746 ahos
1266 686 1316 747 est
1347 680 1422 747 lons
1448 682 1636 767 Theophra-

274 789 425 867 steorum,
449 804 532 867 quae
555 806 596 851 ex
618 786 733 852 eodem
756 785 863 869 capite
885 805 961 849 mox
984 783 1156 868 proferam.

360 885 425 950 Sed
451 889 529 970 quid
556 887 597 954 de
619 887 755 971 singulis
776 887 900 953 notitiis
928 887 1106 970 litigamus,
1135 884 1287 968 quoniam
1314 893 1415 951 totum
1438 887 1635 954 Placitorum

275 1008 355 1071 opus
384 995 546 1072 tamquam
583 990 788 1056 simulacrum
817 1010 857 1056 ex
885 987 1067 1055 admirabili
1100 987 1316 1071 Theophrasti
1343 997 1549 1056 monumento
1583 1012 1637 1057 ex-

274 1109 419 1172 pressum
436 1112 508 1158 esse
524 1093 729 1158 manifestum
745 1093 818 1158 est?
852 1092 923 1175 quis
945 1091 1029 1156 enim
1047 1091 1100 1173 qui
1125 1089 1311 1173 opinionum
1334 1092 1506 1158 memorias
1529 1093 1637 1159 nobis-

274 1212 345 1255 cnm
368 1201 530 1259 scrutatus
553 1202 602 1259 est
624 1194 680 1258 ubi
704 1194 842 1277 primum
866 1195 1023 1259 collectae
1042 1212 1170 1276 quaque
1184 1192 1239 1257 via
1253 1193 1391 1275 posteris
1405 1194 1546 1261 traditae
1560 1196 1636 1280 sint,

274 1294 343 1359 sine
366 1296 453 1361 illius
481 1296 637 1362 beneficio
668 1316 710 1360 ne
736 1295 907 1360 consilium
935 1295 1066 1379 quidem
1088 1294 1284 1360 Placitorum
1314 1296 1387 1379 capi
1409 1296 1555 1380 potuisse
1581 1317 1636 1363 ne-

273 1395 384 1477 gabit?
410 1399 520 1464 confer
543 1407 806 1480 argumentorum
833 1398 977 1463 tabulam
1001 1398 1135 1480 quaein
1150 1397 1287 1463 vetustis
1303 1397 1435 1463 Placitis
1449 1398 1550 1467 fuisse
1565 1421 1636 1485 pro

273 1498 348 1563 bavi
372 1522 402 1581 p.
422 1502 491 1565 181.
526 1521 633 1565 noune
659 1521 802 1583 congrua
825 1500 934 1566 omnia
949 1507 1079 1585 practer
1093 1498 1269 1581 terrestria,
1291 1519 1375 1581 quae
1391 1499 1635 1585 Theophrastus

273 1601 353 1665 libro
377 1601 418 1666 de
440 1602 560 1666 mundo
581 1602 788 1668 continuasse
802 1603 952 1668 videtur?
984 1621 1081 1685 quam
1095 1602 1212 1668 vellem
1229 1622 1288 1684 pro
1304 1601 1493 1684 fragmentis
1507 1603 1635 1688 integra

273 1703 366 1767 nohis
396 1712 605 1787 superessent
641 1703 858 1788 Theophrasti
893 1711 1157 1787 vetustorumque
1187 1703 1385 1769 Placitorum
1415 1725 1567 1790 corpora,
1600 1715 1636 1773 ut

274 1825 369 1888 quam
384 1805 648 1872 adumbravimus
663 1813 814 1872 accurate
830 1808 1011 1892 exprimere
1023 1827 1192 1891 possemus
1203 1805 1369 1889 utriusque
1381 1804 1633 1876 similitudinem.

273 1908 373 1972 nihilo
397 1909 497 1974 setius
519 1930 561 1974 ne
583 1908 828 1992 compilatorum
856 1910 986 1993 quidem
1013 1909 1138 1975 incuria
1165 1909 1279 1976 crebra
1305 1908 1363 1974 illa
1392 1908 1545 1993 antiquae
1571 1931 1635 1977 me

273 2010 394 2075 moriae
417 2011 558 2094 vestigia
583 2010 755 2077 obscurare
771 2012 823 2077 vel
840 2011 1047 2094 exstinguere
1062 2012 1176 2096 potuit,
1198 2031 1282 2095 quae
1297 2029 1396 2095 supra
1410 2010 1443 2075 in
1459 2020 1634 2095 conspectu

274 2136 305 2196 p.
329 2115 390 2178 133
404 2135 471 2197 sqq.
506 2116 643 2180 collecta
676 2115 728 2180 hic
762 2122 912 2199 repetere
939 2115 1027 2179 nolo.
1072 2120 1107 2179 at
1135 2135 1234 2180 unum
1266 2115 1371 2179 locum
1405 2133 1552 2196 promam
1582 2134 1638 2181 ex·

274 2223 455 2298 cerptorum
479 2216 633 2298 religiosa
655 2217 833 2283 stoliditate
855 2217 1024 2300 insignem.

359 2317 556 2401 Hippolytus
580 2321 600 2384 6
620 2329 636 2381 3
659 2319 739 2384 talia
765 2320 806 2384 de
828 2319 1064 2385 Anaximandri
1091 2317 1255 2401 opinione:
1289 2321 1322 2383 τὸ
1352 2322 1385 2383 δὲ
1411 2327 1515 2406 σχῆμα
1543 2321 1635 2406 αὐτῆς

274 2417 402 2505 [terrae]
424 2423 509 2505 γυρδν
526 2424 696 2506 στρογγύλον
712 2423 784 2486 κίονι
799 2423 876 2507 λίθῳ
892 2425 1104 2508 παραπλήσιον.
1136 2419 1170 2483 iu
1193 2418 1357 2485 codicibus
1379 2424 1530 2505 vulgatur
1549 2425 1635 2507 ὑγρὸν

273 2525 456 2607 στρογγύλον,
481 2523 566 2605 quod
600 2525 739 2609 Roeperi
773 2526 904 2608 egregia
935 2524 1164 2592 emendatione
1196 2522 1357 2587 sublatum
1388 2523 1635 2591 Teicbmuelleri

274 2626 388 2691 studiis
412 2648 442 2709 p.
459 2628 500 2691 41
524 2627 669 2710 argutius
692 2627 823 2693 defendi
845 2649 910 2693 non
932 2627 1082 2694 debebat.
1125 2624 1296 2708 στρογγύλον
1318 2625 1417 2708 priori
1440 2627 1512 2692 voci
1534 2627 1637 2711 expli-

274 2729 368 2792 candi
392 2748 492 2793 causa
513 2728 659 2793 additum
682 2730 854 2796 uidebatur
876 2730 1046 2813 Roepero.¹
1079 2729 1136 2794 sed
1158 2728 1243 2810 γορύν
1265 2728 1363 2810 paulo
1390 2728 1498 2794 distat.
1542 2730 1632 2813 apud

274 2830 448 2895 Homerum
471 2831 623 2895 laudatur
637 2832 820 2917 Eurybates
842 2834 937 2897 1246
960 2834 1062 2915 γυρὸς
1084 2829 1135 2914 ἔην
1158 2831 1289 2913 ὤμοισιν,
1313 2836 1349 2895 ut
1371 2830 1508 2897 convexi
1525 2831 1632 2914 magis

275 2939 307 2996 et
336 2932 424 3014 gibbi
453 2933 552 2998 umeri
582 2953 678 3015 quam
707 2934 836 3000 rotundi
864 2933 1074 3015 intellegendi
1105 2931 1179 2996 sint.
1223 2930 1265 2995 ab
1291 2931 1470 3017 Hippolyto
1497 2935 1633 3018 propius

274 3033 367 3098 abest
390 3034 613 3100 Theodorides
635 3036 801 3119 antholog.
818 3036 879 3102 VII
894 3037 958 3101 479
981 3036 1084 3120 πέτρος
1099 3037 1157 3118 ἐγὼ
1172 3036 1205 3098 τδ
1220 3036 1310 3098 παλαι
1332 3037 1418 3119 γυρὴ
1433 3038 1482 3099 καὶ
1496 3036 1632 3122 aspare<

274 3137 404 3220 ἐπιβλής,
426 3139 478 3220 τὴν
492 3137 681 3221 Ἡράκλειτον
704 3137 729 3201 δ’
751 3137 831 3202 ἔνδον
847 3138 911 3225 ἔχω
925 3142 1066 3224 κεφαλήν.
1102 3156 1180 3218 ergo
1201 3137 1286 3220 γυρός
1308 3143 1415 3203 terrae
1430 3138 1631 3223 superficiem

274 3245 450 3322 curvatam,
473 3241 643 3325 στρογγύλος
666 3240 831 3305 circuitum
854 3239 1023 3324 significat.
1057 3240 1115 3306 sed
1138 3239 1214 3322 quid
1230 3239 1367 3304 estatem
1382 3241 1481 3325 libo?
1503 3240 1632 3307 codices

273 3341 384 3425 inepte
407 3343 481 3427 χίονι
504 3345 592 3428 λίθιῳ,
614 3343 701 3426 quod
723 3350 833 3409 tamen
855 3343 1087 3426 explicatorum
1109 3360 1213 3426 nuper
1235 3347 1349 3407 nactus
1371 3347 1430 3407 est.
1465 3341 1632 3408 Gedrenus

274 3463 309 3507 re
332 3444 505 3526 desperata
527 3445 656 3528 scripsit
678 3449 819 3531 χιονῶδες
842 3466 906 3510 non
930 3446 1035 3511 minus
1056 3444 1208 3511 absurde.
1242 3462 1436 3526 quamquam
1459 3449 1553 3511 erunt
1570 3444 1633 3510 lor·

273 3551 378 3629 tasse,
411 3546 465 3628 qui
499 3547 595 3611 avide
622 3548 788 3631 arripiant.
833 3568 913 3631 quos
942 3548 1080 3613 monitos
1101 3549 1193 3629 volo,
1216 3565 1257 3610 ne
1279 3544 1391 3609 sitium
1424 3552 1634 3630 praepostere

274 3652 446 3712 attrectent
468 3648 615 3714 Cedreno
640 3657 673 3714 et
696 3651 869 3716 Plutarcho
893 3649 969 3733 quin
992 3650 1090 3716 etiam
1111 3647 1206 3713 Actio
1229 3647 1330 3712 multo
1353 3648 1526 3730 antiquius.
1560 3669 1633 3714 con-

275 3749 418 3814 sentiunt
452 3751 536 3816 enim
570 3751 701 3818 mirifice
728 3752 1019 3818 Placita1111oa
1045 3749 1263 3835 Ἀναξίμανδρος
1290 3749 1367 3834 λίθῳ
1398 3751 1469 3814 κίονι
1498 3753 1551 3836 τὴν
1578 3757 1633 3835 γῆν

274 3859 423 3936 προσφερῆ
447 3860 504 3916 τῶν
528 3857 681 3919 ἐπιπέδων.
720 3855 964 3921 Anaximandro
987 3853 1064 3937 quid
1087 3853 1246 3936 placuerit
1271 3872 1365 3918 nemo
1389 3853 1530 3938 dubitat,
1556 3854 1634 3937 quia

276 3954 440 4018 Plutarchi
463 3955 628 4022 Stromata
650 3959 705 4037 §2
728 3958 859 4023 liberius
887 3959 945 4024 sed
972 3964 1059 4023 recte
1088 3955 1253 4038 explicant
1278 3958 1419 4041 ὑπάρχειν
1441 3957 1474 4019 δέ
1495 3977 1567 4041 φησι
1588 3964 1632 4042 τῷ

275 4057 327 4138 μὲν
350 4060 480 4142 σχήματι
503 4061 554 4143 τὴν
577 4065 630 4143 γῆν
653 4062 864 4145 κυλινδροειδῆ,
895 4059 974 4145 ἔχειν
998 4059 1031 4122 δὲ
1051 4063 1188 4122 τοσοῦτον
1211 4060 1302 4144 βάθος
1325 4062 1393 4124 ὅσον
1415 4059 1449 4123 ἄν
1472 4059 1518 4144 εἴη
1540 4064 1633 4145 τρίτον

274 4162 345 4242 πρὸς
360 4163 393 4223 τὸ
409 4162 525 4228 πλάτος.
561 4182 624 4244 qno
640 4163 737 4227 modo
753 4163 803 4226 his
819 4162 876 4228 illa
891 4169 1042 4245 corrupta
1057 4160 1157 4226 verba
1172 4161 1453 4228 accommodabis?
1474 4163 1635 4229 Reiskeus

274 4261 421 4325 tentabat
444 4262 516 4323 κίονι
539 4264 559 4345 ἢ
581 4264 668 4349 λίθῳ,
691 4271 820 4348 poterat
843 4264 940 4329 etiam
963 4265 1035 4327 κίονι
1057 4263 1142 4327 λίθου
1165 4265 1218 4329 vel
1241 4266 1313 4328 κίονι
1335 4265 1437 4350 λιθίνῳ
1460 4266 1513 4330 vul
1528 4264 1634 4331 ioniae

273 4361 370 4442 λιθίνγ,
400 4359 450 4447 [cf.
474 4363 607 4429 Lobeck
630 4365 729 4451 Soph.
753 4365 823 4431 hi.²
848 4367 923 4450 121,
952 4367 1111 4451 Porphyr.
1136 4373 1259 4449 quaest.
1283 4366 1368 4432 hom.
1391 4389 1417 4433 c.
1433 4364 1475 4453 8].
1520 4375 1635 4433 contra

274 4462 439 4545 Roeperus
462 4472 497 4529 ut
520 4467 719 4533 trientarium
741 4468 831 4533 illam
855 4488 1038 4534 mensuram
1054 4469 1196 4535 efficeret
1218 4469 1318 4552 κιονέγγ
1334 4470 1410 4554 λίθῳ
1432 4469 1634 4553 periclitatus

274 4571 337 4646 est,
365 4586 427 4646 quo
456 4569 625 4636 columnae
648 4570 792 4653 singulos
814 4570 993 4655 spondylos
1018 4607 1060 4616 -
1087 4570 1133 4636 sic
1156 4571 1240 4638 eninr
1263 4570 1379 4636 Graeci
1403 4571 1442 4637 cs.
1464 4571 1582 4638 Athen.
1605 4574 1633 4638 V

272 4687 303 4749 p.
320 4669 410 4731 'loha
424 4705 466 4713 —
478 4669 650 4752 significari
666 4671 807 4737 volebat.
830 4672 888 4736 sed
903 4671 1055 4738 adiectivi
1068 4674 1177 4743 κιόνεος
1188 4672 1366 4739 novitatem
1377 4694 1491 4740 vereor
1503 4694 1544 4741 ne
1556 4683 1634 4760 apte

272 4766 327 4833 ille
350 4771 432 4835 tueri
455 4792 520 4835 nou
543 4775 661 4856 possit,
696 4779 729 4837 ut
763 4773 804 4838 de
827 4773 1041 4858 corruptionis
1063 4774 1132 4840 veri
1154 4775 1320 4841 simihtate
1342 4782 1478 4842 taceam.
1521 4775 1633 4860 utique

273 4869 518 4938 Teicbmuelleri
551 4875 735 4941 coniectura
762 4876 856 4947 κίονος
878 4878 973 4962 λίθῳ,
995 4877 1029 4942 in
1061 4896 1157 4959 quam
1184 4898 1245 4943 nos
1268 4897 1396 4960 quoque
1418 4877 1495 4943 olim
1516 4878 1634 4951 incide
