3442 5588
655 325 931 376 raonnoonnnn
1427 318 1469 383 89

547 494 550 563 l
578 494 691 578 ἄλληλα
704 494 856 575 ἀναλογίας
869 494 917 555 καὶ
930 496 996 577 κρά-
1021 494 1024 573 l
1049 495 1179 576 apricam<
1201 489 1467 576 έναπεργαζομένης

578 619 652 667 σεως
674 596 940 680 έναπεργαζομένης
962 598 995 658 τὸ
1021 580 1024 689 l
1048 598 1080 658 τὸ
1096 598 1153 658 πᾶν
1169 595 1217 658 καὶ
1234 593 1395 680 μεταβολὰς
1413 593 1465 674 μὲν

578 704 634 763 πᾶν
666 701 714 763 καὶ
748 698 910 782 μεταβολὰς
944 699 996 780 μὲν
1049 697 1166 781 μερικάς
1182 696 1391 779 ὑπομενούσης,
1413 698 1464 758 τού

546 776 549 845 l
578 801 695 885 μερικάς
714 800 925 882 ὑπομενούσης,
945 804 996 862 τού
1050 798 1463 882 δὲπαντδςλύσινμὴέπιδεχο-

546 856 549 937 l
577 906 610 968 δὲ
632 905 737 972 παντὸς
752 902 832 966 λύσιν
848 903 889 985 μὴ
905 902 996 964 ἐπιδε-
1049 903 1147 985 μένης,
1159 900 1397 984 Ἐμπεδοκλῆς
1409 897 1467 982 ἔφη

546 1032 548 1041 ·
577 1005 715 1090 χομένου.
744 1006 820 1086 λέγει
835 1005 889 1087 γὰρ
904 1005 997 1073 ούτως
1049 1006 1084 1068 τὰ
1104 1005 1158 1068 ὅλα
1179 1003 1345 1067 συνεστάναι
1361 1003 1467 1070 ούτως·

598 1109 701 1171 didere
719 1109 771 1190 μέν
786 1108 919 1191 φιλότητι
935 1129 996 1170 συν·
1022 1094 1024 1193 i
1070 1107 1174 1170 ἄλλοτε
1190 1106 1241 1187 μὲν
1259 1107 1390 1190 φιλότητι
1406 1125 1468 1167 συν·

546 1202 548 1233 ²
619 1211 765 1295 ερχύμενα
788 1212 857 1273 τάδε
879 1213 982 1285 πάντα,
1022 1202 1024 1259 l
1091 1207 1225 1294 ερχύμεν’
1247 1208 1288 1277 είς
1307 1208 1337 1270 ἓν
1354 1208 1466 1269 ἅπαντα

596 1313 699 1375 ἄλλοτε
711 1311 732 1374 δ’
750 1310 821 1374 αύτε
830 1313 939 1375 ἕκαστα
947 1336 996 1396 φο·
1022 1264 1025 1387 l
1071 1312 1174 1375 ἀλλοτε
1189 1310 1210 1373 δ’
1231 1309 1311 1379 αὖτις
1326 1310 1436 1372 ἕκαστα

545 1408 548 1495 l
619 1415 744 1499 ρούμενα
767 1414 874 1484 νείκεος
901 1413 996 1499 έχδει.
1088 1414 1251 1498 φορεύμενα
1260 1409 1466 1495 νείκεοςέχδει.

570 1513 721 1598 Ὅμηρος
750 1518 783 1578 δὲ
816 1518 868 1600 την
901 1517 996 1600 φιλίαν
1072 1538 1098 1581 υ.
1117 1518 1187 1580 100.
1222 1517 1277 1598 πρδ
1304 1516 1337 1577 δὲ
1366 1514 1468 1576 τούτου

588 1618 635 1680 καὶ
670 1620 702 1680 τὸ
731 1624 823 1687 νεῖκος
857 1624 915 1681 τῶν
945 1623 996 1681 τοῦ
1022 1616 1025 1689 l
1065 1616 1221 1702 Ὅμηρος
1270 1619 1322 1701 τὴν
1370 1615 1466 1700 φιλίαν

545 1664 549 1803 l
587 1720 693 1787 παντὸς
710 1726 806 1802 μερῶν
830 1721 860 1783 έν
886 1722 997 1789 τούτοις
1022 1700 1025 1809 l
1070 1722 1118 1783 καὶ
1141 1722 1173 1782 τὸ
1196 1724 1289 1788 νεῖκος
1305 1718 1463 1782 αἰνίσσεται

545 1818 549 1925 ,²
587 1822 738 1885 αἰνίττεται
771 1823 801 1886 έν
835 1823 878 1891 οἷς
910 1845 996 1906 φησιν
1022 1814 1025 1847 ¹
1071 1824 1101 1885 ἐν
1136 1821 1179 1891 οίς
1215 1843 1302 1905 φησιν
1335 1824 1354 1903 ί,
1383 1816 1462 1903 Ἥρα

579 1919 707 2006 ἠἭρα·
1071 1922 1135 2008 παρ’
1164 1924 1264 2008 αὐτῷ·

599 2024 657 2106 εἶμι
680 2026 734 2108 γὰρ
757 2026 887 2110 ὀψομένη
912 2030 995 2090 πολυ-
1071 2027 1129 2109 εἶμι
1151 2028 1206 2111 γὰρ
1228 2027 1358 2112 ὀψομένη
1381 2030 1465 2089 πολιν

619 2128 730 2212 φύρβου
755 2129 877 2213 πείρατα
903 2130 996 2212 γαίης,
1092 2130 1203 2214 φύρβου
1225 2131 1346 2213 πείρατα
1368 2129 1450 2213 γαίης

595 2229 729 2293 Ὠκεανόν
757 2254 789 2293 τε
818 2232 896 2293 θεῶν
922 2232 997 2313 γένε·
1067 2231 1200 2295 Ὠκεανόν
1228 2255 1259 2294 τε
1286 2234 1364 2295 θεῶν
1391 2232 1465 2313 γένε»

619 2353 663 2395 σιν
687 2333 734 2394 καὶ
750 2333 861 2416 μητέρα
877 2332 995 2416 Τηθύν·
1092 2355 1136 2397 σιν
1158 2334 1206 2397 καὶ
1229 2334 1341 2418 μητέρα
1363 2332 1463 2416 Τηθύν

599 2435 665 2503 τοὺς
696 2433 749 2515 εἶμ’
787 2435 917 2519 ὀψομένη
949 2438 998 2498 καί
1071 2435 1137 2503 τούς
1167 2434 1220 2516 εἶμ’
1255 2436 1384 2520 ὀψομένη
1418 2436 1467 2498 καί

620 2537 665 2621 σφ’
683 2536 785 2621 ἄκριτα
797 2539 893 2601 νείκεα
905 2539 997 2601 λύσω.
1022 2516 1025 2618 l
1093 2537 1137 2622 σφ’
1155 2538 1257 2623 ἄκριτα
1269 2539 1364 2601 νείκεα
1375 2537 1466 2601 λύσω.

194 2643 391 2708 Plaeitorum
412 2641 676 2708 consuetudinem
692 2647 799 2706 tuetur
813 2639 1008 2706 Plutarchus
1023 2640 1229 2723 Empedoclis
1242 2646 1336 2724 patre
1350 2639 1467 2723 patria·

104 2767 170 2829 qne
193 2744 395 2830 praemissis,
428 2764 513 2826 quae
539 2745 645 2810 omisit
667 2764 739 2809 oum
763 2743 887 2825 reliqua
909 2741 1126 2826 explieatione
1148 2743 1270 2827 τέτταρα
1284 2743 1411 2825 -φησὶ
1434 2744 1467 2804 δὲ

104 2851 202 2917 οὕτως
224 2846 395 2912 Stobaeus
440 2853 611 2929 praeterea
625 2867 665 2911 ex
683 2845 873 2929 placitorum
890 2844 974 2910 serie
988 2845 1119 2911 evulsos
1134 2845 1339 2930 Empedoclis
1355 2864 1467 2909 versus

104 2971 180 3015 eum
196 2948 464 3032 interpretatione
479 2948 601 3014 addere
615 2949 738 3013 maluit.
777 2948 835 3013 sed
851 2947 925 3012 hino
940 2946 1020 3012 nihil
1036 2949 1236 3032 suspicionis,
1258 2968 1329 3013 enm
1345 2953 1467 3029 quanta

103 3053 163 3117 ille
186 3071 266 3116 usus
281 3050 323 3115 sit
338 3049 372 3113 in
388 3049 576 3114 ordinandis
592 3050 753 3133 excerptis
766 3049 897 3114 lieentia
912 3057 1046 3116 oonstet.
1084 3051 1142 3117 sed
1158 3049 1219 3116 hoo
1233 3048 1465 3115 dubitationem

103 3154 203 3219 tollit.
221 3151 413 3218 Plutarchus
422 3150 515 3237 Ἥρην
527 3153 678 3237 φερέσβιον
690 3151 867 3217 rectissime
879 3152 1018 3234 explieat
1033 3173 1138 3236 aera,
1153 3152 1303 3218 A'r'donea
1317 3158 1466 3215 terram.

101 3263 224 3322 eontra
248 3254 409 3320 Stubaeus
429 3252 523 3339 Ἥρην
545 3257 578 3319 δὲ
599 3255 751 3340 φερέσβιον
773 3255 825 3338 τὴν
847 3260 915 3338 γῆν,
945 3255 1018 3338 ἀέρα
1040 3256 1073 3317 δὲ
1094 3257 1143 3318 τὸν
1167 3254 1319 3329 Ἀιδωνέα,
1345 3254 1466 3335 ἐπειδὴ

102 3364 181 3443 φῶς
202 3359 332 3422 οἰκεῖον
355 3357 417 3420 οὐκ
440 3356 515 3441 ἔχει
538 3357 613 3420 ἀλλ’
637 3358 703 3420 ύπδ
731 3355 908 3440 ἡλίουκαὶ
940 3359 1087 3441 σελήνης
1117 3359 1172 3421 καὶ
1200 3357 1334 3440 ἄστρων
1365 3378 1466 3418 κατα-

102 3464 293 3543 λάμπεται.
317 3459 479 3524 contraria
494 3465 529 3524 nt
544 3459 741 3542 oonoiliaret,
764 3459 841 3524 lusit
856 3460 931 3524 olim
947 3458 1124 3524 Krischeus
1139 3459 1336 3540 Forsohung.
1360 3479 1390 3540 p.
1406 3459 1467 3522 126

104 3561 243 3629 Stobaei
265 3561 374 3627 verbis
395 3560 600 3644 transpositis
620 3559 715 3646 Ἥρην
737 3563 770 3624 δὲ
791 3563 942 3648 φερέσβιον
965 3565 1014 3625 τὸν
1035 3563 1117 3645 ἀέρα,
1140 3563 1192 3643 τὴν
1215 3563 1247 3623 δὲ
1268 3567 1321 3645 γῆν
1344 3562 1392 3622 τὸν
1412 3558 1466 3622 ’rir-

104 3667 217 3729 ὀωνέα.
260 3663 380 3729 frustra
395 3663 460 3728 ille.
505 3683 580 3727 narn
596 3663 681 3746 quod
697 3664 851 3748 defendit,
874 3672 1097 3746 argumentum
1112 3663 1195 3728 istuc
1210 3664 1310 3746 ἐπειδὴ
1326 3699 1367 3707 -
1383 3685 1467 3724 κατα-

104 3771 256 3848 λάμπεται
278 3765 338 3831 nisi
358 3766 400 3830 de
422 3773 509 3831 terra
529 3765 772 3848 intellegeretur
794 3788 891 3832 sensu
914 3787 1035 3851 oerore,
1057 3765 1138 3848 fugit
1153 3785 1225 3830 eum
1240 3764 1465 3845 allegoriarum

104 3871 303 3953 scriptorum
326 3866 510 3950 similitudo,
534 3867 587 3950 qui
610 3868 652 3933 ad
675 3869 787 3933 Iliadis
811 3866 916 3934 0189
926 3891 994 3952 sqq.
1018 3868 1098 3933 talia
1120 3868 1274 3951 produnt:

265 3968 419 4035 Heraelit.
441 3969 538 4053 alleg.
562 3972 601 4034 41
932 3972 1016 4036 Plut.
1045 3970 1106 4034 Vit.
1129 3969 1223 4034 Hom.
1239 3971 1290 4033 97.
1307 3970 1348 4032 98

104 4078 163 4142 πᾶς
197 4074 251 4157 γὰρ
283 4075 299 4136 δ
337 4072 429 4155 μῦθος
462 4075 658 4158 ἠλληγύρηται
696 4077 760 4158 περὶ
813 4077 860 4138 καὶ
889 4075 931 4138 ύτι
958 4075 988 4137 ἐν
1014 4079 1050 4157 τῗη
1078 4079 1129 4136 τού
1158 4074 1262 4141 παντὸς
1288 4077 1364 4152 νομῇ
1392 4068 1465 4139 Ζεύς

103 4182 164 4237 τῶν
187 4173 235 4237 ἀπ’
261 4176 357 4259 ἀρχῆς
377 4177 520 4259 τεττάρων
540 4175 760 4262 στοιχείων
814 4178 865 4257 μὲν
888 4174 979 4261 ἔλαχε
994 4178 1046 4259 τὴν
1062 4181 1112 4238 τοῦ
1129 4177 1217 4257 πυρὸς
1233 4174 1343 4249 οὐσίαν,
1368 4173 1465 4236 ΙΙοσει-

103 4280 154 4341 καὶ
182 4283 220 4359 τῇ
252 4277 304 4358 μὲν
327 4279 452 4360 πυρώδει
480 4279 563 4362 φύσει
586 4278 674 4341 τύπον
693 4275 761 4341 ἔνει-
812 4280 870 4341 δῶν
894 4279 926 4340 δὲ
948 4279 1001 4361 τὴν
1023 4281 1075 4341 τού
1099 4279 1218 4354 ύδατος,
1239 4273 1337 4357 Ἅιδης
1359 4276 1392 4337 δὲ
1413 4276 1465 4357 τὴν

103 4405 156 4463 μεν
173 4381 307 4464 ούρανύν,
329 4381 382 4462 τὴν
398 4380 422 4441 δ’
438 4381 525 4465 ύγράν
541 4381 640 4444 οὐσίαν
662 4380 761 4444 Ποσει·
813 4385 864 4441 τοῦ
892 4381 986 4463 ἀέρος.
1035 4385 1135 4444 τοῦτον
1163 4381 1216 4462 γὰρ
1244 4379 1319 4459 λέγει
1344 4377 1465 4459 ζζύφον

101 4485 173 4545 eun
197 4481 382 4566 προσέθηκε,
401 4483 493 4566 τρίτον
515 4483 540 4546 δ’
565 4483 677 4567 Ἀίδην
700 4485 760 4546 τὸν
813 4483 990 4565 ηερύεντά
1029 4480 1187 4568 [0191],
1229 4481 1352 4562 ἐπειδὴ
1394 4483 1466 4562 φῶς

99 4688 218 4750 πάντων
264 4686 312 4748 καὶ
358 4686 541 4770 έδραιύτατον
590 4690 759 4772 ἀπεφήνατο
812 4688 868 4750 καὶ
887 4687 1186 4771 σελήνηςκαλτῶν
1203 4687 1315 4748 ἀλλων
1333 4684 1465 4766 ἄστρων

98 4793 248 4875 στοιχεῖον
271 4787 344 4851 εἶναι
368 4790 420 4873 τὴν
442 4795 505 4874 γῆν.
812 4792 1084 4872 καταλάμπεται.
1103 4791 1224 4872 τετάρτη
1241 4789 1274 4851 δὲ
1289 4785 1466 4869 κατελείφθη

812 4893 860 4954 καὶ
883 4893 964 4977 κοινὴ
988 4893 1102 4954 πάντων
1125 4894 1144 4973 ἡ
1167 4896 1215 4975 γῇ.
