3442 5588
720 319 998 372 PROLEGOMENA
1479 322 1539 384 105
1670 374 1672 378 ,

176 485 281 571 primo
304 485 415 570 capite
438 485 582 552 ordinem
604 485 743 552 fortasse
765 487 911 571 proxime
933 488 1091 556 accedunt
1106 488 1272 556 Ciceronis
1292 490 1326 557 in
1342 492 1476 557 Lucullo
1499 492 1539 557 27

180 598 232 650 118
254 599 412 678 excerpta
446 588 500 673 qui
534 587 670 655 'lbalem
703 588 933 674 Anaxagoram
971 591 1210 676 Xenophanem
1245 613 1315 659 cum
1349 595 1543 662 Parmenide

178 696 383 781 Leucippum
406 691 626 760 Democritum
648 690 877 775 Empedoclem
897 692 1095 759 Heraclitum
1110 694 1274 760 Melissum
1291 698 1460 763 Platonem
1482 699 1543 783 Py-

177 799 357 882 thagoreos
380 800 558 864 enumerat.
603 794 662 859 sed
684 793 765 860 haec
786 794 970 862 incertiora.
1017 795 1147 862 omnino
1170 797 1238 864 veri
1258 799 1362 864 simile
1377 803 1427 865 est
1441 799 1543 864 Theo-

149 965 155 972 .
179 902 351 987 phrastum
375 897 567 986 praesertim
588 897 622 961 in
637 895 769 980 reliquis
784 896 945 980 capitibus
960 896 1146 981 opinionum
1160 899 1353 967 varietatem
1364 900 1542 984 generatim

181 1003 468 1090 comprehendisse
495 997 765 1082 quemadmodum
792 998 869 1066 fecit
893 999 927 1065 in
953 999 1134 1083 fragmento
1156 1001 1198 1068 de
1224 1023 1330 1068 sensu.
1375 1002 1429 1067 ubi
1455 1002 1543 1086 prins

174 1109 220 1174 de
256 1107 406 1174 sensibus
436 1101 630 1186 §§1-58,
659 1107 727 1165 tum
757 1101 799 1167 de
830 1101 933 1168 sensis
965 1104 1005 1184 ξς
1031 1102 1305 1187 59—91agitnr.
1351 1103 1440 1189 prior
1466 1122 1542 1187 pars

176 1211 294 1276 iterum
308 1208 473 1293 bipartita.
497 1205 581 1269 alter
597 1203 687 1268 locus
702 1202 979 1289 pbilosophorum,
1002 1204 1056 1288 qui
1072 1205 1228 1271 similibus
1244 1227 1373 1272 sensum
1390 1203 1542 1288 efficiunt,

176 1313 264 1378 alter
291 1311 347 1395 qui
373 1307 553 1377 contrariis.
597 1313 665 1371 tum
692 1306 746 1388 qui
775 1305 932 1373 similibus
958 1307 1144 1390 singillatim
1173 1309 1341 1376 enucleate
1364 1313 1543 1373 tractantur

175 1413 391 1480 Parmenides
406 1414 500 1478 Plato
517 1407 742 1492 Empedocles.
779 1408 901 1475 ordinis
916 1410 998 1475 ratio
1013 1409 1091 1475 inde
1105 1409 1216 1495 petita,
1240 1412 1327 1494 qnod
1341 1408 1543 1477 Parmenidis

178 1515 356 1582 rudissima
369 1521 419 1581 est
434 1512 583 1580 doctrina
596 1509 650 1594 qui
665 1512 685 1591 ἓ
701 1512 720 1575 3
737 1511 812 1581 δ’λως
827 1511 911 1576 οὐδὲν
926 1514 1072 1598 ἀφώρικεν
1087 1513 1162 1578 ἀλλά
1184 1514 1271 1595 μόνον
1292 1514 1336 1578 δτι
1359 1515 1437 1576 δυοῖν
1452 1511 1543 1577 δ’ντοιν

176 1619 335 1705 στοιχείων
365 1618 440 1682 κατά
465 1618 498 1679 rh
526 1616 705 1699 ιἰπερβσλλον
731 1613 807 1678 ἐστὶν
829 1616 849 1699 ἡ
871 1618 985 1698 γνῶσις.
1008 1636 1073 1681 uuo
1095 1617 1198 1699 gradu
1220 1614 1425 1700 compositior
1448 1616 1542 1681 Plato

177 1721 233 1805 qui
253 1724 274 1802 ξ
290 1723 311 1785 5
328 1721 376 1784 ἐπὶ
391 1720 479 1784 πλέον
495 1719 547 1799 μὲν
563 1715 652 1800 ἧπται
667 1722 726 1780 τῶν
741 1718 815 1781 κατὰ
831 1718 927 1802 μέρος,
949 1717 983 1782 οδ
999 1719 1057 1803 μὴν
1071 1717 1171 1803 εἴρηκέ
1191 1742 1224 1803 γε
1245 1720 1309 1803 περὶ
1330 1719 1453 1783 ἀπασῶν
1468 1719 1542 1783 ἀλλὰ

176 1825 266 1906 μόνον
278 1824 344 1908 περὶ
356 1825 448 1908 ἀκοῆς
457 1823 506 1885 καὶ
522 1819 627 1904 ὄφεως.
650 1817 824 1902 perfectior
834 1826 970 1902 utroque
981 1820 1195 1905 Empedocles
1209 1819 1264 1904 qui
1276 1822 1295 1902 ξ
1308 1821 1325 1885 l
1339 1823 1403 1906 περὶ
1419 1823 1541 1886 ἀπασῶν

176 1929 288 2010 ὁμοίως
308 1928 384 2010 λέγει
407 1924 447 1991 cf.
463 1928 483 2006 ξ
498 1925 528 1988 2.
560 1921 635 1986 hinc
654 1919 778 1985 variam
799 1921 941 2005 explices
956 1921 1116 1988 refutandi
1133 1923 1302 1989 rationem.
1330 1924 1541 1989 Parmenides

175 2029 254 2113 quid
277 2029 424 2095 omiserit
446 2046 543 2111 quam
566 2021 755 2088 brevissime
777 2023 909 2090 indicat.
941 2023 1094 2090 iudicium
1116 2024 1360 2109 comprehendit
1382 2027 1438 2109 §4
1459 2032 1540 2092 extr.

175 2134 270 2202 οὕτως
294 2133 347 2214 μὲν
369 2129 420 2194 οὖν
443 2128 530 2197 αδτδς
546 2125 639 2191 ἔοικεν
661 2125 877 2208 ἀποτέμνεσθαι
902 2133 937 2210 τῇ
961 2129 1048 2213 φάσει
1069 2131 1106 2193 ud
1129 2129 1321 2214 συμβαίνοντα
1343 2131 1471 2214 δυσχερῆ
1494 2130 1542 2193 διὰ

175 2237 227 2320 τὴν
242 2235 401 2319 ὑπόληψιν.
423 2232 466 2296 de
486 2230 624 2295 Platone
638 2246 767 2310 quoque
782 2228 894 2310 paucis
909 2229 1110 2313 perfungitur
1124 2233 1144 2312 ξ
1160 2232 1190 2315 6,
1205 2229 1435 2315 Empedoclem
1451 2230 1542 2297 uber-

176 2336 258 2402 rima
282 2334 481 2402 refutatione
504 2331 538 2416 (ξ
555 2328 695 2415 12-24)
717 2328 850 2411 dignum
873 2331 970 2397 ducit.
1015 2333 1158 2416 sequitur
1183 2335 1265 2399 alter
1291 2334 1381 2399 locus
1402 2332 1542 2417 philoso-

175 2439 330 2523 phorum,
363 2436 417 2522 qui
450 2431 619 2501 contrariis
642 2452 771 2498 sensum
799 2432 950 2500 efficiunt.
994 2435 1116 2519 primus
1142 2437 1319 2503 Alcmaeon
1341 2435 1541 2520 brevissime,

175 2548 241 2605 tnnr
256 2540 474 2622 Anaxagoras
494 2543 530 2601 ut
545 2542 703 2619 patronus
718 2534 813 2599 huius
828 2541 937 2602 sectae
952 2556 1044 2602 snam
1061 2538 1191 2622 copiose
1207 2537 1339 2622 exponit
1355 2539 1540 2624 opinionem

174 2646 213 2723 ἐξ
228 2643 372 2725 27-30,
391 2658 488 2724 quam
503 2637 636 2703 uberior
651 2636 796 2719 sequitur
810 2636 1027 2722 Theophrasti
1041 2659 1179 2707 censura
1194 2642 1235 2721 ἕξ
1251 2642 1388 2707 31-37.
1416 2646 1541 2725 praete·

176 2744 263 2810 riens
279 2742 461 2810 Clidemum
484 2740 589 2822 tangit
609 2741 698 2804 nullo
714 2760 773 2804 suo
794 2739 913 2805 iudicio
935 2741 1136 2826 interposito,
1159 2748 1194 2807 ut
1215 2741 1280 2808 iam
1302 2744 1346 2809 ad
1360 2743 1540 2827 Diogenem

176 2853 208 2913 et
222 2845 446 2912 Democritum
462 2839 616 2927 transeat,
641 2863 775 2925 qnorum
798 2848 912 2909 neuter
926 2850 1031 2909 utram
1047 2851 1167 2911 sectam
1184 2852 1371 2928 sequeret-ur
1386 2848 1474 2912 clare
1488 2866 1542 2912 ex·

175 2948 325 3033 posuisse
342 2946 468 3013 dieitur.
492 2945 567 3010 hinc
581 2944 712 3010 ultimus
726 2950 814 3011 recte
836 2945 884 3011 eis
906 2953 1056 3013 servatus
1071 2954 1120 3012 est
1135 2948 1235 3033 locus,
1258 2946 1373 3031 quibus
1389 2947 1538 3014 refutatis

176 3051 316 3135 priorem
332 3055 460 3135 partem
476 3047 526 3113 his
541 3047 703 3114 concludit
725 3050 745 3128 ξ
760 3047 803 3113 58
820 3050 850 3112 αἱ
873 3051 926 3132 μὲν
949 3048 999 3113 οὖν
1015 3051 1079 3135 περὶ
1094 3050 1261 3134 αἰσθήσεως
1283 3052 1331 3114 καὶ
1353 3056 1405 3114 τοδ
1424 3056 1538 3135 φρονεῖν

175 3153 251 3223 δδξαι
283 3155 393 3240 σχεδδν
416 3151 500 3216 αὗται
529 3153 577 3215 καὶ
606 3155 744 3215 τοσαῦται
765 3154 953 3236 τυγχάνουσιν
976 3151 1060 3217 οὖσαι
1081 3154 1160 3237 παρὰ
1182 3159 1241 3223 τοῖς
1263 3154 1409 3238 πρότερον.
1444 3153 1538 3219 alteri

176 3257 258 3341 parti
282 3255 472 3341 generalem
495 3261 703 3337 conspectum
726 3253 904 3337 praemittit
925 3256 1012 3336 559.
1046 3275 1109 3338 quo
1132 3255 1301 3338 opiniones
1323 3256 1539 3339 Anaxagorae

176 3357 448 3443 limpedoclisque
476 3356 530 3441 qui
554 3377 721 3423 sensorum
743 3375 857 3440 parum
880 3357 1038 3423 rationem
1066 3355 1249 3441 habuerint,
1276 3357 1447 3423 adumbrat
1476 3357 1539 3422 De-

175 3460 309 3526 mocrito
339 3459 534 3542 Platoniqne
562 3458 795 3525 satisfacturus.
833 3458 920 3523 illius
942 3459 1063 3543 placita
1085 3462 1126 3540 ἐξ
1149 3459 1287 3525 61-78
1309 3458 1441 3545 profert,
1470 3465 1538 3524 tum

176 3563 359 3642 §eta-82
375 3563 541 3628 diiudicat.
565 3561 770 3645 paucioribus
785 3562 934 3626 Platonis
955 3561 1145 3644 §css-86,
1168 3580 1262 3644 quem
1286 3563 1326 3646 §§
1341 3562 1467 3628 87-91
1491 3582 1538 3628 re·

177 3662 265 3729 futat
313 3664 389 3730 hinc
411 3664 439 3730 si
462 3664 504 3730 ad
532 3669 630 3747 caput
653 3664 694 3729 de
719 3663 886 3748 principiis
908 3662 1112 3747 revertimur,
1135 3663 1343 3730 Aristotelem
1367 3663 1460 3749 phys.
1481 3666 1537 3730 12

179 3765 321 3832 similiter
346 3766 576 3852 principiorum
605 3765 796 3832 divisionem
820 3767 997 3833 instituisse
1019 3765 1244 3849 observamus,
1270 3785 1366 3850 quam
1389 3773 1537 3850 repetere

182 3870 273 3953 iuvat,
290 3889 364 3934 cum
379 3870 570 3955 praesertim
583 3868 740 3954 Simplicii
755 3867 936 3951 fragmenta
951 3868 993 3933 ad
1009 3867 1095 3932 hunc
1109 3868 1215 3932 locum
1231 3869 1386 3952 pleraque
1402 3868 1537 3933 afferan-

184 3981 235 4035 tur.
264 3992 297 4054 p.
313 3972 442 4038 184b15
457 3974 567 4055 ἀνάγκη
583 3973 608 4036 δ’
624 3971 689 4056 ἤτοι
705 3973 773 4054 μίαν
788 3970 860 4035 εἶναι
881 3975 934 4056 τὴν
957 3973 1052 4056 ἀρχὴν
1070 3971 1089 4054 ἢ
1105 3971 1231 4047 πλείους,
1253 3973 1301 4034 καὶ
1324 3972 1349 4034 εἰ
1373 3972 1450 4053 μίαν,
1472 3971 1536 4054 ἤτοι

187 4074 306 4156 ἀκίνητον
330 4077 372 4145 ὥς
388 4097 458 4160 φησι
474 4074 657 4159 Παρμενίδης
673 4076 720 4138 καὶ
737 4073 883 4144 Μέλισσος
898 4075 917 4158 ἢ
933 4074 1103 4157 κινουμένην
1126 4075 1224 4157 ὥσπερ
1247 4076 1274 4137 oi
1296 4075 1411 4159 pocomi
1434 4076 1460 4137 οἱ
1484 4076 1536 4156 μὲν

191 4177 246 4258 ἀέρα
266 4178 425 4261 φάσκοντες
447 4176 519 4240 εἶναι
535 4179 561 4240 οἱ
577 4177 601 4240 δ’
618 4179 696 4261 ὕδωρ
712 4179 765 4260 τὴν
780 4180 898 4261 πρώτην
915 4179 1024 4262 ἀρχήν·
1040 4177 1066 4239 εἰ
1081 4178 1114 4240 δὲ
1129 4177 1253 4252 πλείους,
1276 4177 1295 4260 ἡ
1318 4178 1536 4261 πεπερασμένος

194 4279 353 4362 ἠάτείρους,
376 4281 424 4342 καλ
440 4281 465 4342 εἰ
481 4281 703 4364 πεπερασμένος
719 4281 834 4349 πλείους
849 4281 882 4343 δὲ
897 4284 974 4361 μιᾶς,
997 4280 1017 4362 ἣ
1033 4279 1084 4342 δύο
1100 4279 1119 4362 ἢ
1135 4285 1210 4364 τρεῖς
1226 4303 1245 4363 η
1261 4280 1397 4364 τέτταρας
1413 4281 1432 4363 ἢ
1448 4280 1535 4343 ἀλλον

196 4381 240 4443 τινὰ
260 4382 394 4465 ἀριθμόν,
417 4384 465 4445 καὶ
487 4382 513 4445 εί
536 4382 685 4467 ἀπείρους,
713 4407 733 4466 η
757 4383 849 4452 οὕτως
872 4383 971 4465 ὥσπερ
993 4382 1174 4465 Δημόκριτος
1195 4384 1228 4445 τδ
1249 4383 1329 4465 γένος
1352 4382 1382 4445 ἓν
1406 4385 1535 4468 σχήματι

198 4483 250 4566 iti,
270 4483 337 4548 εἴδει
364 4484 572 4570 διαφερούσας,
595 4510 614 4568 η
637 4487 685 4547 καὶ
709 4485 847 4555 ἐναντίας.
892 4489 1047 4568 quantum
1069 4481 1252 4547 Aristotelis
1281 4483 1412 4567 partitio
1444 4484 1535 4549 disci-

199 4586 281 4666 pulum
307 4587 460 4668 moverit,
492 4587 662 4651 nescimus.
707 4587 767 4653 sed
793 4587 966 4653 maximam
993 4585 1093 4650 fuisse
1120 4584 1189 4650 eius
1215 4585 1457 4666 auctoritatem,
1484 4586 1533 4650 cui

200 4707 268 4752 suurn
287 4688 471 4754 verecunde
493 4688 645 4753 iudicium
673 4688 895 4774 subiungeret,
923 4710 942 4755 e
967 4687 1156 4771 fragmentis
1178 4685 1308 4752 abunde
1329 4688 1534 4772 conspicitur.

202 4808 253 4852 ram
275 4792 358 4874 quod
389 4792 501 4856 laudat
524 4791 637 4857 Cicero
660 4792 701 4857 de
725 4791 778 4857 fin.
800 4793 815 4856 I
839 4786 894 4857 2'c
918 4793 1015 4874 qaid?
1050 4792 1274 4870 Theophrastus
1302 4791 1535 4854 mediocriterne

205 4892 301 4956 debetur
327 4916 397 4958 cum
428 4905 542 4958 tructct
574 4897 659 4958 locos
686 4895 724 4957 ab
752 4897 918 4959 Aristotele
946 4906 1017 4959 ante
1043 4894 1216 4957 tractatos?
1256 4892 1299 4956 ad
1327 4892 1409 4957 alios
1436 4892 1534 4957 libros
