3442 5588
469 313 543 362 Ami
563 313 697 364 DIDYMI
716 317 899 368 EPITOMES
919 319 971 370 m
993 319 1094 370 PHYS.
1110 319 1132 370 1.

383 794 431 850 ΕΚ
451 795 521 852 ΤΩΝ
542 797 667 853 ΑΡΕΙθΥ
684 799 834 857 didimus
854 801 1033 858 ΕΠΙΤθΜΗΣ
1052 805 1203 863 ΦΥΣΙΚΩΝ

789 961 806 1023 1

170 1074 284 1126 Ευσυδ.
308 1076 338 1127 Ρ.
358 1077 390 1126 B.
405 1076 444 1127 XI
459 1074 493 1128 23
506 1086 572 1128 ο-σ.
614 1078 699 1131 stob.
723 1082 770 1131 eei.
877 1082 1008 1134 Alcinoi
1026 1087 1087 1149 epid
1106 1088 1175 1138 Plut.
1195 1086 1281 1152 dogm.
1300 1104 1321 1138 e.
1338 1087 1378 1139 12.

116 1160 169 1210 eth.
183 1162 196 1211 1
213 1159 244 1211 12
262 1160 388 1227 p.33011.

160 1288 230 1374 Περὶ
258 1290 291 1353 δὲ
321 1294 379 1354 τῶν
409 1290 493 1355 ἰδεῶν
517 1293 569 1356 ῶδί
592 1293 770 1380 διείήρχετο,
863 1285 941 1352 Ἐπεί
963 1291 1018 1375 γὰρ
1039 1296 1098 1355 τῶν
1119 1295 1195 1357 κατὰ
1216 1294 1302 1379 ιρόσιν
1324 1296 1474 1381 αἰσθητῶν

114 1394 174 1454 τῶν
201 1393 276 1456 κατὰ
302 1393 387 1478 φύσιν
415 1393 565 1479 αἰσθητῶν
593 1396 668 1459 κατά
689 1397 770 1480 γένος
821 1391 870 1454 κοιλ
893 1392 968 1457 κατὰ
987 1392 1073 1478 μέρος
1089 1395 1235 1479 ὡρισμένα
1250 1396 1313 1460 τινὰ
1328 1400 1374 1462 δεῖ
1387 1423 1475 1484 παρα-

116 1493 261 1576 ῶρισμίνα
295 1496 358 1558 τινὰ
393 1496 610 1580 παραδείγματα
643 1499 770 1583 φάμενος
821 1495 960 1577 δείγματα
985 1493 1058 1560 εἰναι
1080 1497 1132 1567 τὰς
1155 1497 1244 1572 ἰδέας,
1278 1499 1318 1561 ῶν
1346 1500 1393 1563 καί
1424 1501 1476 1571 τὰς

114 1591 188 1657 εἰναι
214 1596 265 1666 τὰς
288 1596 381 1673 ἰδέας,
410 1598 451 1660 ὧν
473 1598 525 1667 τὰς
546 1599 709 1687 ἐπιστήμας
730 1605 769 1687 γί.
821 1594 983 1682 ἐπιστήμας
992 1597 1122 1681 γίνεσθαι
1139 1600 1187 1662 καί
1202 1600 1269 1669 τοὺς
1285 1599 1369 1684 όρους
1384 1599 1475 1688 (παρὰ

113 1698 231 1778 γνεσθαι
254 1701 302 1764 καὶ
330 1702 397 1771 τοὺς
425 1701 524 1784 ὅρους·
553 1704 633 1788 παρὰ
660 1706 798 1776 οςοίοςοςυ
820 1701 928 1771 πάντας
954 1700 1009 1784 γὰρ
1035 1700 1209 1786 ἀνθρώπους
1235 1701 1391 1786 ἄνθρωπόν
1413 1727 1475 1768 τινα

113 1799 168 1883 γὰρ
190 1802 365 1888 ἀνθρώπους
386 1803 542 1889 ἄνθρωπόν
561 1829 624 1870 τινα
638 1808 768 1872 νοεῖσθαι
820 1801 950 1866 νοεῖσθαι
972 1804 1021 1866 νιοιί
1043 1804 1122 1889 παρὰ
1143 1805 1252 1874 πάντας
1267 1805 1372 1876 ἵππους
1386 1807 1474 1871 ἰππον

114 1903 162 1965 καί
196 1904 275 1989 παρὰ
311 1909 419 1976 πάντας
454 1907 560 1978 ἵππους
595 1907 682 1972 ἰππον
719 1911 768 1974 καί
820 1903 868 1966 καί
890 1908 995 1975 κοινῶς
1017 1904 1096 1990 παρὰ
1110 1904 1147 1968 τὰ
1165 1906 1229 1991 (οἶοι
1244 1907 1321 1993 (οἷον
1336 1907 1474 1992 ἀγένητον

114 2010 218 2076 κοινῶς
239 2009 318 2094 παρὰ
340 2011 433 2073 πάντα
456 2014 521 2094 ζῷα
536 2013 612 2095 ζῷον
629 2011 766 2095 ἀγένητον
818 2005 866 2068 κοιλ
883 2005 1043 2090 ἄφθαρτον·
1067 2007 1099 2071 όν
1113 2006 1220 2092 τρόπον
1235 2010 1391 2094 σφραγῖδος
1406 2013 1473 2092 μιᾶς

112 2109 160 2171 καὶ
183 2109 346 2195 ἄφθαρτον·
375 2113 407 2175 ὃν
429 2112 535 2196 τρόπον
558 2112 590 2175 δὲ
612 2115 767 2197 σφραγῖδος
818 2106 958 2190 ἐκμαγεῖα
979 2109 1086 2192 γίνεται
1108 2110 1202 2174 πολλὰ
1225 2111 1272 2173 καί
1291 2111 1355 2181 ἑνδς
1370 2112 1473 2196 άνδρδς

112 2216 182 2292 μιᾶς
205 2213 344 2296 ἐκμαγεῖα
369 2214 500 2296 γίνεσθαι
524 2213 618 2277 πολλὰ
644 2215 692 2278 καὶ
719 2235 765 2278 συ
780 2231 802 2270 ιο
818 2208 926 2279 εἰκόνες
939 2211 1036 2295 μυρίαι
1048 2212 1095 2275 ἐπὶ
1108 2213 1221 2296 μυρίαις
1232 2218 1285 2296 τῆς
1294 2211 1372 2283 ἰδέας
1383 2213 1473 2297 οὔσης

111 2313 184 2398 χνᾶς
210 2315 323 2384 εἰκόνας
348 2316 412 2385 ἑνὸς
444 2316 562 2401 ἀνδρός,
594 2317 687 2387 οὕτως
719 2319 767 2382 καί
819 2311 912 2380 αἰτίας
927 2313 1022 2398 ἀρχὴν
1037 2318 1088 2376 τοῦ
1105 2312 1177 2377 εἰναι
1201 2314 1322 2378 ἕκαστον
1343 2321 1472 2379 τοιοῦτον

112 2419 181 2497 μιᾶς
202 2416 327 2501 ἑκάστης
349 2418 427 2487 ἰδέας
449 2416 599 2501 αἰσθητῶν
622 2421 766 2501 σωμάτων
818 2412 879 2476 οἷον
905 2412 979 2497 αὐτὴ
1007 2412 1163 2499 ὑπάρχει),
1185 2416 1339 2499 ἀναγκαῖον
1361 2418 1410 2480 καί
1438 2418 1472 2480 τδ

112 2518 212 2603 φόσεις
233 2521 432 2604 παμπληθεῖς,
454 2523 506 2602 τῆς
529 2518 581 2601 μὲν
600 2520 765 2604 ἀνθρώπων
817 2516 969 2579 καλλίσταν
984 2515 1211 2597 κατασκεύασμα
1224 2517 1274 2580 τὸν
1289 2517 1398 2601 κόσμον
1414 2518 1471 2582 ὑπὸ

113 2621 287 2704 ἀνθρώπους
325 2620 570 2705 ἅπαντας,κτῆς
602 2621 635 2684 δὲ
667 2622 764 2687 ἵππων
815 2621 867 2680 τοῦ
900 2617 972 2681 θεοῦ
1005 2618 1271 2703 δεδημιουργῆσθαι
1303 2621 1375 2705 πρός
1407 2643 1470 2684 τινα

109 2722 216 2791 ἰππαυς
243 2723 395 2808 άπαντας,>
426 2724 474 2786 καί
505 2724 579 2787 κατὰ
605 2725 655 2787 τόν
677 2725 765 2789 αδτδν
776 2741 802 2781 1ο
818 2716 897 2782 ἰδέαν
919 2719 1031 2802 κόσμου
1053 2718 1268 2806 ἀποβλέποντος
1288 2724 1470 2806 παράδειγμα

111 2823 196 2906 λόγον
225 2822 272 2886 ἐπὶ
294 2829 353 2887 τῶν
374 2824 471 2888 ἄλλων
492 2827 551 2887 τῶν
574 2826 648 2889 κατὰ
670 2828 764 2912 φύσιν.
816 2821 1004 2905 όποῖρχοοσον
1032 2823 1119 2884 τοῦδο
1139 2825 1192 2885 τοό
1218 2822 1330 2905 κόσμου
1362 2827 1403 2893 ὥς
1434 2824 1469 2887 ἀν

112 2923 186 2987 εἰναι
209 2926 241 2988 δὲ
263 2927 315 3010 τὴν
339 2926 416 2990 ἰδέαν
432 2928 524 2990 ἀίδιον
540 2925 650 3005 οὐσίαν,
672 2930 765 2993 αἰτίαν
817 2923 1055 3007 ἀπεικονισμένου
1087 2921 1139 2987 ἀπ’
1181 2924 1294 3008 ἐκείνης
1324 2925 1396 3010 πρὸς
1432 2927 1468 3010 ἣν

109 3026 159 3090 καί
181 3027 277 3112 ἀρχὴν
306 3033 358 3091 τοῶ
385 3028 505 3091 ἕκαστον
527 3026 599 3092 εἰναι
625 3035 765 3110 τοιοῦτον,
816 3025 1041 3110 ἀφομοιωθέντα
1051 3025 1109 3090 ὑπὸ
1124 3029 1176 3090 τοῦ
1191 3029 1367 3110 δημιουργοῦ
1381 3025 1468 3091 αδτδν

110 3129 158 3192 οἰα
181 3129 257 3194 ἐστίν
279 3129 365 3214 αὐτη.
403 3129 536 3213 καθάπερ
559 3129 609 3194 οὖν
631 3131 668 3194 τὰ
689 3133 763 3197 κατὰ
815 3125 1009 3212 ἀπειργάσθαι
1038 3128 1114 3193 κατὰ
1135 3128 1378 3211 θαυμαστυτάτην
1399 3129 1467 3212 πρό-

109 3230 198 3316 μὲρος
226 3232 325 3317 ὥσπερ
354 3230 505 3317 ἀρχέτυπα
531 3235 590 3294 τῶν
613 3234 799 3319 αἰσθητῶντο
814 3249 892 3290 νοιαν
922 3230 970 3293 καί
997 3230 1109 3294 δίαιταν
1136 3228 1272 3300 ἐλθόντας
1293 3230 1342 3293 ἐπὶ
1363 3233 1397 3294 τδ
1419 3233 1468 3314 δη-

108 3334 299 3417 πρυηγεῖσθαι
315 3335 470 3415 σωμάτων,
493 3333 585 3403 οὕτως
600 3336 653 3419 τὴν
668 3339 764 3408 πάσας
814 3333 958 3413 μιυυργεῖν
1002 3333 1052 3396 τδν
1090 3331 1199 3414 κόσμον
1241 3331 1316 3395 διότι
1356 3333 1468 3416 ἀγαθδς

108 3435 139 3499 ἐν
172 3437 263 3520 ἑαυτῇ
296 3435 489 3520 περιέχουσαν
525 3436 681 3522 καλλίστην
713 3441 762 3504 καί
814 3428 861 3515 ἧν·
883 3431 917 3496 έν
939 3436 991 3516 τῆς
1013 3435 1109 3517 πάσης
1131 3432 1181 3497 οὖν
1205 3434 1275 3516 ὕλης
1296 3434 1384 3498 αὐτὸν
1404 3434 1467 3517 ἐδη-

107 3540 289 3621 τελειοτάτην
316 3537 417 3602 οδσίαν
440 3538 580 3623 ὑπάρχειν
602 3542 687 3603 τοῦδε
708 3563 761 3604 πα·
813 3534 951 3617 ριοόργει·

108 3641 247 3724 ράδειγμα
268 3644 320 3704 τοῦ
342 3639 468 3722 κόσμου·
492 3641 564 3723 πρδτ
584 3641 639 3727 γὰρ
653 3643 760 3727 ταότην

107 3742 333 3826 ἀφομοιωθίντα
356 3743 413 3805 δπδ
429 3744 482 3804 τοῦ
497 3742 760 3828 δημιουργήσαντος
771 3762 797 3800 ιο

109 3843 197 3906 αδτδν
219 3844 412 3928 ἀπειργάσθαι
434 3843 506 3906 θεοῦ
527 3845 602 3907 κατὰ
624 3844 760 3928 πρόνοιαν

105 3945 139 4008 ἐκ
160 3950 213 4030 τῆς
235 3949 331 4030 πάσης
352 3946 463 4017 οδσίας.

158 4119 253 4169 Ευεολ).
266 4123 405 4184 ρτυσιυίιιίι
417 4122 457 4171 Xi
470 4117 505 4170 23
518 4127 531 4167 2
552 4121 620 4170 hunc
633 4122 756 4170 indicem:
808 4124 858 4174 Si:
876 4123 966 4191 γίνεται
978 4128 1036 4176 Alc.
1050 4123 1064 4192 ss
1080 4125 1110 4176 11
1125 4121 1206 4183 οὕτως
1217 4127 1262 4179 καί
1273 4128 1324 4180 Sd:
1343 4125 1423 4186 οὕτως
1436 4130 1464 4182 ἐκ

104 4202 150 4273 τὴν
173 4201 199 4255 δὲ
223 4210 276 4256 τῶν
298 4203 436 4274 εἰρημένων
457 4204 564 4257 διάνοιαν
583 4204 612 4257 ἐκ
637 4210 688 4257 τῶν
706 4201 756 4257 Δι-
809 4212 832 4260 Ε
853 4207 867 4277 ΙΙ
888 4210 921 4262 14
938 4209 1141 4280 τῆμάπαντας
1164 4231 1214 4264 om.
1233 4215 1271 4265 St.
1290 4217 1326 4267 E:
1350 4220 1465 4282 explevit

104 4287 188 4358 δόμῳ
213 4286 285 4359 Περὶ
308 4296 371 4343 τῶν
394 4290 592 4361 ἀρεσκόντων
615 4289 758 4346 Πλάτωνι
809 4299 931 4349 Μείυοίιο
955 4296 969 4368 ΙΙ
997 4300 1029 4352 19
1058 4298 1124 4368 αὺτή
1153 4301 1190 4352 St.
1213 4303 1285 4353 Alea
1313 4297 1378 4371 αὕτη
1401 4304 1424 4352 Ε
1448 4299 1462 4368 ΙΙ

103 4377 305 4446 συντεταγμένων
323 4376 477 4448 ἐκθήσομαι·
500 4380 587 4449 γράφει
614 4378 640 4431 δί
664 4377 757 4439 οὕτως·
810 4381 842 4434 21
854 4380 1014 4453 προηγεῖσθαι
1023 4388 1165 4438 infinitivus
1176 4397 1204 4438 ut
1217 4387 1341 4453 v.quuo
1353 4390 1465 4440 offensus

102 4466 209 4516 Stobaei
219 4467 330 4516 editores
341 4463 759 4533 1οωιυυυι1ροιιουιίἰλάτων,υει1
811 4471 849 4523 St.
861 4473 960 4524 addidit
971 4471 1116 4542 συμβέβηκε
1130 4469 1143 4541 Η
1157 4471 1189 4526 21
1204 4478 1285 4527 πᾶσαν
1297 4472 1438 4541 Ε[συειιι]
1449 4473 1464 4543 ΙΙ

103 4553 176 4603 σεται
187 4555 213 4602 in
228 4556 261 4601 A.
274 4554 328 4603 dixi
341 4555 373 4603 de
386 4556 436 4605 hoo
448 4557 478 4605 fr.
492 4558 562 4607 ΡτοΙ.
577 4554 643 4620 μ’ἰθ
653 4570 673 4606 ιι
685 4556 755 4608 74νι
808 4556 842 4608 23
852 4555 927 4609 οὖσαν
937 4560 959 4610 E
970 4559 1021 4611 Sta
1032 4576 1097 4613 corr.
1107 4561 1181 4612 Stob.
1193 4558 1463 4628 τοι1.Αυς.Ητυῖιδε-

140 4641 150 4689 l
172 4640 227 4707 περὶ
238 4667 270 4675 -
280 4637 422 4709 διεξήρχετυ
445 4658 496 4692 om.
516 4644 538 4691 E
559 4638 572 4708 ίΙ
594 4642 610 4694 2
629 4642 695 4694 κατὰ
712 4661 756 4712 με·
805 4641 889 4701 οθσίας
902 4661 952 4695 om.
967 4645 1039 4697 Stob.
1055 4645 1069 4714 ΙΙ
1084 4646 1139 4699 Ι’22
1155 4645 1184 4699 ἐκ
1197 4651 1243 4717 τἠς
1254 4648 1335 4717 πάσης
1347 4645 1390 4698 αδν
1402 4645 1463 4718 ὕλης

103 4741 145 4793 ρος
163 4728 249 4777 Alcin.
268 4729 300 4777 ef.
321 4747 344 4777 v.
360 4728 392 4780 19
410 4725 426 4795 ῘΙ
447 4725 689 4781 4ῶν11υσ.Α1τ.τ
713 4729 754 4799 ἀφ’
808 4729 883 4782 αὑτὸν
910 4729 1064 4802 ἐδημιούργει
1094 4737 1171 4801 vulgo
1199 4737 1329 4800 (Angelie.
1348 4737 1369 4787 C
1389 4736 1412 4799 1,
1423 4736 1462 4798 7)ι

103 4809 140 4863 ῶν
157 4813 231 4865 stob.
250 4809 264 4880 ΙΙ
284 4813 302 4864 8
319 4813 387 4883 παρὰ
403 4814 436 4865 τὰ
450 4813 504 4874 ζῶα
521 4817 594 4869 Est
609 4818 679 4868 Ala:
699 4835 756 4869 cor-
808 4817 888 4886 πάσης
901 4816 976 4870 αὐτὸν
989 4816 1050 4888 ὕλης
1062 4818 1106 4871 οὖν
1119 4818 1273 4891 ἐδημιυόργει
1286 4823 1398 4874 Vindob.
1412 4819 1464 4874 314

101 4903 168 4950 rexit
196 4901 318 4951 λίείυυλε
346 4899 359 4964 ΙΙ
392 4900 423 4954 10
446 4899 553 4969 γίνεσθαι
581 4906 617 4955 E:
645 4901 758 4971 γενέσθαι
