3464 5586
247 284 311 349 408
740 288 842 338 mmm
860 286 963 338 mc.
976 287 1015 336 ιν
1030 285 1062 338 19
1075 294 1117 336 κο

354 352 1326 443 mmmmm.
1336 390 1350 439 1
1362 386 1396 440 οι
1409 387 1468 452 [ιο]
1481 399 1491 437 1

291 526 414 609 ἠγμένον
442 528 490 591 καὶ
524 529 638 613 πληγὴν
668 530 725 593 ύπδ
753 527 838 613 ἀέρος
867 528 898 593 δι’
956 529 1068 612 πληγὴν
1091 526 1136 592 ὑπ’
1164 527 1249 612 ἀέρος
1270 527 1302 592 δι’
1323 529 1407 592 ὤτων
1426 527 1474 590 καὶ
1489 527 1566 610 ἐγκε-

291 629 375 692 ὥτων
388 630 436 693 καὶ
448 631 609 716 ἐγκεφαλου
620 632 669 695 καὶ
680 632 802 713 αἵματος
818 631 904 717 μέχρι
956 633 1050 716 φαλου
1072 631 1121 694 καὶ
1143 631 1266 712 αίμοιτος
1288 631 1375 717 μέχρι
1397 632 1494 715 ψυχῆς
1510 630 1567 693 δια·

292 736 390 817 ψυχῆς
418 732 628 816 διαδιδομένην.
661 733 773 817 λέγεται
802 734 835 797 δέ
857 734 904 796 καὶ
956 732 1119 817 διδομένην.
1139 731 1251 816 λέγεται
1266 734 1362 797 δὲκαὶ
1377 752 1568 816 καταχρηστι·

292 839 532 920 καταχρηστικῶς
551 835 599 899 ἐπὶ
614 839 672 900 τῶν
688 836 802 918 ἀλόγων
818 834 905 920 ζῴων
956 839 1017 905 κῶς
1046 834 1094 898 ἐπὶ
1127 837 1186 898 τῶν
1220 835 1333 919 ἀλόγων
1367 833 1452 920 ζῴων
1481 834 1566 917 φωνῆ

270 938 377 1021 οφωνὴ
413 937 461 1001 καὶ
493 941 552 1000 τῶν
582 937 705 1023 ἀψύχων
738 941 779 1008 ὡς
800 961 903 1024 χρεμε-
954 938 1002 1003 καὶ
1024 940 1083 1001 τῶν
1099 937 1222 1023 ἀψύχων
1245 941 1286 1008 ύις
1311 935 1499 1025 χρεμετισμοὶ
1515 935 1564 999 καὶ
1588 956 1600 994 ιι

291 1041 388 1123 τισμολ
411 1040 459 1102 καὶ
483 1039 580 1123 ψόφοι·
614 1039 721 1124 κυρίως
735 1041 769 1103 δέ
783 1040 867 1124 φωνῆ
883 1042 902 1124 ῆ
953 1041 1052 1127 ψόφοι.
1068 1038 1174 1124 κυρίως
1186 1041 1220 1103 δὲ
1230 1041 1315 1125 φωνὴ
1327 1038 1468 1125 ἔναρθρός
1480 1039 1566 1117 ἐστιν,

292 1140 433 1226 ἔναρθρός
473 1142 549 1205 ἐστιν
591 1144 631 1211 ὡς
667 1144 835 1227 φωτίζουσα
870 1143 904 1204 τό
955 1141 1016 1208 έστι
1037 1143 1091 1226 γὰρ
1113 1142 1279 1228 φωτίζουσα
1300 1144 1334 1206 τδ
1356 1142 1521 1225 νοούμενον.

290 1244 456 1328 νοούμενον.

330 1344 537 1432 Ἐπίκουρος
551 1347 715 1432 τῆνφωνῆν
727 1345 799 1411 εἶναι
811 1348 939 1432 ρεῦμοιθ

262 1471 286 1508 ιο
294 1450 513 1533 ἐκπεμπόμενον
536 1451 594 1513 ἀπό
617 1454 675 1513 τῶν
697 1449 905 1534 φωνούντωνῆ

293 1552 480 1637 ῆχούντωνῆ
504 1552 683 1637 ψοφούντων·
711 1556 796 1616 τούτο
818 1552 851 1614 δὲ
872 1552 905 1614 τό

296 1657 389 1739 ῥεῦμα
418 1653 459 1723 εἰς
481 1655 703 1740 ὁμοιοσχήμονα
725 1654 906 1739 θρύπτεσθαι

296 1757 479 1840 θραύσματα·
503 1758 725 1842 ὁμοιοσχήμονα
741 1758 774 1820 δὲ
794 1757 906 1840 λέγεται

295 1858 332 1921 τὰ
365 1859 524 1942 στρογγύλα
556 1862 616 1929 τοῖς
646 1859 827 1944 στρογγύλοις
859 1859 907 1922 καὶ

261 1982 284 2019 ιι
298 1962 429 2044 σκαληνὰ
444 1962 493 2025 καὶ
507 1962 631 2047 τρίγωνα
645 1966 704 2032 τοῖς
721 1961 907 2045 όμοιογενέσι·

295 2061 453 2127 τούτωνδ’
482 2064 682 2147 ἐμπιπτόντων
712 2068 774 2134 ταῖς
806 2065 908 2134 ἀκοαῖς

294 2166 500 2230 ἀποτελεῖσθαι
513 2168 565 2250 τῆν
581 2164 716 2249 αἴσθησιν
728 2171 780 2250 τῆς
795 2172 906 2252 φωνῆς·

296 2269 419 2352 φανερὸν
445 2269 478 2332 δέ
506 2273 591 2332 τοῦτο
617 2268 746 2352 γίνεσθαι
769 2269 827 2333 ἀπό
849 2273 907 2332 τῶν

297 2372 395 2435 ἀσκῶν
422 2371 580 2456 ἐκρεόντων
607 2372 655 2435 καὶ
678 2374 736 2434 τῶν
759 2372 908 2458 ἐμφυσών·

261 2493 353 2537 νοτων
377 2473 509 2559 κναφέων
532 2477 591 2543 τοῖς
613 2473 746 2555 ἱματίοις.

339 2575 555 2660 Δημόκριτος
582 2576 630 2638 καὶ
652 2576 701 2638 τόν
724 2575 797 2660 ἀέρα
818 2578 905 2661 φησὶν
924 2597 941 2650 3

296 2681 337 2750 εἰς
349 2680 571 2769 όμοιοσχῆμονα
583 2677 763 2763 θρύπτεσθαι
775 2681 908 2761 σώματα,

297 2784 345 2846 καὶ
358 2781 608 2865 συγκαλινδεῖσθαι
619 2786 679 2852 τοῖς
694 2782 727 2845 ἐκ
742 2785 794 2866 τῆς
808 2787 909 2867 φωνῆς

297 2885 472 2970 θραύσμασι.

265 3010 289 3046 ιο
336 2988 465 3058 ’κολοιός
481 2987 534 3072 γάρ
550 2986 629 3071 παρὰ
643 2987 757 3050 κολοιόν
772 2987 871 3061 ἱζάνεά

295 3091 344 3155 καὶ

335 3192 393 3261 ’ὡς
416 3191 472 3254 αἰεὶ
494 3193 543 3254 τόν
566 3194 666 3274 όμοῖον
688 3192 750 3275 ἄγει
772 3191 842 3262 θεὸς
868 3197 909 3263 ὡς

712 3296 760 3358 τδν
783 3295 903 3377 όμοῖον.’

298 3397 346 3459 καὶ
372 3397 426 3480 γὰρ
455 3396 485 3460 ἐν
512 3401 572 3466 τοῖς
598 3395 737 3477 αἰγιαλοῖς
759 3398 789 3460 αἱ
812 3398 909 3480 όμοιαι

266 3520 290 3558 ao
299 3504 391 3583 ψῆφοι
415 3498 489 3561 κατὰ
503 3499 570 3568 τοὺς
583 3496 688 3568 αύτούς
703 3498 808 3570 τόπους
823 3502 911 3584 δρῶν-

299 3626 361 3674 ται,
391 3599 455 3664 κατ’
483 3600 554 3665 ἀλλο
584 3602 636 3683 μὲν
657 3602 688 3664 αί
711 3605 911 3688 σφαιροειδεῖς,

301 3840 312 3891 1
333 3838 489 3908 προηγμένον
502 3845 571 3892 coni.
585 3844 678 3894 Reisko
694 3839 706 3908 Η
721 3842 738 3895 3
756 3844 800 3895 καὶ
812 3846 845 3896 C:
865 3846 909 3896 καὶ
996 3840 1013 3893 3
1031 3839 1127 3911 λέγεται
1139 3841 1194 3894 κτλ.
1214 3862 1267 3895 non
1286 3848 1336 3903 iam
1355 3847 1388 3896 ad
1402 3848 1538 3897 Platonem
1557 3861 1613 3910 per·

255 3927 272 3996 ἡ
286 3929 333 3978 AB
350 3923 363 3994 Η
387 3928 402 3980 θ
416 3924 494 3995 ῥεῦμα
505 3931 523 3979 i.
536 3946 558 3979 ο.
572 3927 639 3997 ῥεῦμ’
655 3929 756 3997 ἀτόμων
768 3934 909 3983 Democriti
962 3933 1046 3981 tinent

256 4032 297 4081 ap.
321 4013 473 4066 o011.v15
499 4011 511 4081 Ιψ
538 4015 570 4069 19
589 4015 760 4086 ἐμφυσώντων
783 4023 844 4072 AB:
868 4020 908 4071 ἐκ·

256 4100 395 4172 φυσώντων
418 4103 439 4152 C
464 4099 477 4169 ΙΙ
509 4104 635 4156 dubitavit
662 4108 694 4158 do
719 4110 758 4159 hio
786 4111 908 4174 exemplis

255 4193 277 4240 Ι.
298 4192 329 4241 G.
348 4190 491 4241 Schneider
514 4193 570 4241 1⁴:01.
593 4195 665 4260 phys.
683 4193 781 4248 [1257.
808 4197 853 4246 sed
877 4199 908 4246 il·

257 4280 395 4329 lustrantur
412 4275 444 4328 τά
459 4273 646 4349 ὁμοιοσχήμονα
657 4278 805 4350 θραύσματα
818 4286 849 4334 cf.
863 4283 908 4334 Se-

257 4382 310 4416 nec.
340 4366 390 4426 Qu.
414 4366 446 4415 N.
470 4367 483 4415 I
508 4365 554 4418 32
586 4370 677 4420 placit.
701 4372 743 4420 111
766 4369 811 4422 59
835 4367 848 4438 ψΙ
875 4369 908 4421 22

257 4460 316 4517 post
334 4449 440 4516 σώματα
452 4462 571 4518 repetunt
589 4458 668 4522 vulgo
687 4454 908 4526 όμοιοσχῆμονα-

258 4536 413 4608 στρογγύλοις
431 4559 464 4593 ex
483 4562 507 4594 v.
523 4543 568 4596 13:
587 4554 656 4596 recto
675 4555 785 4610 pergunt
803 4546 874 4596 ABC
895 4544 908 4614 ΙΙ

136 4624 141 4631 “
258 4626 291 4680 25
311 4629 341 4678 cf.
361 4631 440 4680 Amat.
460 4633 520 4684 Eth.
540 4649 625 4697 magn.
639 4633 666 4682 11
681 4631 709 4682 ll
732 4650 755 4696 p.
771 4630 874 4685 1208b9
894 4631 908 4700 ΙΙ

258 4714 291 4766 ‘27
311 4713 346 4772 ιθς
365 4715 411 4767 olel
424 4719 484 4769 AB:
505 4736 555 4771 om.
574 4717 644 4775 ιύςΟ
663 4721 693 4769 cs.
706 4721 783 4769 Hom.
803 4720 881 4788 9218
895 4719 908 4788 ΙΙ

258 4801 289 4853 31
311 4800 366 4854 κατ’
387 4801 509 4857 ἀλλονθίε
528 4808 631 4867 Reisko,
654 4806 698 4856 sed
722 4808 752 4855 ef.
775 4808 909 4859 Burohard

257 4892 398 4943 Democrit.
413 4892 437 4942 d.
450 4894 541 4944 sonsib.
560 4912 585 4961 p.
601 4892 633 4945 10
