3442 5588
172 347 235 411 (50ss
570 350 707 401 οιτονι
727 349 866 401 ιτιετοιι.
884 348 1025 401 PHILOS
1041 346 1081 400 15.
1097 348 1128 401 ιο

224 517 332 641 φέρων,
355 518 415 580 οἷον
432 518 567 603 ήῆμέρ
568 541 587 580 α
610 516 685 581 ἔστιν
708 518 739 602 <i
735 517 755 602 >
776 516 825 586 νδΕ
848 515 940 581 ἔστιν
965 519 1040 582 ἀλλὰ
1063 518 1120 601 μὴν
1143 516 1235 586 νυξ’
1206 541 1260 580 ουκ
1278 515 1366 594 ἔστιν,
1390 512 1490 599 ήμέρα

224 620 282 705 ἄρα
303 619 395 684 ἔστιν.1

641 879 682 942 16
718 879 798 962 περὶ
818 884 879 944 τοῦ
901 885 1061 966 φυσικοῦ.

303 1030 377 1099 Ὅσα
404 1034 457 1116 μὲν
484 1032 562 1103 εἰκὸς
583 1031 619 1118 ῆν
642 1033 706 1117 περὶ
728 1037 787 1097 τῶν
810 1037 1020 1102 συντελούντων
1050 1036 1092 1105 είς
1119 1036 1153 1098 τὸ
1179 1033 1294 1118 λογικὸν
1322 1033 1413 1118 μέρος
1437 1036 1492 1116 τῆς

225 1136 396 1223 φιλοσοφίας
419 1136 519 1212 εἰπεῖν,
542 1135 599 1218 [ἐν]
622 1135 745 1220 ἑτέρωθι
773 1137 894 1222 διῆλθον
922 1140 969 1203 διὰ
996 1138 1147 1202 πλειόνων.
1190 1136 1318 1201 ἐνταῦθα
1344 1136 1378 1199 δέ
1404 1137 1519 1220 ήμεῖςο

227 1240 434 1323 συντομώτατα
457 1240 521 1323 περὶ
542 1239 652 1302 τούτων
675 1239 877 1324 διαλεχθέντες
899 1241 930 1305 ἐν
950 1241 1111 1325 συμμετρίᾳ
1126 1240 1174 1304 καὶ
1189 1240 1237 1304 ἐπὶ
1252 1239 1288 1303 τὰ
1303 1240 1491 1324 φυσικώτερα

228 1345 416 1429 χωρήσομεν.
452 1342 501 1405 καὶ
523 1343 587 1426 περὶ
609 1341 719 1405 τούτων
739 1340 765 1404 εί
779 1341 857 1426 λέγοι
871 1347 932 1414 τοῖς
946 1347 1016 1407 πᾶσι
1033 1343 1140 1430 ῥηιδίως
1155 1343 1342 1425 ἐπιτιμῶντες
1353 1340 1374 1382 *
1385 1339 1406 1381 *
1416 1339 1437 1381 *
1447 1341 1489 1423 μὴ

226 1448 301 1510 πάνυ
329 1444 541 1530 δυσχεραίνειν,
574 1446 623 1508 καὶ
656 1446 721 1529 περὶ
750 1445 852 1509 τούτου
883 1449 997 1512 δυνατοί
1030 1445 1102 1511 εἶναι
1134 1447 1288 1529 νομίζομεν
1324 1443 1416 1528 λέγειν
1452 1466 1490 1505 τι.

227 1551 436 1622 σπουδάζοντες
457 1547 511 1632 γὰρ
534 1547 689 1632 ἐγνωκέναι
711 1551 802 1613 ταῦτα
824 1551 872 1612 καὶ
895 1555 955 1620 τοῖς
976 1550 1075 1620 ἄλλοις
1097 1549 1289 1634 ἀνεπίφθονον
1311 1545 1384 1612 είναι
1412 1546 1490 1629 νομί-

226 1658 313 1736 ζομεν
336 1650 451 1736 ἐμφανῆ
475 1650 646 1715 καθιστάναι
669 1652 716 1715 καί
739 1655 799 1721 τοῖς
820 1656 923 1736 πρῶτα
945 1654 1088 1736 μαθοῦσιν
1116 1651 1210 1722 οὕτως
1229 1650 1264 1715 ἂν
1285 1651 1483 1736 ὑπολάβοιμεν
1501 1669 1523 1706 ιο

227 1755 276 1819 διὰ
297 1756 448 1840 ῥᾳστώνης
473 1754 629 1838 ὑπάρχειν,
659 1754 718 1818 ἀπὸ
747 1754 857 1818 τούτων
886 1755 923 1819 τὰ
951 1758 1104 1841 προτέλεια
1129 1758 1189 1817 τῶν
1216 1753 1291 1817 κατὰ
1316 1753 1490 1839 φιλοσοφίαν

224 1857 436 1941 λαμβάνοντας.
479 1861 537 1919 τῶν
561 1854 611 1919 οὖν
637 1856 776 1940 πρότερον
805 1856 864 1920 ἀπὸ
891 1862 951 1922 τῶν
978 1860 1080 1945 ἀρχῶν
1106 1863 1165 1922 τῶν
1194 1880 1227 1920 τε
1254 1858 1417 1940 δραστικῶν
1440 1856 1489 1919 καί

224 1963 284 2022 τῶν
307 1959 414 2023 ιἰλικῶν
437 1959 587 2044 ἠργμένον
608 1965 661 2044 τῆς
683 1963 807 2044 φυσικῆς
822 1963 1028 2044 πραγματείας,
1048 1962 1140 2026 ταύτά
1155 1962 1225 2044 ἡμῖν
1240 1957 1361 2029 εἰκότως
1375 1960 1489 2042 διανοη

223 2060 324 2131 θέντες
345 2062 508 2145 άρρδττειν,
529 2061 683 2145 νομίζομεν
705 2062 764 2126 ἀπὸ
784 2063 894 2128 τούτων
916 2063 929 2147 (
967 2063 995 2146 ν)
1016 2063 1113 2149 ἀρχὴν
1132 2063 1281 2127 ’ποιεῖσθαι
1304 2066 1363 2124 τῶν
1383 2060 1489 2144 λόγων.

224 2163 384 2249 εἰρηκότων
406 2165 498 2229 τοίνυν
521 2164 649 2241 ἐκείνων,
672 2168 713 2235 ὡς
734 2166 768 2228 τδ
791 2166 905 2230 πάντων
933 2167 1163 2251 δραστικώτατον
1190 2163 1281 2228 αίτιον
1307 2166 1367 2226 τῶν
1394 2160 1487 2227 ὄντων
1506 2181 1530 2220 1⁵

172 2287 208 2326 ωι
227 2268 276 2331 καὶ
304 2266 464 2349 γινομένων
488 2268 549 2332 ἐστί
574 2266 733 2354 θεός,ίκοιὶ
761 2272 810 2331 νῦν
838 2269 947 2352 ὁμοίως
975 2271 1045 2352 ἡμῖν
1076 2267 1222 2351 ποιητέον.
1266 2264 1412 2330 Πλάτων
1436 2265 1489 2348 μὲν

225 2368 276 2434 οὖν
306 2370 354 2434 καί
383 2368 505 2454 Ζήνων
532 2373 549 2435 ὁ
579 2371 709 2443 Στωικὸς
739 2374 804 2457 περὶ
826 2377 880 2456 τῆς
901 2373 1001 2442 οὐσίας
1022 2376 1075 2436 τοῦ
1097 2373 1169 2436 θεοῦ
1198 2368 1402 2453 διεληλυθότες
1432 2365 1491 2451 οὐχ

224 2473 335 2555 ὁμοίως
367 2473 432 2556 περὶ
461 2473 567 2557 ταύτης
596 2476 807 2560 διενοήθησαν,
838 2474 905 2541 ἀλλ’
933 2477 949 2540 ὁ
973 2476 1026 2558 μὲν
1048 2474 1194 2539 Πλάτων
1221 2472 1292 2537 θεὸν
1320 2472 1490 2554 ἀσώματον,

223 2575 346 2660 Ζήνων
370 2575 403 2638 δὲ
425 2580 522 2659 σῶμα,
545 2579 610 2662 περὶ
632 2582 685 2664 τῆς
707 2584 822 2664 μορφῆς
845 2579 936 2664 μηδὲν
962 2579 1121 2662 είρήκοτες.
1161 2574 1365 2658 Ἐπίκουρος
1386 2575 1423 2637 δὲ
1443 2574 1491 2637 ἀν·

178 2762 262 2818 Ιοίον
286 2764 307 2816 εί
325 2767 360 2817 B:
380 2763 401 2815 τί
420 2781 469 2816 om.
484 2768 522 2816 A:
541 2772 642 2819 correxi
657 2765 671 2835 Η
686 2770 831 2840 οΙῐοτιιωῆ
884 2772 962 2835 vulgo
991 2779 1051 2836 post
1076 2764 1198 2836 μαθοῦσιν
1217 2763 1232 2833 Η
1251 2769 1341 2837 πρῶτοι
1367 2768 1407 2816 A:
1438 2767 1539 2833 πρῶτον

174 2855 233 2904 αδδ.
258 2854 283 2904 D
308 2848 322 2920 Η
348 2851 393 2919 μὲν
417 2849 459 2911 νὺξ
483 2854 517 2904 B:
546 2854 596 2923 μὴν
621 2854 637 2924 ή
661 2854 703 2915 νὺξ
727 2861 751 2908 A
776 2853 791 2926 Η
814 2857 832 2908 2
882 2858 905 2909 Β
930 2855 942 2923 Η
970 2853 1137 2923 δπολάβοιμεν
1160 2856 1195 2906 B:
1224 2852 1391 2922 ὑπολάβωμεν
1415 2853 1453 2901 A:
1481 2846 1539 2901 δπο·

174 2940 222 3011 ἄρα
242 2938 307 2992 ἐστιν
326 2941 365 2989 D:
385 2937 432 2989 οδκ
452 2938 516 2991 ἐστιν
534 2942 583 2992 AB
882 2941 1041 3011 λαμβάνομεν
1058 2945 1083 2993 D
1104 2939 1119 3008 Η
1141 2941 1168 2993 11
1191 2939 1320 3010 ῥαστώνης
1338 2940 1374 2990 B:
1395 2935 1482 3006 ῥαστώ
1500 2954 1539 2988 το·

210 3030 271 3082 θδο
284 3047 305 3079 c.
317 3028 349 3082 16
363 3029 394 3078 cs.
413 3029 484 3079 Proi.
504 3046 528 3094 p.
542 3028 594 3082 248
610 3027 622 3097 Η
638 3032 693 3100 περὶ
705 3035 750 3083 τοῦ
762 3047 832 3102 φυσι-
883 3036 1024 3100 perscripto
1042 3048 1056 3080 ν
1075 3033 1100 3080 A
1120 3025 1134 3096 11
1163 3024 1478 3097 δπάρχτιν-φιλοσοφίαν
1500 3027 1540 3076 hic

174 3120 222 3168 κοῦ
240 3120 278 3168 Αι
301 3115 357 3185 περὶ
375 3118 421 3166 τοῦ
438 3119 544 3183 φυσικοῦ
561 3117 652 3186 μέρους
668 3121 715 3188 τῆς
732 3117 831 3188 φιλοσο-
883 3137 934 3172 om.
954 3121 1054 3187 possuit
1071 3136 1095 3168 v.
1114 3115 1182 3168 1οΒ
1202 3111 1216 3181 Η
1235 3112 1393 3182 φυσιολογίαν
1406 3129 1538 3180 perperam

174 3203 232 3273 φίας
243 3205 266 3256 Β
279 3213 306 3256 οι
318 3205 344 3255 N
356 3207 399 3268 qui
412 3205 484 3255 addit
496 3204 526 3256 ιἰι
538 3222 591 3269 quo
604 3206 719 3273 tanpimr
732 3207 764 3258 άα
784 3207 832 3259 deo
882 3210 907 3259 D
928 3205 942 3274 Η
965 3205 997 3259 12
1014 3203 1182 3273 λαμβάνοντες
1193 3204 1231 3253 At
1249 3201 1304 3270 περὶ
1321 3198 1420 3254 τοδτων
1437 3198 1539 3268 διαλαμ·

175 3301 200 3343 οι
224 3291 257 3344 de
280 3291 378 3343 mundo
405 3288 418 3358 Η
448 3291 464 3343 5
487 3290 512 3342 ἐν
536 3289 641 3360 ἑτέρωθι
664 3294 699 3344 B:
722 3297 782 3346 item
806 3293 832 3345 ίν
883 3294 1045 3362 βάνοκτεςΒι
1064 3309 1131 3344 corr.
1148 3293 1249 3343 Usener
1268 3286 1283 3356 Η
1301 3292 1354 3340 τῶν
1372 3285 1418 3340 οὖν
1434 3291 1538 3354 scripti:

248 3394 263 3447 θ
882 3381 963 3434 τοίνυν
975 3384 1024 3434 ΑΒ
1038 3378 1051 3448 Η
1065 3378 1184 3449 πράτιρον
1202 3393 1252 3428 om.
1269 3378 1292 3428 Β
1308 3374 1321 3445 Η
1336 3393 1404 3442 quae
1421 3386 1541 3428 οοοοοτοτ

175 3467 255 3537 ἑτέρω
268 3471 293 3518 A
309 3470 387 3530 (unde
400 3467 427 3519 ἐν
439 3466 516 3536 ἑτέρῳ
528 3465 595 3536 λόγῳ
609 3471 728 3520 eliciebat
740 3487 832 3522 censor
883 3474 913 3522 ei.
927 3488 984 3522 cum
997 3471 1069 3522 Sexti
1082 3469 1174 3534 Pyrrh.
1187 3469 1221 3517 Η.
1233 3467 1275 3517 ΠΙ
1288 3465 1300 3516 1
1314 3463 1399 3528 [Ptol.
1412 3481 1437 3530 p.
1447 3459 1537 3531 2481u

176 3556 272 3622 Lips.):
286 3556 316 3606 ιἰι
328 3555 378 3607 atii
390 3557 428 3608 N:
447 3554 474 3606 ίν
485 3558 589 3607 inclusit
602 3558 701 3608 Usener
714 3560 746 3610 ei.
759 3561 830 3610 Ptol.
881 3561 934 3609 τῶν
946 3575 973 3608 τι
985 3558 1023 3609 D:
1042 3574 1069 3608 τι
1082 3556 1125 3607 καὶ
1137 3555 1186 3607 AB
1199 3550 1214 3621 Η
1232 3552 1263 3605 13
1276 3551 1362 3604 αίτίων
1374 3562 1436 3603 anio
1447 3549 1539 3619 ήργμί·

176 3662 200 3709 p.
219 3641 270 3694 242
285 3659 323 3707 sq.
352 3641 367 3710 Η
392 3640 499 3694 ἐνταῦθα
527 3643 553 3695 δὲ
581 3644 652 3714 ἡμεῖς
673 3646 733 3697 BN:
760 3645 831 3715 ἡμεῖς
882 3662 933 3695 νων
951 3647 1010 3697 add.
1029 3647 1051 3696 B
1073 3642 1085 3711 Η
1105 3642 1222 3712 ήγμίνων
1239 3644 1265 3692 A
1290 3639 1304 3709 Η
1328 3636 1409 3690 ταδτολ
1426 3641 1540 3690 conexi:

174 3729 201 3782 δὲ
220 3733 315 3782 omisso
335 3727 442 3781 ἐνταῦθα
465 3735 490 3782 A
511 3729 524 3798 Η
544 3735 560 3786 6
578 3731 604 3783 ἐν
628 3733 765 3802 συμμετρία
788 3733 831 3786 κοιλ
881 3729 979 3790 τουτοις
990 3734 1047 3784 AB
1066 3729 1188 3788 ὡσαυτως
1201 3732 1319 3781 voluerat
1330 3729 1434 3779 Usener
1448 3724 1462 3792 Η
1477 3723 1540 3777 τίκδ

177 3819 212 3870 Β.
232 3817 369 3887 συμμοτρία
396 3818 479 3886 μένΑ
498 3822 529 3870 cf.
548 3823 620 3872 Ptol.
633 3839 658 3887 p.
672 3819 774 3889 242111
788 3822 831 3873 καὶ
882 3822 976 3877 τωςοί.
989 3837 1013 3885 p.
1025 3820 1126 3881 6061ss
1137 3817 1151 3886 Η
1165 3818 1198 3870 14
1210 3820 1317 3869 distinxi
1330 3823 1389 3883 post
1400 3810 1540 3882 ἁρμόττων,

177 3905 217 3958 ἐπὶ
235 3904 264 3958 τδ
282 3904 386 3975 φυσικὸν
404 3905 478 3975 μέρος
497 3911 564 3958 coni.
583 3910 684 3960 Usener
704 3906 718 3975 Η
742 3910 758 3960 7
777 3927 829 3978 χω·

177 3993 285 4064 φήσομεν
303 4011 353 4048 om.
374 3998 398 4045 A
420 3991 433 4061 Η
455 3994 498 4045 καὶ
525 3996 580 4064 περὶ
601 3994 699 4048 τοδτων
721 3996 742 4047 τί
764 3995 831 4065 λίγοι
882 3998 907 4046 D
921 4005 980 4062 post
991 3989 1330 4064 διανοηθέντεςΗνομίζομτν
1343 3986 1370 4039 αἱ
1383 3915 1536 4056 πρδτοθέΗ

176 4098 227 4132 om.
247 4082 304 4133 BN·
323 4081 424 4132 καί-τί
441 4080 534 4149 λέγοιεν
552 4081 575 4133 οί
593 4088 644 4141 τοῖς
661 4090 722 4136 πᾶσι
740 4083 831 4154 ῥηθίως
883 4085 921 4132 Αι
940 4080 1072 4150 νομίζομεν
1089 4081 1133 4133 καὶ
1151 4077 1198 4148 πρὸ
1216 4076 1306 4129 τοίντου
1322 4073 1456 4145 imin:
1474 4090 1539 4126 τοι-τ.

177 4168 340 4235 ἐπιτιμῶντας
357 4169 417 4238 ἡμῖν
434 4170 498 4221 πάνυ
516 4168 572 4222 κτλ.
592 4175 702 4223 tentavit
723 4175 830 4224 Usener.
883 4171 991 4221 Usener.
1023 4172 1056 4221 (1ο
1078 4160 1386 4236 νομίζομεν-ποιεῖσθαι
1414 4166 1447 4216 cf.
1470 4163 1541 4216 Ptol.

175 4255 233 4314 τοδς
259 4260 319 4308 πᾶσι
348 4254 439 4324 ῥᾳδίως
470 4257 635 4327 ἐπιτιμῶντας
664 4263 732 4312 coni.
762 4275 830 4311 cens.
883 4274 907 4322 p.
921 4255 972 4309 257
987 4253 1001 4324 Η
1018 4255 1049 4309 15
1068 4254 1103 4313 ὡς
1122 4258 1161 4308 Βτ
1179 4253 1240 4324 πρὸς
1258 4255 1306 4306 AB
1327 4249 1342 4321 Η
1361 4251 1395 4306 16
1414 4249 1468 4303 ἐστὶ
1484 4245 1541 4307 0⁸&

175 4346 247 4411 Lips.
272 4341 286 4413 Η
314 4342 451 4397 θδυνατὸν
470 4348 530 4398 AB:
549 4362 614 4399 corr.
633 4350 658 4398 D
679 4345 693 4415 Η
713 4346 830 4416 λέγειν-
882 4347 921 4395 A:
948 4341 991 4394 τὸν
1017 4340 1075 4395 θεὸν
1098 4342 1158 4396 εἶναι
1184 4346 1207 4395 Β
1236 4339 1251 4408 Η
1283 4340 1327 4391 καὶ
1359 4340 1403 4390 νῦν
1436 4354 1480 4405 μοι
1505 4334 1541 4395 ὥς

176 4431 308 4502 νομίζομεν
332 4450 365 4484 ex
389 4435 411 4485 B
434 4445 607 4486 accesserunt:
635 4439 661 4487 in
684 4439 710 4487 A
736 4440 831 4487 omissa
882 4429 942 4499 ἡμῖν
959 4429 1065 4499 ποιητής
1078 4434 1115 4483 A:
1135 4434 1249 4483 correxi:
1268 4425 1337 4480 οὕτω
1355 4426 1400 4479 καί
1417 4427 1462 4477 νῦν
1479 4423 1540 4494 ίγιῑν

176 4530 235 4573 sunt
253 4532 358 4587 propter
383 4520 514 4589 νομίζομεν
537 4526 656 4573 iteratum
681 4520 694 4588 Η
720 4523 830 4575 θσπου·
882 4518 1000 4587 ποιητέον
1018 4520 1053 4570 B:
1077 4536 1095 4569 ο
1120 4535 1172 4585 quo
1190 4516 1305 4569 οιυαάιιο
1323 4513 1486 4581 excopimus
1503 4520 1541 4563 οτι

175 4606 279 4677 δάζομον
297 4609 333 4660 B:
360 4625 426 4662 corr.
449 4611 550 4660 Usener
573 4605 588 4677 Η
613 4607 775 4678 ἀνεπίφθονον
799 4615 829 4662 cs.
882 4609 916 4669 N,
941 4608 1057 4658 similiter
1076 4609 1100 4658 D
1119 4605 1162 4658 καλ
1185 4604 1282 4672 κόσμου
1308 4601 1344 4660 ὡς
1371 4601 1449 4655 τίπτῑν
1469 4617 1540 4668 ποιη·

176 4713 200 4762 p.
220 4695 282 4758 599,
299 4695 330 4748 13
358 4694 372 4763 Η
404 4694 435 4748 10
462 4692 609 4747 καθιστάναι
637 4714 688 4749 om.
716 4700 739 4749 B
771 4702 832 4763 quia
882 4692 928 4762 τήτ
952 4691 966 4760 Η
994 4694 1024 4746 17
1049 4692 1097 4763 οὺχ
1120 4691 1213 4760 ὁμοίως
1236 4694 1259 4743 Β
1281 4692 1321 4753 (ιιι
1343 4694 1412 4742 coni.
1435 4691 1483 4752 D):
1511 4685 1541 4739 οδ

176 4782 294 4853 ὑπάρχειν
321 4781 370 4834 ἀπό
394 4800 421 4835 τι
444 4787 496 4835 τῶν
523 4783 554 4834 τά
579 4787 669 4852 πρῶτα
691 4791 743 4838 τῶν
765 4785 832 4837 κατὰ
884 4781 1017 4851 κόσμουΔ
1030 4779 1044 4850 Η
1062 4782 1094 4834 18
1106 4782 1162 4850 περὶ
1179 4779 1272 4848 ταίιπης
1284 4780 1333 4829 AB
1350 4780 1391 4840 (ut
1409 4781 1478 4829 coni.
1490 4774 1540 4838 D):

175 4869 321 4940 φιλοσοφίαν
352 4887 385 4921 ex
418 4890 442 4922 ν.
467 4870 498 4922 11
532 4882 590 4937 post
621 4871 721 4942 ἐμφανῆ
749 4884 831 4925 trans·
884 4872 961 4936 vulgo
984 4867 1052 4938 παρὰ
1074 4871 1154 4919 ταῦτα
1173 4864 1188 4934 Η
1209 4866 1242 4919 19
1264 4865 1320 4934 περὶ
1338 4863 1365 4917 δέ
1383 4866 1485 4934 μορφῆς
1501 4865 1538 4913 A:

176 4968 249 5010 vecta
275 4969 335 5010 sunt
362 4956 376 5026 Η
406 4963 553 5026 interpunxi
586 4970 644 5025 post
676 4958 832 5023 καθιστάναι,
883 4959 937 5026 περὶ
955 4958 1055 5028 μορφῆς
1072 4955 1098 5010 ii
1116 4959 1152 5010 Be
1172 4971 1238 5007 ποττ.
1256 4955 1281 5004 D
