3442 5588
499 314 695 368 HIPPOLYTI
714 315 1081 367 PHILOSOPHUMENON
1101 312 1133 366 19
1146 324 1228 363 ισ--νν
1482 313 1544 376 569

229 486 262 549 δέ
284 486 358 567 μόνα
385 485 492 568 κυρίως
513 483 605 566 λέγειν
627 485 715 568 φασὶν
736 483 825 548 αὐτὸν
846 483 883 546 τὰ
905 483 970 568 περὶ
993 486 1106 569 ψυχήν,
1136 484 1173 546 τά
1195 483 1228 546 δέ
1249 484 1314 567 περὶ
1336 488 1424 566 σῶμα
1446 484 1495 546 καὶ

229 587 265 649 τά
286 587 369 657 ἐκτδς
391 587 445 650 οὐκ
467 585 509 650 ἔτι
531 587 637 670 κυρίως
659 587 773 671 ἀγαθά,
801 586 877 649 ἀλλά
898 585 1041 669 λεγόμενα
1069 585 1181 668 ἀγαθοί,
1207 589 1359 672 πολλαχοῦ
1386 585 1420 649 δὲ
1446 586 1495 649 καὶ

229 688 304 769 μέσα
333 688 514 771 ὠνομακέναι
542 689 631 753 αὐτό·
661 689 734 754 εἶναι
760 688 815 773 γὰρ
840 688 939 757 αὐτοῖς
965 689 1013 751 καί
1041 691 1140 758 καλῶς
1162 688 1209 751 κα1
1233 692 1331 758 κακῶς
1352 688 1494 773 χρῆσθαι.

292 791 344 860 τὰς
366 792 419 874 μὲν
441 789 492 855 ούν
514 792 618 875 ἀρετάς
640 792 715 856 κατά
736 792 822 876 τιμὴν
843 790 1006 875 ἀκρότητας
1028 790 1102 855 εἶναί
1123 812 1211 876 φησι,
1239 789 1314 854 κατὰ
1336 791 1369 855 δέ
1391 790 1491 855 ούσίαν
1513 799 1544 853 16

197 892 402 976 ιμεσότητας·
431 896 601 979 τιμιώτερον
624 895 704 978 [μὲν]
726 895 780 979 γὰρ
803 894 888 959 οὐδὲν
915 894 1029 978 ἀρετῆς.
1074 895 1107 957 τὸ
1134 894 1167 958 δέ
1193 893 1371 979 διιερβαλλον
1396 894 1493 958 αὐτῶν

231 999 250 1081 ἦ
273 997 370 1061 ἐνδέον
398 996 439 1066 είς
464 997 568 1060 κακίαν
589 1000 737 1061 τελευτᾶν·
766 997 827 1062 οίον
849 996 990 1080 τέσσαράς
1012 1018 1099 1082 φησιν
1121 995 1194 1061 εἶναι
1221 995 1326 1079 ἀρετάς
1354 996 1492 1080 φρόνησιν

229 1099 419 1186 σωφροσύνην
457 1101 639 1181 δικαιοσύνην
685 1100 834 1184 ἀνδρείαν·
884 1099 994 1163 τούτων
1033 1099 1144 1182 έκοίστη
1177 1098 1407 1182 παρακολουθεῖν
1441 1099 1493 1162 δύο

229 1203 333 1272 κακίας
366 1199 435 1264 καθ’
470 1202 633 1287 ὑπερβολήν
665 1202 714 1266 καὶ
749 1204 886 1285 μείωσιν,
916 1202 976 1266 οίον
1006 1202 1044 1283 τῇ
1077 1202 1129 1284 μὲν
1162 1203 1299 1286 φρονήσει
1330 1201 1494 1286 ἀφροσύνην

231 1305 305 1369 κατά
328 1304 458 1387 μείωσιν,
480 1304 655 1389 πανουργίαν
678 1304 711 1368 δὲ
733 1302 801 1369 καθ’
829 1306 1004 1391 ὑπερβολήν,
1026 1325 1065 1386 τη
1087 1303 1120 1366 δέ
1143 1303 1318 1388 σωφροσύνη
1334 1303 1493 1367 ἀκολασίαν

191 1429 214 1466 ιο
232 1408 306 1471 κατὰ
329 1407 458 1488 μείωσιν,
481 1408 639 1490 σκαιότητα
661 1406 733 1471 καθ’
754 1409 927 1494 ὑπερβολήν,
949 1407 988 1491 τῇ
1010 1407 1044 1471 δὲ
1065 1405 1234 1489 δικαιοσύνη
1250 1404 1406 1487 μειονεξίαν
1421 1404 1495 1468 κατά

231 1512 365 1591 μείωσιν,
395 1508 558 1578 πλεονεξίαν
580 1508 652 1577 καθ’Ι
679 1510 857 1594 ὑπερβολήν,
883 1510 923 1592 τή
945 1509 978 1572 δὲ
999 1511 1116 1593 ἀνδρείᾳ
1138 1509 1245 1573 δειλίαν
1266 1508 1341 1572 κατά
1363 1509 1492 1591 μείωσιν,

228 1613 397 1697 θρασύτητα
426 1611 494 1676 καθ’
522 1614 695 1699 ὑπερβολήν.
730 1613 836 1681 ταύτας
863 1612 896 1675 δέ
922 1611 1108 1696 έγγενομένας
1135 1611 1187 1681 τάς
1216 1610 1320 1694 ἀρετάς
1342 1611 1492 1694 ἀνθρώπῳ

230 1715 447 1800 ἀπεργάζεσθαι
469 1715 556 1779 αὐτόν
578 1715 687 1779 τέλειον
709 1715 757 1779 καί
780 1714 918 1800 παρέχων
940 1716 1022 1800 αὐτῷ
1045 1714 1239 1797 εὐδαιμονίαν.
1389 1714 1442 1796 τήν
1459 1711 1492 1775 δὲ
1513 1720 1543 1772 11

230 1818 415 1900 εὐδαιμονίαν
438 1817 512 1881 εἶναί
534 1838 620 1901 φησιν
645 1819 784 1900 ὁμοίωσιν
811 1817 874 1903 θεῷ
897 1817 972 1881 κατὰ
994 1819 1027 1881 τδ
1050 1818 1181 1881 δυνατόν.
1223 1816 1276 1901 τὴν
1299 1816 1332 1879 δὲ
1354 1815 1493 1897 όμοίωσιν

190 1942 214 1979 ιι
231 1928 273 2007 τῷ
308 1921 387 2006 θεῷ,
419 1921 488 1985 όταν
517 1943 558 1991 τις
588 1921 668 1992 ὅσιός
700 1943 732 1983 τε
753 1921 801 1983 καὶ
824 1919 934 1988 δίκαιος
955 1919 1071 2003 γένηται
1095 1919 1369 2004 μετὰφρονήσεως.
1412 1916 1495 1985 τέλος

227 2024 281 2108 γὰρ
303 2028 389 2087 τοῦτο
410 2027 463 2107 τῆς
484 2021 574 2107 ἄκρας
597 2024 700 2109 σοφίας
723 2023 770 2086 καὶ
793 2023 898 2106 ἀρετῆς
923 2021 1101 2086 ὑποτίθεται.
1275 2021 1352 2104 λέγει
1374 2021 1408 2084 δὲ
1429 2021 1491 2083 ἀντ·
1513 2027 1545 2080 18

229 2125 400 2189 ακολουθεῖν
422 2125 474 2195 τὰς
497 2126 601 2208 ἀρετὰς
624 2127 762 2210 ἀλλήλαις
785 2126 833 2189 καὶ
856 2126 1013 2207 μονοειδεῖς
1040 2123 1112 2189 εἷναι
1140 2127 1187 2190 καί
1217 2124 1364 2208 μηδέποτε
1389 2123 1493 2188 ἐναντι-

231 2229 337 2292 οῦσθαι
361 2230 511 2314 ἀλλήλαις.
554 2227 605 2297 τάς
627 2228 661 2291 δὲ
682 2228 784 2297 κακίας
807 2228 1004 2312 πολυτρόπους
1025 2251 1057 2292 τε
1078 2227 1151 2292 εἶναι
1174 2229 1223 2292 καὶ
1245 2229 1317 2292 ποτέ
1340 2228 1392 2310 μὲν
1412 2226 1493 2289 ἀντα-

229 2331 390 2409 κολουθεῖν,
412 2331 484 2395 ποτέ
499 2332 532 2394 δὲ
546 2330 747 2395 ἐναντιοῦσθαι
763 2331 913 2415 ἀλλήλαις.
1065 2330 1241 2414 είμαρμένην
1256 2330 1290 2394 δέ
1303 2350 1391 2414 φησιν
1406 2326 1489 2404 εἶναι,
1512 2336 1543 2388 19

187 2452 214 2490 ου
231 2432 266 2496 οὐ
290 2433 347 2517 μὴν
375 2436 468 2498 πάντα
490 2431 561 2497 καθ’
589 2433 767 2517 εἱμαρμένην
792 2432 937 2516 γίνεσθαι,
965 2432 1028 2498 ἀλλ’
1056 2433 1130 2498 εἶναί
1155 2456 1182 2496 τι
1203 2429 1322 2516 κα1έφ’
1350 2433 1434 2515 ήμῖν,
1461 2430 1492 2493 ἐν

229 2535 272 2604 οῖς
294 2556 381 2619 φησιν
400 2535 494 2600 (αἰτία
516 2534 666 2618 ἑλομένου,
688 2535 757 2605 θεὸς
780 2534 915 2606 ἀναίτιος’
940 2536 990 2600 καί
1006 2537 1132 2619 ’θεσμός
1156 2558 1188 2599 τε
1206 2534 1389 2618 Ἀδραστείας
1415 2530 1491 2597 δότ’.

226 2639 303 2700 ούτω
340 2638 374 2700 τδ
416 2637 485 2702 καθ’
528 2638 706 2723 εἱμαρμένην
749 2636 810 2701 οἶδε
852 2638 900 2702 καί
942 2640 975 2702 τδ
1018 2638 1064 2724 ἐφ’
1110 2641 1193 2721 ἡμῖν·
1367 2636 1490 2700 ἀκούσια
1509 2643 1543 2696 20

231 2741 264 2802 δέ
285 2760 372 2823 φησιν
395 2740 466 2803 εἶναι
489 2741 525 2804 τὰ
548 2743 758 2825 ἁμαρτήματα·
791 2742 832 2811 εἰς
853 2741 909 2825 γὰρ
930 2742 963 2805 τὸ
990 2744 1141 2805 κάλλιστον
1167 2744 1226 2802 τῶν
1252 2739 1283 2802 έν
1309 2741 1394 2823 ἡμῖν,
1421 2739 1492 2822 ὅπερ

233 2843 308 2906 ἐστ1ν
324 2845 344 2926 ή
360 2844 457 2927 ψυχή,
479 2843 533 2907 οὐκ
554 2843 589 2908 ἀν
611 2867 674 2907 τινα
695 2843 729 2906 τδ
751 2844 840 2907 κακὸν
863 2843 1095 2928 παραδέξασθαι,
1117 2840 1190 2907 τοῦτ’
1207 2840 1268 2907 ἔστι
1290 2843 1343 2926 τὴν
1365 2841 1492 2907 ἀδικίαν·

190 2965 215 3001 ιο
234 2945 307 3007 κατὰ
331 2943 446 3027 ἀγνοιαν
469 2946 502 3008 δὲ
523 2946 571 3010 καὶ
595 2947 715 3031 σφαλμα
740 2950 792 3009 τού
819 2946 948 3030 ἀγαθοῦ,
978 2948 1128 3032 οἰομένους
1155 2946 1244 3010 καλόν
1266 2969 1292 3008 τι
1314 2949 1419 3021 ποιεῖν,
1445 2945 1493 3008 ἐπὶ

230 3049 263 3110 τὸ
291 3048 381 3110 κακδν
410 3046 562 3133 ἔρχεσθαι.
742 3049 790 3112 καὶ
817 3048 891 3120 λέξις
918 3051 1021 3115 τούτου
1052 3051 1254 3136 ἐμφανεστάτη
1284 3047 1361 3112 ἐστὶν
1390 3049 1420 3111 ἐν
1452 3049 1491 3130 τή
1510 3055 1541 3107 91

231 3150 378 3233 Πολιτείᾳ,
400 3150 431 3212 έν
454 3147 474 3232 ή
498 3171 569 3234 φησι
588 3151 689 3214 “παλιν
712 3149 739 3214 δ’
767 3149 805 3215 αύ
826 3154 953 3234 τολμᾶτε
973 3152 1066 3236 λέγειν
1093 3157 1134 3223 ὡς
1158 3152 1343 3237 α1σχρδνκα1
1360 3150 1495 3233 θεομισές

231 3256 251 3336 ή
278 3252 380 3317 κακία·
410 3258 474 3323 πῶς
501 3251 551 3317 ούν
573 3255 610 3339 δή
632 3277 674 3324 τις
696 3255 730 3317 τδ
752 3257 882 3318 τοιοῦτον
911 3255 1001 3319 κακδν
1023 3252 1125 3340 αίροῖτ’
1152 3253 1201 3338 ἀν;
1230 3255 1326 3338 ήττων
1350 3254 1381 3323 δς
1402 3251 1438 3316 ἀν
1460 3250 1493 3336 ή,

229 3356 314 3439 φατέ,
336 3361 394 3419 τῶν
417 3358 544 3440 ήδονῶν.
588 3356 693 3420 οὐκοῦν
722 3357 770 3421 καὶ
796 3361 882 3421 τοῦτο
904 3357 1055 3435 ἀκούσιον,
1082 3355 1162 3441 εἴπερ
1190 3357 1222 3419 τδ
1245 3360 1325 3420 νικάν
1348 3356 1493 3455 έκούσιονγ

191 3476 216 3515 ω
234 3460 311 3522 ὥστε
332 3457 367 3521 έκ
389 3460 495 3528 παντὸς
517 3459 604 3542 λόγου
625 3460 659 3523 τό
680 3481 714 3542 γε
734 3460 843 3524 ἀδικεῖν
866 3459 1002 3525 ἀκούσιον
1024 3461 1041 3523 ό
1063 3458 1147 3541 λόγος
1169 3456 1272 3543 αἱρεῖ.
1419 3459 1491 3522 ἀντι·
1511 3465 1545 3519 99

228 3561 340 3624 τίθεται
362 3560 395 3624 δέ
416 3584 457 3630 τις
479 3560 561 3646 αὐτῷ
583 3563 656 3646 πρὸς
676 3566 776 3626 τοῦτο·
799 3560 848 3626 διά
869 3563 898 3626 τί
918 3559 969 3626 ούν
991 3562 1172 3639 κολάζονται,
1194 3561 1219 3624 ε1
1243 3559 1388 3631 ἀκουσίως
1404 3561 1493 3645 ἀμαρ-

228 3667 375 3747 τοίνουσιν;
406 3666 422 3728 ό
445 3665 479 3727 δέ
500 3664 592 3747 λέγει,
620 3665 667 3728 ίνα
695 3687 726 3728 τε
748 3664 835 3734 αὐτὸς
858 3665 901 3728 ότι
924 3666 1047 3751 τοίχιστα
1069 3664 1226 3748 ἀπαλλαγή
1252 3664 1355 3733 κακίας
1376 3663 1424 3726 κα1
1447 3663 1493 3727 κό-

227 3770 308 3831 λασιν
338 3767 468 3852 ύπόσχη.
518 3767 552 3830 τδ
582 3765 636 3850 γάρ
663 3767 782 3831 κόλασιν
811 3768 952 3853 ὑποσχεῖν
977 3768 1012 3832 ού
1043 3769 1133 3831 κακὸν
1155 3766 1238 3844 εἶναι,
1267 3765 1343 3829 ἀλλὰ
1373 3765 1494 3848 ἀγαθόν,

175 3954 257 4008 Βούκ
272 3955 359 4008 tour
377 3957 389 4021 Η
408 3957 424 4009 4
440 3955 575 4024 φασίειιεο
590 3957 713 4007 Wolflum
728 3953 740 4023 Η
756 3954 772 4009 5
791 3956 836 4025 μίν
888 3959 954 4010 iibri.
985 3953 1033 4009 όδτ.
1065 3956 1086 4008 ιί
1117 3952 1142 4006 δὲ
1173 3955 1266 4006 Οτυίοο
1304 3951 1317 4021 Η
1356 3951 1406 4005 ο1δι
1437 3955 1540 4006 Οιυίοοι

178 4047 277 4096 delevit
301 4045 401 4095 Cruice.
421 4050 502 4095 totum
521 4046 596 4095 colon
615 4047 707 4094 melius
725 4053 837 4109 ponetur
888 4045 911 4097 ο1
944 4043 970 4098 δέ
998 4047 1056 4097 libri
1089 4041 1101 4110 Η
1135 4041 1169 4095 26
1201 4043 1281 4093 faianu
1312 4049 1351 4091 εει
1381 4044 1545 4107 Hippolytus,

176 4143 236 4200 post
254 4145 315 4200 φησι
334 4130 388 4182 κδ
413 4128 428 4199 Η
449 4132 464 4184 6
484 4131 557 4200 φασὶν
575 4139 634 4181 ποτε
653 4131 800 4198 Βοεροτυιυ
820 4128 833 4198 Η
888 4150 948 4186 nam
967 4144 1006 4186 εει
1025 4138 1051 4185 in
1071 4133 1239 4197 ΟΙὶτθρΙιουιο
1251 4146 1276 4196 ρ.
1289 4127 1366 4182 4071)
1388 4126 1544 4194 1121πάλιν

175 4221 192 4272 8
214 4217 339 4289 ἀφροσύνη
361 4221 408 4271 BL
435 4215 448 4284 Η
475 4219 491 4270 9
516 4215 638 4269 ἀκολασία
660 4218 682 4268 Β
707 4215 720 4285 Η
746 4217 779 4272 10
802 4224 834 4287 τή
887 4217 911 4273 δ’
937 4218 1007 4290 αύτῷ
1030 4218 1110 4287 ίματε
1132 4217 1210 4286 λίγιιν
1236 4219 1294 4268 libri
1320 4213 1333 4283 Η
1359 4213 1393 4269 28
1415 4219 1464 4273 πᾶς
1485 4218 1508 4268 Β
1529 4214 1542 4281 Η

175 4304 241 4357 ii-
254 4306 282 4357 il
308 4304 448 4375 ὑπερβολήν
467 4306 558 4357 om.B
584 4301 596 4370 Η
617 4302 759 4374 δικαιοσύνη
778 4303 835 4358 τιλτ-
888 4306 976 4377 ήτῶν
994 4305 1039 4360 όσα
1057 4305 1089 4375 δή
1108 4324 1171 4376 φατι
1188 4307 1247 4357 libri
1268 4302 1280 4371 Η
1301 4303 1335 4358 29
1348 4300 1459 4355 ίκούσιον
1477 4306 1547 4370 (pont

174 4390 269 4452 ονιξίαν
298 4396 321 4445 Τ
351 4390 363 4459 Η
396 4391 427 4444 12
453 4390 598 4462 θρασύτητα
630 4393 666 4444 B:
698 4391 836 4462 σκαιότητα
887 4398 969 4459 νικᾶν)
987 4412 1020 4448 ex
1040 4391 1155 4447 ἀκούσιον
1174 4395 1276 4445 eorr.B
1292 4389 1304 4459 Η
1320 4390 1488 4446 δθάδικονΤ
1504 4387 1545 4457 Ηό

175 4484 347 4547 superscripto
365 4476 459 4549 θρᾶσος
476 4483 511 4532 L:
529 4475 621 4548 θράσος
638 4481 659 4532 C
675 4476 687 4547 Η
710 4481 742 4532 14
761 4481 836 4551 φησὶν
887 4483 960 4553 λόγος
979 4482 1043 4554 α1ρε1
1053 4484 1143 4535 Plato:
1161 4480 1233 4549 λόγος
1252 4481 1302 4552 ίρεῖ
1312 4483 1370 4533 111)ιί
1385 4477 1398 4547 Η
1413 4478 1484 4549 λόγος
1497 4479 1547 4548 ἀρεῖ

175 4570 285 4620 Themi
303 4586 328 4634 p.
345 4568 417 4622 11611
434 4567 444 4636 Η
463 4568 494 4619 15
507 4564 572 4625 όσιος
583 4569 655 4625 ricla
673 4564 686 4635 Η
708 4567 740 4620 17
759 4566 835 4638 ἀλλή-
887 4567 1036 4624 ἀπιτίθιται
1053 4574 1121 4621 inter
1132 4566 1248 4621 ἀκούσιον
1260 4579 1286 4619 ετ
1298 4565 1365 4635 τίπιρ
1377 4584 1455 4634 supra
1470 4571 1547 4619 iterat

174 4654 233 4714 λους
251 4657 274 4708 Β
295 4653 307 4722 Η
332 4656 363 4709 18
382 4654 530 4724 ἀλλήλοιςΒ
546 4654 557 4722 Η
575 4656 607 4709 19
620 4653 647 4707 δέ
660 4670 735 4724 φησιν
745 4657 834 4709 Cedr:
887 4655 937 4726 ΒΗ
952 4657 985 4711 31
1004 4659 1080 4710 τοῦτο
1097 4659 1157 4710 BT:
1176 4653 1257 4724 τούτῳ
1277 4652 1326 4720 ΟΗ
1340 4652 1405 4723 λέγει
1422 4659 1545 4707 incertum

173 4743 248 4813 φασὶν
276 4746 337 4808 (om.
362 4741 398 4806 δί)
427 4744 485 4795 libri
513 4740 525 4808 Η
551 4741 581 4794 ού
606 4743 690 4809 μίντοι
715 4744 791 4796 Cedr.
820 4743 832 4812 Η
888 4763 963 4812 quem
987 4749 1074 4798 iocum
1098 4747 1219 4813 respiciat
1241 4747 1272 4795 cf.
1299 4743 1379 4808 Gorg.
1399 4739 1474 4796 4781
1492 4744 1544 4794 lie·

175 4829 210 4883 21
229 4846 303 4900 φησιν
321 4833 386 4897 Βορ.
400 4834 425 4883 X
438 4832 512 4887 617⁸
528 4830 540 4898 Η
555 4831 672 4885 αῖτίανΤ
692 4830 704 4898 Η
725 4831 835 4885 ἀναιτίαν
887 4831 1100 4900 ριι1)1.111591.ι
1124 4835 1189 4897 1¹0ss·
1202 4834 1242 4883 xl
1255 4829 1328 4885 9341
1348 4833 1421 4882 Ρτοι.
1433 4827 1508 4882 3241
1531 4830 1542 4893 Η

174 4920 199 4971 Τ
230 4922 243 4984 Η
274 4916 306 4970 ’21
335 4915 376 4971 όδι
403 4921 480 4973 Plato
508 4920 619 4972 Phaedr.
642 4918 732 4974 δίδοι
762 4921 784 4972 oi
809 4919 835 4974 δέ
887 4920 921 4974 θ’)
940 4918 978 4973 ότι
996 4922 1088 4972 οιιι.Β
