3464 5586
247 301 289 365 56
710 303 749 350 ιν
784 301 834 349 en
855 300 956 350 saxu
974 299 1140 350 Puucmrs

249 470 389 554 positum
413 470 455 536 sit
476 470 608 535 aeriani
629 469 702 534 libri
724 467 899 551 imaginem
927 488 968 534 ex
991 467 1134 533 Stobaeo
1156 467 1397 552 Plutarchoque
1418 468 1611 550 instaurare,

249 573 291 638 de
315 572 440 637 ratione
462 572 635 638 dicendum
659 578 709 638 est
731 591 795 654 qua
817 576 951 653 uterque
968 568 1101 635 Placitis
1123 590 1200 634 usus
1221 569 1271 635 sit.
1306 589 1345 635 ac
1368 569 1523 634 librorum
1546 569 1613 652 qui·

249 675 323 740 dem
341 674 456 739 divisio
471 674 507 738 in
521 672 674 754 Stohaeo,
698 673 747 738 cui
764 674 947 754 eclogarum
970 671 1079 737 aliena
1100 672 1183 737 ratio
1200 672 1360 757 obstabat,
1382 672 1533 753 neglecta
1552 676 1612 737 est.

252 777 311 842 sed
333 797 405 842 cum
428 776 554 841 indiciis
573 774 765 859 quibusdam
781 776 789 806 ¹
813 775 949 840 similem
964 774 997 838 in
1013 772 1106 838 Aetio
1123 772 1222 839 fuisse
1237 774 1391 839 librorum
1407 773 1613 857 partitionem

250 881 392 961 eluceat,
420 878 614 942 Plutarcheo
638 878 751 944 ordine
774 877 820 942 uti
843 877 965 961 licebit,
993 876 1068 940 dum
1091 877 1292 942 accuratiora
1313 876 1355 942 de
1377 877 1518 942 auctoris
1540 895 1614 942 con·

250 981 322 1047 silio
345 981 490 1047 doceam.
535 980 568 1044 in
592 981 732 1064 capitum
755 1000 889 1045 numero
912 999 1018 1062 paene
1040 978 1245 1044 consentiunt
1267 978 1461 1045 Plutarchus
1482 998 1522 1044 ac
1544 977 1615 1044 Sto·

251 1084 362 1150 baeus.
407 1083 473 1147 illic
500 1082 527 1146 si
554 1085 722 1166 prooemia
749 1081 892 1166 excipias
916 1079 1039 1144 CXXX
1065 1086 1138 1144 sunt
1164 1082 1283 1165 capita.
1327 1083 1381 1149 vix
1403 1080 1572 1146 duodecim
1596 1099 1615 1145 θ

252 1193 343 1252 tanta
373 1185 577 1250 multitudine
603 1186 637 1250 in
659 1185 800 1251 Stohaeo
829 1183 1070 1265 desiderantur,
1099 1183 1126 1247 si
1152 1183 1261 1249 Photii
1282 1183 1542 1266 Damasceniqne
1568 1182 1616 1246 in·

252 1289 341 1353 dices
365 1287 397 1352 in
420 1289 579 1353 calculum
603 1307 710 1353 voces.
754 1286 923 1353 omittendi
945 1292 1053 1351 autom
1077 1305 1159 1368 quae
1180 1285 1278 1352 fuerit
1298 1287 1416 1371 ubique
1438 1305 1547 1369 causa,
1569 1283 1616 1349 di·

252 1390 391 1472 ligenter
413 1389 477 1454 iam
501 1389 688 1473 singillatim
716 1389 947 1474 perquiramus.
993 1388 1163 1453 coniuncta
1190 1396 1239 1454 θεῖ
1265 1390 1347 1456 Ιιθθθ
1368 1391 1514 1473 quaestio
1543 1410 1615 1456 cum

254 1492 491 1577 prooemiorum
514 1512 663 1576 censura,
695 1512 779 1574 quae
801 1498 836 1556 ut
859 1498 909 1557 est
937 1490 1096 1556 difficilior
1118 1491 1260 1558 Stobaeo
1284 1493 1414 1558 omnino
1436 1492 1616 1575 deficiente,

252 1596 298 1660 ita
325 1594 369 1658 ad
396 1594 655 1677 cognoscendum
683 1593 784 1677 ipsius
804 1594 889 1658 herii
915 1593 1077 1676 ingenium
1106 1593 1307 1676 gravissima.
1351 1615 1391 1660 ac
1418 1595 1479 1660 tuit
1501 1614 1616 1661 cuma

253 1695 428 1762 Plutarcho
452 1697 581 1762 demum
603 1696 716 1761 addita
738 1716 778 1761 ea
802 1696 961 1780 opinarer.
998 1696 1151 1761 mouebat
1173 1717 1224 1762 me
1246 1697 1384 1780 primum
1406 1697 1492 1780 quod
1515 1696 1617 1781 epito-

254 1819 328 1864 men
351 1818 387 1863 se
409 1797 525 1864 fecisse
548 1798 668 1865 fatetur
690 1799 743 1881 qui
766 1798 860 1863 tertio
884 1798 965 1864 lihro
983 1798 1161 1882 praefatur:
1189 1801 1391 1883 reprobabatur
1414 1801 1444 1863 ἐν
1466 1805 1526 1868 τοῖς
1548 1822 1615 1882 προ

253 1901 345 1986 τέροις
367 1902 396 1964 ἐν
427 1903 582 1984 ἐπιτομῇ
611 1904 660 1965 τὸν
688 1902 751 1986 περὶ
774 1907 832 1964 τῶν
855 1901 995 1986 οὐρανίων
1018 1901 1112 1983 λόγον.
1147 1901 1232 1984 quod
1258 1908 1406 1966 neutram
1435 1900 1467 1965 in
1490 1905 1616 1984 partem

257 2005 359 2068 valet.
393 2024 469 2068 nam
485 2003 679 2086 epitomator
698 2010 768 2068 erat
790 2010 823 2069 et
837 2004 865 2068 is
888 2003 941 2086 qui
957 2002 1040 2067 Aelii
1057 2002 1167 2085 copias
1183 2010 1344 2069 coartaret
1365 2009 1398 2069 et
1419 2003 1490 2087 ipse
1504 2001 1618 2067 Attius

255 2105 375 2188 quippe
403 2105 457 2187 qui
481 2105 649 2170 materiam
673 2106 870 2171 Placitorum
898 2105 1039 2187 undique
1066 2106 1234 2169 collectam
1261 2105 1352 2171 brevi
1382 2125 1508 2171 summa
1534 2124 1617 2169 com-

254 2205 480 2290 prehenderet.
518 2228 579 2273 nec
600 2209 700 2273 multo
724 2208 854 2290 gravius
878 2207 1036 2290 estquod
1059 2206 1091 2270 in
1115 2208 1248 2273 alterius
1269 2208 1376 2274 fronte
1397 2211 1446 2272 τὸν
1469 2208 1534 2291 περὶ
1556 2210 1615 2268 τῶν

254 2310 497 2390 ἀποτελεσμάτων
520 2311 604 2393 λόγον
628 2310 785 2394 promittit
806 2311 1042 2391 astrologorum
1065 2330 1145 2375 voce
1161 2310 1281 2376 abusus
1304 2331 1375 2375 cum
1395 2310 1530 2376 deberet
1551 2310 1617 2391 περὶ

256 2414 420 2494 μετεώρων.
456 2413 514 2477 sed
534 2433 575 2478 ne
591 2412 703 2477 Aetius
723 2413 852 2495 quidem
869 2411 1106 2478 Chaldaeorum
1130 2420 1234 2477 artem
1256 2411 1441 2495 repudiavit
1464 2410 1503 2498 [V
1520 2412 1560 2476 18
1580 2408 1617 2497 6].

255 2533 368 2578 verum
398 2514 534 2579 serenda
563 2536 628 2580 non
658 2514 829 2581 videbatur
856 2514 961 2597 quarti
992 2513 1063 2578 libri
1095 2513 1350 2598 praefatiuncula
1379 2515 1618 2600 περιωδευμένων

256 2617 289 2679 δὲ
318 2622 375 2680 τῶν
405 2624 457 2681 τοῦ
485 2619 596 2702 κόσμου
625 2624 721 2702 μερῶν
752 2619 927 2703 διαβήσομαι
957 2621 1044 2703 πρὸς
1073 2619 1113 2681 τὰ
1140 2620 1227 2681 κατὰ
1261 2619 1364 2702 μέρος
1391 2623 1504 2701 utpote
1534 2634 1619 2698 quae

255 2718 491 2803 ineptissimum
514 2720 655 2805 capitum
678 2720 824 2785 ordinem
852 2721 1020 2804 perspicue
1043 2720 1217 2786 confirmet.
1263 2726 1396 2802 quartus
1424 2719 1509 2784 enim
1536 2717 1618 2783 liber

255 2822 289 2886 in
318 2822 531 2908 psychologia
559 2828 716 2888 versatur.
761 2831 920 2907 repugnat
947 2844 1045 2888 unum
1071 2830 1167 2906 caput
1191 2826 1206 2888 1
1237 2823 1279 2888 de
1302 2822 1368 2887 Nili
1396 2820 1618 2903 inundatione,

256 2925 342 3008 quod
371 2932 406 2990 ut
436 2925 622 3007 longissime
652 2925 752 2991 distat
778 2925 820 2990 ab
853 2926 981 2992 animae
1009 2925 1244 3010 disceptatione
1278 2925 1324 2989 ita
1351 2924 1437 2990 tertii
1464 2921 1618 2989 extremis

257 3026 416 3110 capitibus
444 3027 680 3109 quodammodo
711 3027 914 3092 coniunctum
944 3035 1003 3093 θεῖ.
1047 3029 1136 3113 atqui
1160 3027 1377 3112 prooemiatur
1398 3027 1469 3110 ipse
1489 3025 1550 3089 fuit
1572 3023 1618 3087 in-

258 3128 416 3213 eptiarum
438 3128 595 3193 conscius.
630 3149 735 3211 neque
758 3129 843 3194 enim
867 3130 994 3213 scripsit
1016 3131 1103 3214 quod
1124 3132 1266 3197 debebat
1287 3133 1359 3214 πρὸς
1379 3130 1416 3193 τὰ
1438 3127 1618 3210 ἀνθρώπινα,

258 3231 315 3295 sed
342 3230 449 3294 alieno
473 3229 572 3311 capiti
596 3232 798 3295 consulturus
826 3232 923 3296 latius
950 3239 983 3297 et
1009 3234 1176 3317 aliquanto
1207 3234 1347 3318 ineptius
1377 3233 1448 3316 πρὸς
1475 3230 1512 3293 τὰ
1544 3229 1620 3291 κατὰ

258 3333 353 3415 μέρος.
387 3331 464 3414 quid
485 3331 582 3413 igitur
597 3332 756 3396 dubitanti
773 3335 952 3418 promptius
968 3343 1038 3401 erat
1059 3357 1155 3420 quam
1171 3334 1336 3401 Plutarchi
1352 3331 1513 3397 inscitiam
1527 3349 1620 3394 accu-

258 3453 331 3498 sare
352 3453 423 3497 cum
443 3434 634 3517 praesertim
654 3434 752 3499 etiam
768 3436 913 3500 ultimum
929 3437 977 3501 ΙΙΙ
994 3440 1015 3502 l.
1031 3446 1129 3521 caput
1151 3438 1192 3503 de
1208 3438 1328 3503 halone
1343 3432 1500 3501 consimili
1523 3430 1619 3496 turba

258 3555 298 3601 ex
321 3535 463 3618 priorum
485 3536 627 3621 capitum
650 3535 712 3620 (ΙΙΙ
729 3539 825 3619 1-6)
847 3537 967 3604 vicinia
982 3541 1190 3606 transiectum
1213 3539 1322 3607 esset?
1351 3537 1422 3621 quis
1444 3535 1528 3601 enim
1545 3553 1621 3600 eun·

258 3634 332 3700 dem
356 3636 409 3720 qui
432 3638 556 3721 reliqua
580 3638 660 3704 bene
689 3639 826 3723 partitus
849 3640 905 3724 sit,
933 3640 967 3706 in
989 3643 1114 3708 duobus
1143 3642 1301 3727 capitibus
1331 3639 1465 3722 turpiter
1492 3638 1620 3721 lapsum

259 3738 353 3805 facile
376 3740 511 3805 credat?
534 3741 663 3805 omnino
687 3742 861 3824 prudenter
883 3741 1013 3828 factum,
1036 3747 1123 3829 quod
1139 3743 1299 3830 principia
1313 3742 1445 3826 primus,
1468 3739 1622 3805 caelestia

258 3842 351 3925 alter,
374 3842 489 3907 tertius
512 3842 676 3927 sublimia,
699 3849 832 3926 quartus
856 3843 987 3910 humani
1009 3847 1124 3930 animi,
1152 3848 1282 3930 quintus
1305 3841 1449 3927 corporis
1471 3847 1619 3905 nat-ruram

259 3944 512 4028 comprehendit.
545 3945 645 4011 nihilo
667 3945 773 4010 minus
788 3947 980 4013 Plutarchus
1002 3956 1089 4014 certe
1110 3949 1228 4013 iniuria
1249 3951 1429 4012 accusatur.
1463 3949 1621 4027 quotquot

259 4046 344 4113 enim
359 4046 524 4130 prooemia
539 4046 572 4111 in
587 4047 740 4112 librorum
756 4054 885 4131 praeter
900 4050 1045 4132 quintum
1061 4051 1171 4136 initiis,
1188 4050 1236 4115 bis
1251 4049 1337 4114 intra
1354 4045 1380 4133 [1
1397 4049 1417 4112 8
1443 4060 1466 4132 1,
1489 4047 1572 4111 1118
1592 4042 1620 4131 2]

259 4151 423 4232 leguntur,
451 4168 490 4213 ea
517 4148 559 4212 ab
582 4170 645 4214 uno
668 4157 743 4216 sunt
765 4157 897 4216 auctore
920 4151 1075 4234 proiecta.
1119 4173 1158 4218 ao
1180 4157 1273 4218 tanta
1296 4157 1345 4214 est
1370 4149 1560 4231 similitudo,
1587 4155 1623 4212 ut

259 4271 325 4316 non
352 4252 455 4315 solum
483 4250 688 4335 periodorum
716 4253 821 4319 forma
848 4253 962 4318 eadem
986 4275 1114 4338 semper·
1135 4260 1260 4336 utatur,
1289 4253 1346 4317 sed
1373 4252 1470 4318 etiam
1496 4250 1545 4315 bis
1571 4269 1624 4314 eo·

260 4353 333 4419 dem
361 4352 461 4418 verbo
489 4355 663 4437 περιοδεύειν
690 4353 848 4441 [prooem.
875 4356 917 4420 II.
941 4354 1013 4443 ffli·
1054 4357 1193 4440 insignia
1219 4375 1297 4421 vero
1325 4353 1528 4421 inexercitati
1557 4352 1623 4417 stili

333 4542 340 4575 ¹
361 4553 478 4608 quartum
504 4554 571 4595 certe
595 4552 621 4594 et
645 4547 761 4608 quintum
790 4547 866 4596 simili
892 4547 1015 4598 librorum
1042 4545 1138 4596 ambitu
1166 4546 1301 4610 discriptos
1324 4547 1402 4596 fuisse
1431 4546 1491 4596 inde
1518 4544 1624 4605 efficias,

261 4634 331 4697 quod
344 4633 462 4681 ordinem
482 4632 605 4682 librorum
624 4636 781 4697 hansposuit
793 4633 929 4695 Stobacus,
950 4636 1061 4699 capitum
1079 4634 1193 4682 servavit
1209 4634 1327 4683 similem.
1354 4635 1399 4683 sed
1417 4633 1504 4683 titulos
1523 4632 1624 4693 aliquot

261 4737 293 4770 ex
314 4722 405 4770 alicnis
424 4722 569 4770 inculcarit.
597 4720 665 4769 unde
685 4721 713 4768 ut
731 4729 759 4769 ut
777 4738 798 4768 c.
817 4719 872 4787 περὶ
885 4723 930 4787 τῆς
943 4720 1060 4787 γενέσεως
1073 4724 1125 4770 τῶν
1138 4717 1211 4787 ζῴων
1224 4729 1248 4768 et
1262 4717 1287 4768 ἐν
1306 4717 1375 4786 πόσῳ
1394 4718 1476 4787 χρόνῳ
1494 4714 1624 4785 διαρθροῦ-

261 4823 301 4856 ται
323 4804 352 4855 τὸ
375 4803 482 4873 ἔμβρυον
505 4816 531 4856 et
552 4805 602 4858 ἀπὸ
625 4806 696 4856 ποῖον
714 4804 816 4874 ἄρχεται
839 4807 927 4876 μορίου
945 4804 1102 4877 μορφοῦσθαι
1119 4804 1148 4857 τὸ
1169 4804 1276 4874 ἔμβρυον
1295 4805 1328 4869 [c.
1342 4805 1385 4868 421
1404 4823 1438 4857 ex
1457 4808 1534 4857 serio
1553 4806 1623 4855 simi·

262 4896 320 4943 liter
337 4895 382 4944 scd
401 4895 453 4944 alio
474 4896 564 4944 ordine
583 4898 715 4946 iterentur.
867 4924 880 4956 ρ
