3464 5586
182 329 223 394 26
465 335 478 383 1
514 334 564 383 Dr.
582 332 850 384 Puu'rnucuanrr
870 332 1054 384 urlu‘omus
1074 332 1244 382 MEMORIA

181 501 279 584 igitur
305 501 388 565 ratio
415 500 588 566 temeraria
619 509 677 566 est.
718 501 814 564 immo
849 503 981 584 πρηστήρ
1011 508 1061 564 est
1087 499 1199 564 follis
1220 498 1426 581 fabrorum,
1449 500 1539 565 cuius

181 602 288 667 listula
321 603 352 666 in
385 603 493 685 ignem
531 602 676 668 immissa
713 603 859 668 flammas
897 623 1022 668 sursum
1056 603 1244 668 eiaculatur.
1293 601 1367 666 huic
1400 602 1540 685 expliea-

182 704 258 770 ticni
287 705 521 769 Anaximandri
556 711 589 770 et
618 705 700 770 ratio
727 714 760 771 el
793 708 897 771 oratic
929 706 1042 770 mirum
1070 711 1223 787 quantum
1251 704 1349 769 favet.
1383 724 1457 768 nam
1484 704 1540 770 ille

182 807 317 890 opiones
349 806 510 889 sagaciter
549 807 751 890 excogitatas
793 808 969 891 priscorum
1009 827 1098 873 more
1135 808 1368 891 ποιητικωτέροις
1401 809 1539 890 ὀνόμασιν

182 906 408 993 {Theophrast
431 909 524 995 phys.
548 910 585 975 fr.
603 908 635 996 2]
664 904 824 994 expressit
858 918 891 976 et
920 909 1071 992 antiquos
1099 909 1212 994 opinor
1237 917 1379 975 sectatus
1409 911 1540 993 Apollo-

182 1009 254 1074 nius
276 1010 420 1076 Rhodius
442 1012 487 1076 IV
510 1014 572 1076 lua
594 1013 670 1076 dum
693 1010 896 1078 Homericum
919 1013 1022 1076 Erro
1043 1018 1133 1097 φῦσαι
1155 1012 1180 1075 δ’
1209 1013 1238 1075 ἐν
1261 1015 1407 1098 χοάνοισιν
1433 1012 1539 1076 ἐείκοσι

182 1117 270 1177 πᾶσαι
294 1115 409 1197 ἐφύσων
432 1116 568 1198 παντοίην
590 1110 750 1198 ίῦπρηστον
773 1117 885 1199 ἀυτμὴν
908 1115 1057 1184 ἐξανιεῖσαι
1080 1114 1233 1198 imitatur,
1255 1115 1351 1181 folles
1372 1121 1540 1199 πρηστῆρας

182 1214 329 1281 obsoleta
350 1236 433 1281 voce
454 1216 608 1282 nominat.
632 1219 763 1302 πρηστήρ
786 1217 870 1282 enim
894 1217 936 1282 ab
952 1217 1067 1283 eadem
1087 1216 1188 1301 stirpe
1210 1238 1280 1301 pra
1302 1219 1354 1284 vel
1377 1237 1446 1302 par
1468 1243 1540 1304 pro·

183 1316 332 1382 ficiscitur
358 1318 444 1383 unde
473 1325 581 1402 πρῆσαι
605 1321 765 1404 ἐίπρηστος
792 1322 961 1404 πρηριιίνειν
984 1319 1082 1384 ducta
1104 1327 1191 1403 sunt,
1218 1320 1333 1402 quibus
1358 1321 1444 1388 inest
1470 1344 1540 1406 pro·

181 1419 252 1502 pria
274 1421 418 1504 spirandi
442 1421 564 1486 notio.¹
598 1420 675 1487 inde
696 1443 768 1485 cum
789 1423 886 1487 ardor
901 1422 991 1487 flatui
1007 1422 1264 1505 coniungeretur,
1286 1422 1401 1504 igneus
1422 1432 1541 1489 ventus

182 1542 244 1586 non
267 1523 377 1606 aptius
400 1542 495 1605 (luam
518 1523 605 1588 follis
627 1524 752 1589 fabrilis
774 1527 907 1608 πρηστήρ
929 1523 1167 1608 appellabatur.
1212 1525 1274 1590 hae
1296 1524 1392 1607 igitur
1415 1525 1540 1590 ratione

183 1624 376 1689 Placitorum
403 1625 557 1690 memoria
584 1627 664 1691 satis
689 1627 752 1690 iam
780 1625 916 1692 defensa
943 1627 1004 1692 crit
1031 1625 1074 1690 ab
1105 1626 1190 1691 omni
1213 1625 1391 1691 coniciendi
1413 1627 1539 1691 temeri·

181 1733 256 1792 tate.
281 1746 356 1791 uam
374 1727 548 1793 Schustero
563 1729 703 1812 praeivit
714 1728 984 1813 wyttenbachius
1000 1735 1168 1812 πρηστῆρας
1183 1728 1218 1791 δι’
1239 1731 1341 1804 αὐλοῦ,
1356 1733 1392 1792 ut
1405 1727 1537 1794 Reiskei

181 1840 214 1891 et
235 1829 346 1895 B'eckii
369 1837 552 1895 commenta
575 1838 794 1914 praeteream,
820 1831 874 1913 qui
897 1831 956 1895 viri
978 1837 1056 1897 ante
1079 1831 1180 1895 multa
1202 1831 1333 1897 saecula
1356 1829 1540 1895 babuerunt

183 1939 216 1993 et
235 1932 364 1996 errandi
381 1939 413 1997 et
429 1933 632 1998 coniectandi
647 1933 769 1997 socium
785 1933 942 1999 Achillem
958 1934 1002 1998 ad
1018 1953 1112 2016 quem
1127 1953 1213 1998 nunc
1228 1933 1335 1998 redeo.
1357 1951 1432 1996 nam
1455 1952 1540 2015 quae

181 2030 262 2095 falso
278 2032 429 2100 lemmate
449 2035 594 2118 praefixo
610 2056 629 2101 e
645 2027 821 2101 Plutarcho
844 2035 1074 2119 interpretatur
1096 2036 1170 2105 τινὲς
1191 2038 1225 2099 δὲ
1247 2041 1287 2104 ὡς
1310 2037 1369 2098 ἀπὸ
1385 2039 1539 2118 σαλπιρρος

181 2130 211 2217 [i.
227 2153 256 2198 e.
280 2135 382 2222 αὐλοῦ]
409 2140 442 2201 ἐκ
470 2140 568 2201 κοίλου
595 2142 685 2202 τῦπου
708 2141 755 2202 καὶ
778 2145 877 2203 στενοῦ
900 2140 1057 2221 ἐκπέμπειν
1079 2139 1166 2218 αῦτδν
1192 2141 1225 2203 rb
1254 2144 1318 2224 φῶς
1345 2141 1443 2221 ὥσπερ
1469 2162 1539 2221 πρη·

181 2239 298 2317 στῆρας,
321 2258 361 2303 ea
383 2242 480 2323 plane
502 2241 544 2304 ad
570 2241 703 2306 istorum
731 2241 894 2305 modulum
917 2240 1053 2305 conficta
1075 2248 1159 2304 sunt.
1205 2260 1245 2305 cx
1267 2239 1381 2306 eodem
1403 2239 1540 2305 Achillis

181 2336 251 2399 lcco
275 2338 373 2404 mirus
403 2364 492 2408 error
521 2351 675 2426 tanquam
703 2342 895 2424 contagione
921 2345 1093 2425 plerosque
1115 2342 1202 2407 viros
1224 2342 1337 2408 doctos
1360 2341 1539 2426 occupavit,

162 2444 300 2502 utnon
325 2453 529 2510 curvaturam
551 2453 642 2510 rotae
670 2447 728 2512 sed
751 2446 926 2510 modiolum
949 2443 1110 2529 (πλήρνην)
1131 2445 1216 2527 ignis
1237 2445 1347 2510 sedem
1370 2444 1539 2527 opinaren-

180 2546 240 2605 tur.
265 2545 350 2626 quod
373 2547 512 2611 correxit
535 2547 809 2612 'leichmuellcrus
832 2549 924 2613 Stud.
947 2570 977 2630 p.
997 2549 1046 2612 13.
1062 2549 1135 2611 550.

258 2647 363 2729 Pergo
375 2650 511 2715 Achillis
524 2671 563 2715 ex
577 2649 750 2716 Plutarcho
763 2650 848 2715 furta
860 2651 1014 2716 indicare.
1038 2657 1136 2733 caput
1150 2649 1191 2714 de
1203 2648 1281 2712 solis
1293 2648 1398 2712 forma
1412 2669 1442 2731 p.
1453 2650 1538 2713 laun

180 2763 220 2808 ex
252 2749 338 2815 illius
366 2753 459 2819 1122
481 2763 547 2815 1-3
577 2753 735 2835 manavit,
772 2753 849 2818 item
882 2754 923 2819 de
959 2752 1142 2818 defectione
1175 2751 1294 2817 ibidem
1328 2751 1533 2816 (1111241.

180 2873 263 2934 quae
291 2875 368 2919 vero
394 2878 426 2940 p.
445 2859 530 2921 1431
557 2856 599 2920 de
627 2855 848 2937 magnitudine
877 2856 954 2920 solis
980 2862 1013 2920 et
1040 2876 1071 2938 p.
1089 2857 1202 2918 idlae
1229 2854 1271 2920 de
1297 2853 1393 2917 lunae
1418 2857 1537 2917 natura

179 2955 379 3020 disseruntur
401 2958 485 3022 adeo
508 2958 694 3040 ‹liscrcpant
720 2964 754 3021 ut
776 2957 968 3023 Plutarchus
990 2963 1048 3021 aut
1067 2977 1133 3022 non
1154 2964 1320 3041 respectus
1341 2963 1399 3019 aut
1420 2953 1537 3020 alienis

180 3058 277 3139 plane
305 3059 500 3125 incrustatura
521 3061 680 3125 videatur.
714 3065 812 3142 atque
834 3059 990 3125 Heracliti
1018 3059 1128 3142 opinio
1158 3059 1233 3123 κατὰ
1256 3064 1333 3142 μῆνα
1356 3059 1388 3120 δὲ
1411 3055 1537 3119 ἐκλείπει

179 3157 236 3231 (sc.
260 3185 279 3243 η
303 3161 424 3246 σελήνη)
447 3168 487 3232 ὡς
511 3164 562 3245 μὲν
580 3161 765 3245 Ἡράκλειτός
787 3183 873 3247 φησιν
898 3163 1006 3244 ὁμοίως
1027 3168 1070 3247 τῷ
1094 3163 1169 3246 ἡλίιρ
1195 3166 1246 3224 τοῦ
1268 3161 1444 3245 φωτοειδοῦς
1466 3159 1537 3241 σχή-

181 3284 268 3340 ματος
296 3259 327 3346 i‘?
349 3268 539 3348 σκαφοειδοῦς
567 3263 728 3351 ὀχήματος]
759 3266 987 3348 ἀναστραφέντος
1013 3270 1122 3348 potest
1147 3263 1205 3328 illa
1231 3263 1358 3345 quidem
1386 3281 1426 3326 ex
1453 3260 1537 3324 Plut.

180 3364 210 3426 ll
227 3365 302 3428 293
335 3368 408 3429 κατὰ
439 3373 492 3450 την
520 3374 571 3431 τοῦ
600 3371 789 3452 σκαφοειδοῦς
822 3371 949 3452 στροφήν
979 3372 1134 3449 excerpta
1163 3385 1246 3431 esse.
1290 3363 1407 3429 similia
1439 3363 1537 3427 eliam

182 3467 256 3531 ibid.
280 3489 311 3550 p.
330 3470 416 3533 14111
439 3476 542 3555 σχῆμα
566 3472 598 3533 δὲ
614 3472 705 3553 αὐτῆς
720 3473 748 3533 cl
764 3472 816 3553 μὲν
839 3470 1028 3553 σφαιροειδές,
1051 3471 1078 3532 οἱ
1101 3470 1134 3531 δὲ
1156 3470 1309 3538 δισκοειδές
1332 3473 1430 3548 atque
1453 3464 1537 3529 Plut.

181 3570 266 3635 1127
290 3581 299 3630 l
324 3573 351 3634 οἱ
378 3572 500 3634 Στωικοὶ
524 3575 693 3657 σφαιροειδῆ
718 3571 789 3635 εἶναι
891 3580 907 3632 3
928 3569 1126 3655 Ἐμπεδοκλῆς
1148 3573 1321 3653 δισυκοειδῆ.
1358 3569 1539 3649 eademque

180 3672 305 3755 species
335 3674 570 3739 autauedentis:
604 3676 696 3758 ἕτεροι
727 3675 760 3736 δὲ
791 3678 844 3755 γῆν
877 3674 1086 3756 πεπωρωμένην
1118 3674 1281 3757 στερέμνιον
1312 3671 1438 3757 ἔχουσαν
1465 3675 1537 3752 πῦρ·

180 3775 250 3837 εἶναι
274 3776 306 3836 δὲ
328 3776 417 3857 αὐτῆς
440 3776 550 3859 οἴκησιν
573 3777 680 3857 ἄλλην
701 3777 848 3856 ποταμούς
871 3798 902 3837 τε
924 3777 973 3838 καλ
996 3776 1051 3838 ὅσα
1074 3775 1120 3838 ἐπὶ
1144 3781 1207 3857 γῆς.
1243 3793 1320 3839 nam
1341 3773 1375 3838 in
1397 3779 1538 3838 mentam

179 3877 267 3941 veuit
298 3877 463 3942 Plutarchi
485 3879 517 3942 II
537 3880 578 3943 ‘24
597 3889 612 3939 3
642 3877 830 3961 Ἀναξαγόρας
857 3878 1036 3961 Δημόκριτος
1067 3877 1218 3962 στερέωμα
1245 3877 1382 3959 διάπυρον
1410 3873 1480 3960 ἔχων
1508 3875 1538 3938 ἐν

179 3981 274 4063 ἑαυτῷ
298 3981 382 4043 πεδία
405 3983 453 4044 καὶ
476 3981 530 4065 ὄρη
553 3983 599 4044 καὶ
623 3982 781 4064 φάραγγας.
819 3979 876 4043 sed
899 3999 971 4044 cum
994 3978 1200 4062 singulariter
1221 3975 1341 4040 dictum
1363 3977 1406 4041 sit
1427 3976 1539 4058 οίκησιν

180 4081 293 4165 οἴλλην2
327 4102 365 4146 ac
397 4083 579 4147 consentiat
611 4081 787 4145 Laertiana
818 4082 1034 4163 Anaxagorae
1069 4081 1137 4145 vita
1159 4082 1231 4145 ua
1264 4083 1316 4165 τὴν
1350 4083 1382 4144 δὲ
1416 4083 1539 4163 σελήνην

180 4187 305 4269 οἰκήσεις
333 4183 410 4268 ἔχειν
441 4187 528 4249 ἀλλὰ
555 4184 582 4271 l?
597 4185 701 4252 ἄλλοις.
732 4202 925 4265 quamquam
953 4183 1035 4247 illud
1062 4182 1192 4248 defendi
1220 4191 1327 4265 potest
1355 4183 1395 4247 cf.
1418 4181 1542 4246 Thurot

180 4288 221 4351 ad
249 4288 340 4352 Alex.
364 4287 397 4350 in
424 4287 478 4352 Ar.
502 4287 533 4351 d.
557 4308 641 4353 sens.
666 4308 698 4370 p.
714 4283 788 4370 431]
811 4286 858 4348 καὶ
880 4287 987 4370 λόφους
1009 4289 1057 4349 καὶ
1084 4288 1247 4371 pcipe-psus,
1270 4305 1336 4349 nou
1364 4304 1383 4349 e
1410 4281 1541 4349 Placitis

181 4389 260 4452 illud
292 4395 404 4471 eaput,
437 4389 494 4453 sed
521 4409 540 4454 e
567 4387 787 4454 Posidoniano
818 4387 932 4470 opinor
967 4385 1196 4453 commentario
1228 4406 1388 4451 manasse.
1429 4391 1542 4449 contra

180 4511 210 4572 p.
227 4493 310 4554 rote
322 4512 368 4573 sq.
384 4492 426 4556 de
441 4491 547 4556 ventis
564 4490 650 4554 haud
666 4488 881 4554 dubitaverim
897 4510 937 4555 ex
950 4490 1033 4554 Plut.
1046 4489 1095 4553 ΙΙΙ
1112 4489 1128 4552 l
1153 4501 1174 4552 1.
1194 4499 1210 4549 3
1230 4495 1384 4571 excerpta
1399 4487 1540 4553 credere.

180 4593 238 4658 sed
261 4593 340 4658 haec
364 4594 528 4658 hactenus.
562 4592 603 4657 ‹le
626 4592 730 4657 altero
753 4611 848 4674 quem
871 4592 961 4674 tetigi
984 4589 1120 4656 Achillis
1142 4591 1232 4656 sonte
1255 4590 1388 4655 inferius
1407 4588 1540 4654 dicetur.

253 4765 259 4795 ¹
281 4769 311 4814 cl.
331 4768 479 4817 Buttmauni
501 4768 605 4831 lcxilng.
625 4768 637 4815 l
659 4765 708 4817 105
733 4767 814 4815 Curtii
833 4766 906 4815 stud.
926 4766 963 4813 lv
976 4762 1036 4816 228.

253 4850 447 4916 ‘'irrtcrprctnr:
469 4856 574 4903 lunam
595 4854 749 4916 praebere
769 4855 901 4901 alterum
921 4853 1120 4902 domicilium
1135 4862 1266 4916 praet-cr
1280 4864 1411 4910 terram,
1428 4844 1542 4904 ιιινῖλλος

180 4941 213 4988 sit
231 4936 297 4988 idem
314 4940 383 5003 quod
403 4936 484 5007 ἔτερος
504 4943 574 4990 veluit
591 4944 617 4991 iu
636 4937 710 4996 ἄλλος
729 4936 789 5005 ίηιῦ,
808 4936 883 4994 ἄλλος
898 4934 1032 5007 Ἡρακλῆς.
