3442 5588
198 339 262 404 626
593 343 731 396 ολωικι
749 344 889 397 amon.
907 344 1046 400 ramos.
1059 343 1163 401 οε-οο

247 512 337 595 πυρδς
359 512 433 576 κατὰ
455 512 542 596 μέρος
565 514 612 578 διά
634 517 735 578 στενοῦ
756 513 790 576 τδ
812 516 870 598 πῦρ
892 516 933 584 ὥς
954 512 992 577 δι’
1012 513 1104 578 αὐλοῦ
1118 513 1191 597 πρδς
1204 512 1284 595 ἡμᾶς
1298 509 1516 592 ἐκπέμπεσθαι.

247 611 285 678 Οί
306 613 459 678 Στωικοὶ
482 614 603 701 ἄναμμα
624 619 722 702 νοερὸν
745 617 780 682 ἐκ
802 617 964 701 θαλάσσης·
1007 615 1153 681 Πλάτων
1183 614 1217 679 ἐκ
1242 613 1380 678 πλείστου
1410 613 1514 698 πυρός.

244 714 476 802 Ἀναξαγόρας
508 720 557 783 καὶ
590 719 815 804 Δημόκριτος
847 719 896 784 καὶ
929 717 1170 802 Μητρόδωρος
1208 715 1313 800 πέτρον
1346 717 1367 800 ἦ
1402 717 1511 801 μύδρον

247 819 394 905 διάπυρον.
439 821 617 892 Φιλόλαος
645 823 661 885 ό
692 819 890 906 Πυθαγόρειος
920 819 1057 904 ὑαλοειδῆ
1086 819 1244 905 δεχόμενον
1266 822 1318 882 τοῦ
1341 818 1377 882 ἐκ
1397 819 1511 902 κόσμου

244 924 335 1008 πυρύς
356 923 408 1008 τὴν
431 922 564 1007 εὐαγίαν,
590 924 749 1008 διηθοῦντα
775 925 808 988 δὲ
829 926 902 1009 πρδς
923 926 1003 1009 ἡμᾶς
1024 925 1057 987 τδ
1079 925 1159 1007 φῶς,
1187 922 1264 986 ὥστε
1285 926 1362 1005 τρεῖς
1383 919 1458 986 εἶναι
1479 923 1510 986 ἐν
1534 943 1545 982 ι

246 1030 288 1110 τῷ
324 1025 401 1110 ἡλίῳ
433 1028 587 1113 διαφοράς·
622 1027 656 1089 τὸ
689 1025 720 1090 έν
751 1032 795 1112 τῷ
827 1026 943 1113 οὐρανῷ
965 1027 1113 1110 πυρῶδες,
1146 1024 1180 1087 τδ
1213 1023 1265 1088 ἀπ’
1302 1024 1394 1089 αὐτοῦ
1426 1047 1511 1108 πυρο

244 1129 327 1205 ειδές,
349 1129 442 1212 τρίτον
464 1130 517 1213 τὴν
540 1129 599 1193 ἀπὸ
615 1127 717 1192 τούτου
739 1129 895 1193 ἀνάκλασιν
918 1125 1158 1212 διασπειρομένην
1180 1128 1252 1210 πρύς
1266 1128 1355 1211 ἡμᾶς.
1389 1124 1509 1210 Ἐμπε-

196 1249 232 1289 ετσ
250 1232 383 1315 δοκλῖης
405 1232 457 1295 δύο
480 1232 594 1316 ἡλίους,
623 1233 656 1295 τὸ
684 1232 736 1313 μὲν
758 1229 873 1316 ἄριστον
898 1232 1096 1317 ἡμισφαίριον,
1116 1231 1120 1313 Ι
1139 1231 1173 1293 τὸ
1202 1231 1235 1293 δὲ
1261 1231 1436 1313 φαινόμενον
1462 1232 1507 1295 ἀνι

250 1334 382 1418 ταύγειαν
405 1335 435 1398 ἐν
462 1340 505 1420 τῷ
533 1335 625 1420 ἑτέρῳ
652 1334 844 1420 ἡμισφαιρίῳ.
885 1331 1088 1418 Ἐπίκουρος
1115 1335 1212 1417 γήινον
1240 1331 1397 1415 κύκλωμα,
1428 1354 1507 1418 κιση·

246 1439 343 1524 ροειδὴ
390 1436 438 1500 καί
483 1439 655 1521 σπογγοειδὴ
700 1442 762 1508 ταῖς
801 1439 1010 1522 κατατρήσεσιν
1050 1433 1221 1519 ἐνημμένον.
1272 1432 1510 1518 Ἡράκλειτος
1527 1457 1549 1496 ιο

241 1538 377 1623 ἄναμμα,
412 1539 443 1602 ἐν
474 1540 527 1622 μὲν
559 1544 623 1611 ταῖς
654 1541 806 1610 ἀνατολαῖς
836 1541 888 1624 τὴν
919 1538 1017 1625 ἔξαψιν
1044 1537 1165 1623 ἔχοντα,
1198 1538 1251 1621 τὴν
1280 1537 1313 1600 δὲ
1347 1536 1447 1622 σβέσιν
1474 1540 1504 1603 ἐν

240 1645 304 1713 ταῖς
325 1644 457 1725 δυσμαῖς.

434 1902 476 1965 63
513 1899 598 1984 Περὶ
622 1899 799 1984 μεγέθους
820 1900 932 1985 ἡλίου.
970 1908 1242 1976 [Plut.11211.:,:]

322 2053 595 2141 Ἀναξίμανδρος
620 2057 670 2118 τύν
694 2056 746 2138 μὲν
767 2058 849 2140 ἥλιον
872 2055 934 2120 ίσον
962 2055 1034 2120 εἶναι
1056 2061 1093 2139 τῇ
1116 2062 1171 2141 γῇ,
1198 2059 1246 2122 τδν
1274 2060 1308 2122 δὲ
1329 2058 1421 2124 πόλον
1443 2057 1500 2145 ἀφ’

239 2158 348 2243 αὐτὴν
371 2158 497 2242 έκπνοὴν
520 2156 584 2244 ἔχει
607 2159 725 2230 ἑπτάκις
746 2160 794 2224 καί
817 2159 1059 2224 είκοσαπλασίονα
1087 2164 1140 2243 τῆς
1169 2163 1233 2244 γῆς
1272 2159 1511 2246 Ἀναξαγόρας
1529 2182 1551 2221 ιι

238 2263 434 2327 πολυπλάσιον
470 2265 523 2346 τῆς
558 2265 622 2345 γῆς.
666 2259 872 2347 Ἐπίκουρος
900 2265 1040 2341 τοιοῦτον,
1074 2260 1134 2332 οίος
1168 2261 1310 2347 φαίνεται,
1346 2266 1367 2349 ἢ
1407 2271 1503 2352 μικρῷ

237 2363 340 2449 μείζον’
367 2365 388 2449 ἢ
410 2365 533 2430 ἐλάττω.

185 2640 221 2680 m
430 2625 472 2688 64
508 2621 594 2707 Περὶ
618 2626 807 2709 σχήματος
829 2624 940 2709 ἡλίου.
978 2630 1058 2695 [Plut.
1071 2630 1146 2685 1123
1159 2642 1178 2685 1.
1191 2642 1210 2682 ι.
1223 2632 1279 2697 τε]

317 2775 549 2863 Ἀναξιμένης
582 2779 691 2844 πλατύν
723 2778 795 2844 εῖναι
828 2781 878 2845 τὸν
911 2783 993 2866 ἡλιον
1025 2779 1114 2844 οίεται
1145 2781 1244 2865 ὥσπερ
1273 2779 1335 2846 οἷον
1366 2782 1502 2846 πέταλον.

231 2877 459 2966 Ἡράκλειτος
487 2885 629 2968 φακοειδὴ
659 2883 832 2968 ὑπόκυρτον.
875 2882 913 2949 Οί
942 2884 1096 2949 Στωικοὶ
1124 2884 1223 2969 ὥσπερ
1244 2884 1294 2948 τύν
1317 2882 1429 2967 κόσμον
1451 2886 1498 2949 καί
1515 2905 1539 2944 οι

235 2985 272 3050 τὰ
293 2985 395 3070 ἄστρα.
441 2982 649 3071 Ἐπίκουρος
671 2985 844 3073 ἐνδέχεσθαι
864 2987 902 3052 τά
923 2987 1119 3073 προειρημένα
1140 2988 1245 3052 πάντα.

427 3247 469 3310 δῦ
506 3242 592 3329 Περὶ
615 3247 755 3327 τροπῶν
777 3242 892 3326 ἡλίου.
929 3247 1266 3314 [Plu:.11221.:.:.⁴.:]

316 3396 541 3484 Ἀναξιμένης
563 3401 620 3464 ὑπὸ
642 3400 868 3485 πεπυκνωμένου
891 3399 976 3485 ἀέρος
998 3402 1046 3465 καὶ
1076 3398 1229 3463 ἀντιτύπου
1255 3398 1432 3469 ἐξωθεῖσθαι
1462 3407 1500 3469 τὰ

232 3499 335 3586 ἄστρα.
375 3500 614 3587 Ἀναξαγόρας
640 3503 700 3567 ἀπὸ
726 3508 778 3567 τοῦ
806 3504 879 3588 πρὸς
904 3507 967 3574 ταῖς
995 3501 1111 3587 ἄρκτοις
1137 3501 1222 3587 ἀέρος
1244 3525 1265 3568 ν
1287 3527 1309 3567 ιι
1332 3528 1353 3569 ιι
1372 3510 1426 3592 τῆς
1448 3532 1499 3572 πα-

232 3606 369 3675 κνούσεως
403 3604 589 3690 ἰσχυρότερον
619 3609 704 3669 ποιεῖ.
748 3604 992 3691 Ἐμπεδοκλῆς
1023 3606 1080 3670 ῦπδ
1107 3610 1160 3690 τῆς
1186 3608 1380 3694 περιεχούσης
1406 3609 1495 3675 αὐτὸν
1512 3632 1535 3671 ε

238 3709 361 3794 σφαίρας
383 3707 566 3792 κωλυόμενον
591 3707 677 3794 μέχρι
699 3710 805 3780 παντδς
824 3709 996 3794 εὐθυπορεῖν
1011 3709 1059 3773 καὶ
1075 3708 1132 3771 ὑπὸ
1148 3712 1206 3774 τῶν
1221 3717 1367 3796 τροπικῶν
1382 3713 1499 3778 κύκλων

235 3810 408 3896 εἰργόμενον.
453 3811 626 3895 Διογένης
648 3811 706 3874 ῦπδ
728 3816 780 3876 τοῦ
803 3813 1017 3882 ἀντιπίπτοντος
1038 3817 1076 3895 τῇ
1101 3812 1259 3898 θερμότητι
1281 3813 1395 3901 ψύχους
1416 3817 1497 3903 σβίν·

214 4085 230 4137 2
254 4086 320 4156 νάμα
345 4091 382 4140 A:
411 4088 508 4156 πνεῦμα
531 4087 553 4139 Β
582 4082 598 4155 ΙΙ
620 4086 637 4140 3
661 4087 752 4158 μέτρον
774 4089 836 4157 άμυ·
888 4093 910 4144 Β
931 4089 945 4159 ΙΙ
971 4090 1004 4146 16
1022 4086 1189 4142 πολυπλάσιον
1206 4092 1245 4140 Δι
1268 4086 1473 4144 πολλαπλασίονα
1490 4094 1512 4146 Β
1531 4089 1544 4160 ΙΙ

180 4170 237 4243 δρδν
255 4174 304 4226 AB
324 4172 339 4243 ΙΙ
359 4175 377 4226 4
395 4173 525 4244 φιλόλογος
542 4176 564 4227 Β
584 4171 599 4244 ΙΙ
618 4172 766 4247 γαλαγοειδῆ
784 4174 835 4246 ΒΙΙ
887 4176 965 4248 μικρὰ
987 4178 1009 4230 Β
1035 4174 1049 4245 ΙΙ
1079 4176 1112 4229 17
1136 4174 1219 4244 μεῖζον
1246 4181 1284 4229 A:
1312 4174 1413 4245 μείζονα
1445 4178 1469 4232 Β
1493 4177 1506 4248 ΙΙ
1528 4177 1544 4248 ἡ

178 4260 195 4313 5
213 4259 313 4330 τύαγίαν
337 4266 368 4315 τί.
387 4265 477 4315 Iambl.
496 4272 575 4331 protr.
594 4262 720 4330 p.3601{.
742 4263 754 4333 ΙΙ
775 4263 792 4319 5
810 4263 836 4318 ίν
888 4265 985 4319 ίλάττω
1004 4270 1041 4317 A:
1061 4282 1112 4317 om.
1130 4266 1153 4317 B

177 4364 228 4400 υω.
255 4349 278 4399 Β
301 4345 315 4417 ΙΙ
343 4351 359 4402 6
383 4347 432 4402 ἀπὸ
456 4352 500 4402 τοῦ
523 4354 562 4402 A:
590 4348 640 4405 ἀπὸ
662 4355 707 4405 τοῦ
730 4350 835 4423 οὐρανοῦ
922 4352 957 4409 20
975 4352 1037 4423 θπίρ
1055 4353 1098 4405 τὸν
1115 4355 1138 4404 Β
1156 4349 1172 4420 ΙΙ
1191 4351 1223 4404 21
1243 4349 1361 4421 δίγισθαι
1382 4356 1425 4406 A:
1448 4352 1544 4426 δέχεται

103 4474 105 4478 -
671 4455 696 4507 τ’
887 4443 917 4494 Β.
946 4443 991 4493 τοῦ
1014 4436 1130 4510 δέχεσθαι
1158 4442 1224 4492 falso
1248 4443 1306 4492 Ιουο
1328 4451 1390 4508 ροσε
1412 4440 1544 4496 ἀντιτύπου

175 4522 198 4573 Β
223 4517 237 4590 ΙΙ
263 4522 279 4573 Ί
303 4520 436 4575 ἀνάκλασιν
459 4526 484 4574 A
513 4521 527 4592 ΙΙ
559 4525 577 4578 8
603 4525 680 4579 ἀνταυ
709 4531 746 4578 A:
776 4525 831 4580 ἀντ’
886 4549 911 4583 v.
924 4529 958 4584 23
978 4525 993 4597 ΙΙ
1012 4527 1045 4580 τὰ
1062 4525 1227 4597 προειρημένα
1245 4529 1337 4580 οω.Β

175 4604 253 4660 αὐτοῦ
275 4610 297 4660 Β
321 4607 335 4677 Η
348 4610 376 4664 -9
398 4613 445 4680 γῆς
461 4609 522 4663 ίύιον
541 4613 589 4665 AB
609 4611 622 4681 ΙΙ
644 4613 677 4667 10
700 4613 831 4685 κατατρύ-
918 4617 953 4671 23
966 4613 1099 4670 ἀντιτύπου
1111 4611 1228 4684 δέχεσθαι
1240 4616 1262 4666 Β
1276 4611 1291 4682 ΙΙ
1308 4613 1344 4668 24
1359 4619 1416 4675 ταῖς
1429 4616 1542 4685 υιιι.ΒΙΙ

174 4698 273 4748 σεσινΒ
294 4693 307 4765 ΙΙ
331 4699 361 4750 ll
376 4697 460 4768 άναμα
472 4704 510 4753 A:
529 4698 697 4769 άνάμματαΒ
712 4699 726 4768 ΙΙ
740 4699 831 4773 ίχοντα
882 4707 1038 4760 Plutarcho:
1055 4702 1083 4756 δν
1101 4701 1176 4760 αὐτὸς
1194 4698 1315 4755 συνωθῶν
1334 4701 1365 4754 ίκ
1383 4720 1449 4757 σασα
1466 4707 1541 4757 inter·

173 4787 210 4835 σία
229 4785 278 4836 ΑΒ
295 4795 324 4837 ut
341 4787 376 4838 τῦ
398 4785 467 4856 ἡλιον
489 4791 615 4842 referatur
636 4791 667 4841 αί.
686 4788 829 4859 κισηροιιύἡ
882 4795 999 4845 ciderunt
1018 4790 1033 4862 ΙΙ
1053 4784 1087 4846 25
1106 4783 1174 4844 αὐ7“
1189 4794 1216 4842 A
1230 4787 1246 4859 ΙΙ
1260 4788 1294 4845 26
1307 4786 1509 4860 τύθυδρομιῖνΒ
1527 4789 1539 4860 ΙΙ

173 4871 217 4923 καὶ
246 4872 392 4943 σπογγοτιδὴ
411 4877 457 4938 (οἱα
474 4877 535 4939 AB)
554 4895 579 4928 v.
593 4876 608 4928 9
880 4877 929 4933 ὐπὸ
940 4878 984 4932 τόν
995 4877 1113 4950 τροπικὸν
1130 4877 1225 4932 κύκλον
1242 4882 1268 4930 A
1283 4875 1299 4948 ΙΙ
1313 4876 1348 4933 27
1360 4875 1508 4951 θιρμοτάτη
1519 4881 1539 4932 Β

208 4957 241 5013 15
259 4959 444 5015 είκασαπλασίω
457 4966 482 5014 A
497 4961 510 5031 Η
524 4959 767 5034 Ἀναξαγόρας-γῆς
776 4983 827 5019 om.
