3464 5586
199 354 261 416 11ss
410 354 476 402 rur
513 354 562 401 nn
581 351 837 403 renorunrsrr
857 350 1090 402 rsrsrconuu
1110 347 1346 402 orrrrorrrnus

196 523 286 588 dedit
308 522 327 562 *
350 523 383 586 ἐιι
406 527 515 607 μικρῶν
539 521 666 586 omissis
687 523 737 584 τὸν
759 522 792 584 δὲ
813 522 925 605 πικρὸν,
941 520 1120 586 Vossianus
1143 518 1228 585 idem
1251 519 1408 602 nesigno
1430 518 1561 603 quidem

197 625 334 690 lacunas
349 623 470 689 addito.
493 625 591 706 paulo
607 622 692 688 infra
707 623 772 687 oris
783 622 992 687 Laurentiani
1008 622 1149 688 evanida
1163 621 1245 687 haec
1258 621 1424 706 adscripta
1437 621 1562 690 invenit

195 726 384 792 Brandisius
406 727 587 812 περιφέρειαν
609 717 715 807 citur]
737 726 785 787 καὶ
808 726 988 809 tetranepos
1011 724 1148 809 ἔχουσαν.
1181 725 1225 787 διδ
1248 725 1296 787 καὶ
1317 727 1464 810 γλισχρῶν
1486 724 1559 790 εἶναι

195 832 329 912 κολλώδη
353 829 475 912 ἅλμυροι
498 829 530 890 δὲ
552 832 595 912 τῷ
619 828 652 890 ἐκ
675 829 808 909 μεγάλων
831 828 880 889 καὶ
903 826 937 889 οὐ
956 834 1119 913 περιφερῶν
1134 825 1233 891 ἀλλ’.1
1268 826 1399 910 legendi
1413 825 1559 893 laborem

197 931 390 1016 supterfugit
413 931 466 1014 qni
490 929 570 993 illud
592 930 758 1012 exemplar
780 927 933 993 condidit.
966 949 1042 994 nam
1060 928 1237 994 omiserunt
1252 929 1360 994 omnia
1383 936 1417 995 et
1432 930 1561 997 Vossia-

195 1056 256 1100 nus
284 1042 317 1100 et
340 1033 515 1100 Camotius.
549 1031 635 1096 idem
657 1030 777 1095 factum
799 1032 878 1111 §70
899 1030 952 1095 ubi
976 1031 1002 1095 F
1022 1033 1071 1095 ιισὶ
1096 1021 1147 1110 lllllt
1175 1033 1271 1096 αὐτῶν
1302 1031 1401 1098 habet
1427 1052 1559 1116 prorsus

197 1136 393 1203 oblitteratis
415 1155 499 1217 quae
521 1132 690 1199 interiecta
711 1139 805 1197 erant
827 1135 875 1197 διὰ
896 1139 955 1196 τῶν
978 1133 1184 1200 vocabulis*
1219 1134 1296 1199 inde
1318 1133 1493 1200 omiserunt
1514 1137 1559 1201 la

198 1259 281 1304 cuna
309 1237 454 1303 indicata
481 1235 647 1302 Cannutius
673 1255 744 1300 cum
772 1234 942 1300 Vossiano.
987 1235 1073 1302 idem
1100 1257 1210 1301 rursus
1236 1237 1312 1318 §13
1337 1236 1474 1321 factum,
1503 1237 1558 1305 nbi

196 1344 292 1427 ἑαυτῷ
309 1343 382 1424 p'ost
397 1342 551 1424 διαφωνεῖν
567 1358 699 1422 prorsus
717 1338 890 1411 evanidam
910 1338 943 1402 in
960 1337 985 1401 F
1009 1358 1081 1404 csse
1104 1345 1240 1404 testatur
1260 1338 1460 1423 Brandisius,
1483 1341 1559 1406 orni-

195 1450 306 1509 serunt
335 1440 500 1507 Camotins
524 1440 711 1505 Vossianus.
744 1440 821 1520 §66
844 1459 956 1505 verum
983 1439 1082 1507 habet
1105 1443 1130 1507 P
1157 1443 1340 1528 ἐπιτινρλοδν,
1367 1427 1480 1516 inutilla
1504 1463 1558 1509 ex-

194 1546 304 1611 tremis
326 1543 469 1609 funditus
491 1543 608 1609 deletis
630 1542 666 1607 F.
700 1542 878 1607 Vossianus
903 1549 1012 1608 tamen
1035 1546 1276 1630 ἐπιτυρλοδμενσ,
1299 1543 1465 1611 Oamotius
1486 1545 1557 1612 bar·

194 1648 272 1714 bare
295 1649 380 1729 ἐπιτῄ
404 1647 562 1732 φλοδρενα.
598 1664 752 1728 perversa
773 1643 864 1710 verbi
885 1643 990 1710 forma
1012 1654 1117 1711 utrum
1139 1647 1174 1711 in
1190 1647 1216 1711 F
1234 1647 1309 1713 olim
1331 1646 1428 1714 fuerit
1449 1667 1492 1713 an
1515 1668 1556 1714 ex

194 1749 373 1815 obscuratis
394 1748 541 1832 apicibus
562 1753 678 1831 postea
700 1745 876 1825 divinando
900 1748 1032 1830 expieta
1052 1749 1104 1834 sit,
1126 1769 1191 1814 non
1214 1748 1403 1816 diiudicabit
1417 1749 1478 1815 nisi
1500 1751 1556 1835 qui

193 1851 403 1917 Laurentiani
434 1851 562 1916 lituram
593 1850 699 1914 acrius
727 1847 928 1914 examinarit.
975 1850 1056 1917 haee
1078 1851 1175 1935 igitur
1197 1858 1264 1916 tam
1286 1851 1460 1918 manifesta
1482 1861 1556 1920 sunt

194 1954 326 2037 originis
348 1952 477 2036 indicia,
500 1959 535 2016 nt
558 1950 828 2035 quemadmodum
851 1951 947 2018 alitor
968 1958 1001 2018 te
1022 1954 1180 2038 expedias
1193 1975 1325 2039 prorsus
1340 1954 1493 2020 nesciam.
1520 1962 1555 2021 at

194 2057 324 2121 obstare
347 2055 497 2121 videntur
520 2055 584 2119 duo
607 2053 679 2119 loci.
716 2054 854 2137 primum
875 2057 895 2134 ξ
913 2056 954 2120 74
976 2062 1063 2122 recte
1086 2055 1279 2122 Camotiana
1301 2076 1374 2121 enm
1395 2057 1554 2125 Vossiano

192 2158 324 2224 exhibet
350 2159 496 2226 εδδιδδσυς
513 2204 520 2220 .
537 2156 579 2220 ἔτι
602 2158 650 2234 δὲ,
680 2156 749 2221 hiat
771 2155 798 2219 F
821 2158 883 2220 εδδί·
895 2207 902 2222 .
935 2156 987 2221 ἔτι.
1009 2178 1115 2241 neque
1144 2157 1351 2242 obscuratae,
1383 2167 1419 2224 ut
1445 2180 1554 2245 supra,

191 2262 250 2325 sed
273 2282 313 2326 ex
335 2261 483 2325 mutilato
506 2259 684 2343 exemplari
707 2260 922 2344 transcriptae
944 2266 1019 2325 eunt
1041 2258 1179 2326 litterae.
1215 2259 1315 2342 quid?
1337 2261 1405 2326 siP
1426 2283 1555 2347 quoque

189 2366 251 2427 εδδϊ
318 2363 361 2427 ἔτι
410 2361 591 2445 confirmat,
620 2362 831 2444 antiqnnmne
859 2361 930 2426 istis
963 2361 1108 2428 codicem
1136 2362 1206 2445 ipso
1235 2363 1554 2445 Ppracstantiorem

191 2474 319 2549 praesto
332 2465 432 2530 fuisse
445 2464 581 2529 censes?
602 2471 637 2529 at
649 2464 724 2530 ride
736 2484 832 2547 qnam
851 2463 947 2529 facile
963 2462 1059 2531 inerit
1078 2485 1118 2531 ex
1137 2464 1267 2547 ingenio
1281 2473 1392 2548 petere
1403 2467 1557 2535 adiectiri

191 2549 449 2651 suprplcmentnnr
479 2587 551 2631 eum
579 2567 771 2651 praesertim
798 2567 946 2631 δυσδίοδσν
969 2569 1045 2650 §73
1068 2566 1289 2652 praecederet.
1332 2588 1437 2651 neque
1467 2572 1554 2638 enirn

190 2673 250 2736 XV
272 2673 413 2753 saeculo,
441 2669 496 2735 ubi
519 2691 560 2735 er
582 2669 609 2733 F
632 2669 828 2752 descriptum
851 2688 923 2735 esse
945 2668 1093 2752 arbitror,
1121 2667 1175 2751 qui
1203 2668 1392 2736 coniciendo
1416 2681 1553 2743 eatenus

190 2777 337 2841 vaierent
352 2773 496 2840 defuere.
529 2792 590 2838 nec
612 2772 729 2837 desunt
751 2770 867 2837 attenti
889 2770 1011 2836 librarii
1027 2772 1094 2836 alia
1108 2772 1256 2855 vestigia.
1293 2780 1328 2838 ut
1349 2775 1424 2857 §77
1449 2781 1553 2863 μικρὰν

190 2877 346 2943 mendoso
370 2877 483 2960 μακρὰν
506 2881 593 2940 recte
615 2874 793 2940 Vossianus
815 2894 886 2939 cunr
910 2874 1059 2939 Camotio
1083 2874 1317 2942 substituerunt
1338 2897 1399 2943 nec
1421 2900 1554 2962 prorsus

188 2982 298 3063 inepte
320 2981 397 3062 §ott
419 2981 498 3062 παρὰ
520 2984 579 3041 τιῖιν
601 2979 739 3062 πρότερον
762 2983 977 3061 mutaverunt,
1001 2976 1054 3041 ubi
1072 2976 1098 3040 F
1114 2980 1178 3062 περὶ
1201 2984 1259 3041 τῶν
1282 2980 1419 3064 πρότερον
1442 2982 1553 3051 habet.

188 3083 286 3165 quid?
319 3101 478 3146 nasumne
508 3080 555 3144 illi
586 3078 686 3144 fuisse
716 3100 817 3162 negas
845 3079 899 3162 qui
927 3081 1005 3162 §30
1031 3086 1111 3144 extr.
1140 3079 1252 3145 vitium
1280 3081 1434 3149 odoratus
1460 3088 1552 3152 δεῖται

187 3188 372 3268 διορθώσεως
395 3184 477 3252 οὗτος
501 3186 516 3246 δ
539 3184 623 3265 λόγος
646 3181 851 3247 adnotavit.³
889 3181 1012 3246 scilieet
1038 3181 1123 3265 ἀέρος
1145 3181 1373 3267 interpolatum
1406 3188 1552 3272 offendit,

187 3288 274 3369 quod
290 3308 311 3350 a
326 3285 420 3350 nobis
435 3286 498 3349 ianr
515 3284 677 3349 sublatum
698 3291 756 3349 est.
794 3304 836 3350 ne
852 3282 1018 3349 Camotius
1040 3282 1169 3365 quidem
1189 3286 1354 3352 Turrisani
1375 3290 1552 3360 laudibus⁴

186 3409 318 3472 prorsus
333 3387 486 3470 indignus
501 3393 560 3452 cst.
594 3406 668 3450 nam
691 3387 769 3469 §49
791 3393 868 3452 ante
890 3388 1079 3451 ἀλλοιοῦσθαι
1102 3394 1189 3453 recte
1205 3390 1369 3472 supplevit
1384 3399 1439 3478 τῷ,
1462 3394 1550 3463 idem

187 3494 263 3574 §19
285 3492 338 3575 γὰρ
361 3493 406 3553 δεῖ
428 3510 485 3572 pro
507 3490 561 3572 γὰρ
584 3491 620 3572 δὴ
645 3488 670 3552 F
695 3486 884 3573 [Vossianus
907 3487 955 3574 δὴ]
978 3489 1128 3554 restitnit.
1163 3497 1212 3556 est
1236 3491 1290 3555 ubi
1313 3491 1397 3558 falsa
1421 3518 1551 3583 quoque

185 3593 395 3659 inculcaverit
422 3593 555 3674 ut§1tt
581 3594 696 3674 δρῶμεν
724 3611 783 3674 pro
810 3595 881 3676 δρᾷ,
909 3593 986 3674 §233
1013 3593 1068 3655 ἀνὰ
1097 3594 1252 3677 πρόσωπον
1276 3594 1375 3674 ὄντας,
1403 3597 1458 3664 ubi
1480 3602 1550 3668 PF

185 3695 278 3760 Voss.
301 3696 456 3761 mendose
479 3694 513 3757 ἂν
533 3694 688 3778 πρόσωπον
704 3692 773 3757 ὄντα
788 3715 846 3777 pro
862 3694 1001 3776 genuino
1018 3696 1236 3780 ἀντιπρόσωπον
1252 3697 1320 3762 ὄντα
1335 3701 1548 3773 tradiderant.

183 3797 263 3860 talia
277 3798 370 3862 attuli
386 3818 428 3863 ne
442 3798 590 3865 εδδιόδσιις
606 3795 686 3859 illud
701 3801 767 3860 turn
783 3796 852 3862 sine
868 3798 1012 3862 codicum
1037 3820 1099 3883 ope
1123 3800 1245 3865 restitui
1268 3801 1412 3884 potuisse
1434 3825 1545 3889 neges.

183 3905 219 3962 at
240 3900 324 3965 alter
344 3900 434 3964 locus
457 3897 629 3982 cogitando
653 3898 796 3981 suppleri
819 3919 884 3964 nou
908 3901 1021 3983 potuit.
1057 3904 1112 3985 §2
1134 3901 1235 3968 verba
1250 3905 1276 3965 oi
1293 3904 1393 3988 δὲτὴν
1408 3906 1546 3993 αἴσθησιν

256 4052 262 4083 ¹
283 4055 339 4105 ae:
356 4049 410 4103 ‘cm
424 4053 517 4104 Raude
536 4072 564 4103 ro
584 4056 733 4106 sterblichen
753 4056 817 4106 dare
835 4073 863 4107 cr
875 4058 936 4123 fusi
954 4058 1028 4109 nicht
1047 4075 1080 4109 aa
1098 4061 1169 4111 desen
1188 4078 1243 4110 rear
1261 4079 1311 4112 ιιοιι
1325 4063 1377 4113 den
1393 4079 1546 4130 perpenses

190 4138 292 4190 Wortcu
311 4158 361 4190 ιιιιι·
380 4141 424 4191 dic
443 4158 521 4209 σιισρσ
539 4160 573 4192 aa
591 4137 738 4194 σπλειιιιειιῖ
783 4160 873 4194 rcrcor
891 4154 920 4194 nt
938 4149 1026 4198 omnia
1044 4157 1112 4198 recte
1131 4151 1293 4213 edgnorcrit.

253 4221 342 4277 Ἥρωι
362 4228 392 4278 in
410 4230 453 4279 dic
474 4228 575 4280 [mete
586 4230 671 4296 faciit
692 4230 776 4281 leidar-
795 4249 837 4281 am
857 4230 953 4283 Raude
968 4218 1018 4284 ¹der
1037 4233 1093 4283 rod.
1111 4236 1250 4299 pasnatici
1269 4236 1429 4293 rer-locarit.⁸

252 4314 262 4346 ³
281 4319 307 4365 in
328 4320 442 4380 margine
462 4319 582 4369 Vossiani
603 4320 635 4368 ab
653 4322 736 4369 alteru
755 4330 826 4384 partc
845 4303 910 4370 (ἶΔί
927 4337 954 4371 τι
972 4318 1103 4389 διόρθωσιν

840 4392 946 4474 βὀὗτος
965 4405 978 4458 δ
998 4406 1070 4476 λόγος

181 4490 213 4538 air
232 4493 313 4541 aitcra
332 4495 417 4557 inopte
436 4494 531 4557 scripta
548 4503 607 4543 sunt
625 4492 704 4561 ἀέρος.
724 4493 754 4544 τὰ
773 4493 799 4544 at
818 4494 895 4563 μικρὰ
912 4497 958 4563 τῆς
977 4499 1081 4563 πυκνῆς.
1100 4502 1253 4564 transcripta
1265 4500 1353 4566 priora
1372 4519 1427 4553 csse
1447 4520 1479 4554 cx
1499 4521 1543 4555 re-

181 4580 285 4627 tuatiorc
310 4581 429 4644 exemplo
457 4581 516 4628 inde
539 4583 653 4631 conicias
678 4583 748 4643 quod
768 4586 930 4648 corruptiore
949 4592 1007 4633 suunt
1032 4585 1118 4644 rerba,
1142 4594 1194 4634 tum
1219 4590 1280 4649 qnia
1298 4590 1418 4655 adscripti
1443 4595 1543 4643 numeri

180 4680 281 4713 sensum
305 4669 355 4715 iam
380 4682 432 4715 non
457 4667 559 4716 habent.
595 4679 681 4718 cetera
710 4679 794 4719 autem
818 4672 927 4735 margini
950 4671 1081 4735 adscripta
1103 4687 1135 4722 cx
1160 4676 1259 4738 uulgari
1283 4679 1403 4742 exemplo
1427 4687 1543 4729 recenter

180 4762 238 4799 sunt
257 4753 353 4801 addita.

250 4837 260 4866 ⁴
279 4842 424 4888 Camurium
442 4843 467 4888 in
483 4841 642 4903 praefatione
662 4842 799 4894 Fedcricus
820 4848 975 4896 Turrisauus
995 4844 1098 4908 librum,
1118 4850 1162 4909 ait,
1182 4864 1317 4915 ιιιινιριισιιι
1333 4860 1413 4900 antea
1433 4850 1543 4917 imprec-

178 4939 234 4971 ιιιιιι
254 4926 299 4988 qui
318 4924 488 4974 decennium
506 4927 660 4978 inscribitur
679 4930 775 4995 optime
793 4931 961 4981 emendatam
980 4932 1134 4983 eddmrdam
1152 4937 1295 4986 curarim.
