3442 5588
347 313 545 366 HIPPOLYTI
563 313 927 367 PHILOSOPHUMENON
946 311 981 364 20
990 322 1034 364 ατ
1052 309 1095 364 21.
1114 310 1201 364 2212
1392 312 1452 376 571

141 482 279 555 νίζεσθαι.
432 479 516 551 ούτος
543 481 595 564 μὲν
624 479 674 546 οὖν
701 484 732 547 έν
759 483 803 568 τῷ
833 481 949 566 Λυκείῳ
974 481 1146 562 ποιούμενος
1176 480 1227 550 τάς
1258 482 1438 568 διατριβάςῖ

142 584 324 670 ἐφιλοσόφει,
355 585 371 648 ό
399 583 432 646 δὲ
458 582 580 669 Ζήνων
604 584 634 648 έν
656 586 695 667 πή
716 585 835 669 ποικίλη
858 585 940 669 στοᾷ.
983 583 1142 668 ἐκτήσαντο
1165 584 1198 646 δὲ
1220 584 1247 646 οί
1271 585 1324 666 μὲν
1346 586 1405 649 ἀπδ

141 692 191 750 τοῦ
213 684 379 771 Ζήνωνος
411 686 470 749 ἀπὸ
502 691 553 751 τοῦ
584 688 675 753 τόπου
707 688 741 750 τδ
775 685 883 771 ὄνομα,
916 685 993 751 τοῦτ’
1028 684 1105 750 ἔστιν
1136 687 1194 749 ἀπδ
1224 691 1278 769 τῆς
1306 692 1404 763 στοᾶς,

141 787 493 872 Στωικολκληθέντες·
529 789 556 852 οἱ
589 788 623 851 δέ
656 790 715 853 ἀπδ
747 795 799 854 τού
826 788 1098 874 Ἀριστοτέλους
1130 789 1189 851 ἀπὸ
1222 793 1274 851 τοῦ
1307 787 1403 874 ἔργου.

112 914 124 950 ι
142 894 242 976 ἐπειδὴ
265 892 320 976 γὰρ
335 894 557 976 περιπατοῦντες
572 890 602 955 έν
617 892 660 977 τῷ
676 893 792 977 Λυκείῳ
807 893 939 977 ἐζήτουν,
962 892 1009 955 διὰ
1024 895 1108 954 τοῦτο
1126 889 1407 975 Περιπατητικοί

141 994 321 1078 ἐκλήθησαν.
366 998 457 1056 ταῦτα
480 994 532 1074 μὲν
555 992 605 1057 σύν
628 996 676 1059 καὶ
700 993 992 1081 ύ.Ἀριστοτέλης.

227 1099 267 1162 21
306 1095 457 1159 Στωικοὶ
480 1096 528 1159 καί
549 1096 632 1160 αὐτοὶ
655 1099 707 1179 μὲν
728 1099 777 1162 ἐπὶ
799 1100 833 1162 τδ
855 1101 1144 1181 συλλογιστικιύτερον
1167 1099 1219 1181 τήν
1234 1098 1405 1183 φιλοσοφίαν

141 1199 269 1282 ηὔξησαν
293 1199 341 1262 καὶ
363 1199 469 1283 σχεδὸν
492 1199 569 1282 όροις
591 1201 760 1288 περιέλαβον
783 1200 918 1284 ὁμόδοξοι
940 1200 1120 1283 γενόμενοιό
1141 1223 1172 1262 τε
1193 1198 1405 1283 Χρύσιππος

143 1302 191 1365 καὶ
223 1299 364 1384 Ζήνων,
395 1300 423 1362 οἳ
451 1300 592 1365 ὑπέθεντο
620 1303 668 1365 καὶ
694 1303 776 1367 αὐτοὶ
803 1305 898 1389 ἀρχὴν
922 1304 974 1385 μὲν
997 1302 1064 1365 θεὸν
1091 1308 1149 1365 τῶν
1171 1303 1298 1375 πάντων,
1320 1306 1407 1382 σῶμα

105 1424 129 1461 ιο
149 1403 218 1467 όντα
240 1405 273 1465 τό
296 1403 520 1487 καθαρώτατον,
548 1404 597 1467 διὰ
624 1405 740 1468 πάντων
768 1406 801 1469 δὲ
829 1407 937 1491 διήκειν
963 1406 1015 1487 τήν
1046 1402 1181 1487 πρόνοιαν
1206 1404 1306 1468 αύτού.

184 1507 232 1569 καὶ
255 1505 337 1568 αὐτοὶ
361 1505 394 1568 δὲ
415 1506 448 1568 τδ
464 1504 532 1569 καθ’
553 1506 730 1591 εἱμαρμένην
745 1507 817 1572 εἶναι
831 1510 925 1573 πάντα
939 1507 1180 1592 διεβεβαιῶσαντο
1195 1506 1403 1590 παραδείγματι
1423 1513 1439 1566 2

143 1612 322 1696 χρησάμενοι
351 1609 491 1693 τοιούτῳ,
518 1610 561 1673 ότι
589 1611 689 1693 ὥσπερ
715 1611 866 1696 ὀχήματος
893 1607 988 1693 έὰνῇ
1017 1607 1208 1693 ἐξηρτημένος
1235 1609 1329 1680 κύων,
1356 1607 1406 1670 ἐὰν

140 1714 192 1796 μὲν
222 1712 359 1797 βούληται
388 1709 526 1790 ἕπεσθαι,
559 1713 607 1775 καὶ
636 1711 751 1776 ἕλκεται
773 1715 822 1777 καὶ
845 1715 961 1790 ἕπεται,
983 1717 1075 1776 ποιῶν
1098 1712 1145 1776 καὶ
1167 1711 1201 1774 τδ
1223 1710 1405 1779 αὐτεξούσιον

140 1816 213 1897 μετὰ
229 1819 281 1897 τῆς
296 1814 422 1896 ἀνάγκης
438 1813 512 1894 [οἷον
527 1819 579 1898 τῆς
594 1814 798 1900 είμαρμένης]·
823 1816 873 1879 έάν
889 1818 922 1880 δὲ
937 1816 978 1899 μὴ
991 1814 1128 1900 βούληται
1145 1814 1278 1891 ἔπεσθαι,
1293 1813 1407 1882 πάντως

101 1939 125 1975 ιο
143 1917 410 2000 ἀναγκασθήσεται·
440 1916 473 1978 τδ
501 1917 573 1981 αύτδ
599 1919 694 2003 δήπου
721 1918 769 1981 καὶ
796 1918 845 1983 ἐπὶ
874 1918 1135 2001 τῶνάνθρώπων·
1165 1916 1213 1980 καὶ
1237 1917 1277 2000 μὴ
1306 1916 1406 2001 βουλό-

143 2043 222 2102 μενοι
244 2019 297 2104 γάρ
320 2017 493 2082 ἀκολουθεῖν
516 2019 786 2104 ἀναγκασθήσονται
808 2022 923 2089 πάντως
945 2020 985 2090 εἰς
1000 2021 1034 2083 τδ
1048 2018 1238 2103 πεπρωμένον
1254 2018 1406 2084 εἰσελθεῖν.

182 2124 233 2206 τήν
267 2123 299 2185 δὲ
335 2123 433 2207 ψυχὴν
465 2121 595 2202 λέγουσιν
630 2121 774 2187 ἀθάνατον
804 2121 892 2200 εἶναι,
927 2126 1015 2204 σῶμα
1044 2122 1087 2200 δέ,
1118 2122 1165 2185 καὶ
1200 2122 1335 2204 γενέσθαι
1372 2122 1440 2185 ὲκ3

141 2231 193 2309 της
215 2225 393 2310 περιψύξεως
413 2228 465 2287 τού
488 2223 573 2307 ἀέρος
595 2228 646 2287 τοῦ
669 2226 864 2312 περιέχοντος,
886 2225 931 2289 διδ
955 2227 1002 2289 καὶ
1025 2224 1178 2290 καλεῖσθαι
1194 2228 1302 2310 ψυχήν.
1340 2227 1406 2307 ὁμο-

140 2333 256 2410 λογοῦσι
279 2330 311 2391 δὲ
333 2336 382 2391 καί
405 2327 664 2409 μετενσωμάτωσιν
687 2328 816 2410 γίνεσθαι
839 2328 1008 2413 ὡρισμένων
1030 2328 1127 2392 οὐσῶν
1149 2335 1207 2391 τῶν
1230 2331 1343 2412 ψυχῶν.

96 2451 122 2489 νο
192 2431 401 2517 προσδέχονται
424 2431 457 2493 δὲ
479 2430 643 2514 ἐκπύρωσιν
666 2428 786 2495 ἔσεσθαι
809 2431 858 2496 καὶ
880 2432 1021 2516 κάθαρσιν
1043 2435 1094 2494 τού
1118 2431 1230 2513 κόσμου
1252 2430 1354 2492 τούτου
1377 2429 1403 2490 οἱ
1423 2438 1440 2488 4

143 2536 195 2616 μὲν
217 2534 334 2611 παντός,
356 2537 383 2597 οἱ
406 2534 439 2596 δὲ
462 2533 577 2616 μέρους,
600 2532 647 2594 καὶ
670 2532 745 2597 κατὰ
767 2535 853 2618 μέρος
876 2535 909 2598 δὲ
931 2534 1017 2598 αύτδν
1041 2534 1237 2618 καθαίρεσθαι
1260 2533 1405 2615 λέγουσιν·

141 2638 190 2701 καὶ
218 2638 324 2722 σχεδὸν
352 2637 404 2721 τήν
432 2635 546 2720 φθορὰν
574 2635 623 2699 καὶ
645 2637 698 2720 τὴν
720 2638 820 2723 έτέρου
843 2638 872 2707 ἐξ
894 2639 985 2722 αὐτῆς
1007 2637 1115 2720 γένεσιν
1139 2636 1279 2720 κάθαρσιν
1303 2636 1407 2717 δνομά·

140 2746 246 2813 ζουσιν.
410 2741 533 2820 σώματα
559 2738 592 2802 δὲ
619 2741 712 2804 πάντα
741 2740 883 2805 ύπέθεντο
917 2741 966 2804 καὶ
996 2745 1084 2822 σῶμα
1115 2739 1163 2803 διδ
1193 2743 1328 2820 σώματος
1351 2737 1440 2818 μὲν5

141 2846 265 2928 χωρεῖν,
292 2841 368 2904 ἀλλὰ
383 2841 406 2922 †
421 2841 576 2905 ἀνάστασιν
603 2841 676 2907 εἶναι
704 2844 753 2908 καί
780 2843 993 2928 πεπληρῶσθαι
1020 2844 1114 2906 πάντα
1143 2844 1191 2905 καὶ
1221 2842 1312 2924 μηδὲν
1335 2839 1407 2902 εἶναι

96 2947 233 3010 νικενόν.
276 2946 368 3006 ταῦτα
390 2942 438 3005 καὶ
460 2944 487 3006 οἱ
510 2943 675 3009 Στωικοί.
726 2935 730 2943 ’

226 3049 267 3113 22
308 3041 516 3129 Ἐπίκουρος
542 3047 575 3109 δὲ
597 3048 702 3133 σχεδὸν
725 3047 854 3112 ἐναντίαν
881 3052 952 3113 πᾶσι
980 3048 1064 3118 δόξαν
1092 3046 1189 3112 ἔθετο.
1232 3047 1326 3131 ἀρχὰς
1353 3045 1405 3127 μὲν

142 3157 199 3214 τῶν
223 3152 299 3214 όλων
322 3147 449 3212 ύπέθεπο
472 3149 599 3231 ἀτόμους
621 3150 670 3213 καὶ
691 3150 785 3228 κενόν,
807 3152 889 3215 κενδν
916 3153 968 3234 μὲν
994 3152 1054 3215 οἷον
1073 3151 1162 3216 τόπον
1177 3153 1235 3211 τῶν
1251 3147 1408 3229 ἐσομένων,

144 3253 270 3336 ἀτόμους
293 3253 326 3315 δὲ
349 3252 401 3335 τήν
418 3251 499 3334 ύλην,
521 3250 552 3321 ἐξ
567 3253 603 3336 ἧς
616 3252 652 3317 τὰ
667 3254 770 3317 πάντα.
898 3253 932 3317 ἐκ
947 3254 980 3316 δὲ
994 3259 1053 3317 τῶν
1069 3254 1186 3335 ἀτόμων
1202 3249 1404 3315 συνελθουσῶν
1424 3256 1440 3308 2

93 3376 295 3386 .——-.-.—-—-·.
914 3376 943 3383 ..-

92 3428 145 3479 les.
157 3428 228 3478 Prol.
238 3443 262 3491 p.
269 3421 321 3477 246
329 3422 341 3490 Η
353 3422 421 3492 ὁγὰρ
432 3423 508 3475 καὶΤ
519 3421 533 3491 Η
545 3424 561 3475 7
571 3423 626 3492 περὶ
635 3428 753 3475 στωικῶν
802 3424 850 3493 τὴν
872 3423 978 3494 σελήνην
1002 3423 1113 3492 λέγουσιν
1137 3421 1262 3476 ἀθάνατον
1287 3420 1360 3484 εἶναι,
1384 3426 1459 3488 σῶμα

92 3513 246 3579 τυραννοπΒ
261 3509 274 3579 Η
288 3510 311 3563 ο1
324 3509 350 3562 δὲ
363 3511 458 3562 στοικοὶ
471 3508 519 3578 ΤΗ
531 3512 547 3564 9
560 3508 706 3563 ὑπέθεντο»
719 3510 748 3562 11
802 3510 828 3564 a}
847 3511 945 3580 λέγουσι
962 3508 1074 3579 γενέσθαι
1093 3512 1182 3564 Cedr.:
1206 3510 1253 3579 τὴν
1271 3509 1297 3562 δδ
1315 3508 1401 3578 ψυχὴν
1418 3506 1458 3560 λί-

89 3598 472 3669 διεβεβαιῶσαντοοάἰυποτοξθ
482 3596 707 3664 διενίενίιῦοάτΗ
719 3597 749 3650 10
801 3613 884 3667 γουσιν
896 3596 1006 3667 [λέγουσι
1019 3599 1064 3668 μίν
1077 3601 1110 3664 C]
1124 3595 1256 3662 ἀθάνατον,
1275 3596 1335 3649 εἶναι
1346 3593 1372 3648 δὲ
1385 3600 1459 3661 σῶμα

90 3687 116 3741 δέ
126 3687 198 3756 δίκην
211 3691 234 3738 Τ
250 3685 264 3754 Η
283 3688 312 3738 ll
326 3687 407 3738 πάντα
420 3689 455 3738 T:
467 3687 500 3737 τὰ
512 3687 592 3738 πάντα
605 3689 665 3749 (om.
677 3685 749 3749 εἶναι)
800 3686 844 3737 καί
856 3683 969 3754 γενέσθαι
984 3689 1038 3740 BC.
1056 3685 1154 3755 λέγουσι
1172 3686 1253 3754 μένειν
1272 3685 1334 3752 μετὰ
1353 3680 1459 3735 θάνατον

90 3778 180 3828 (ἕσσαι
204 3775 284 3842 πάντη
303 3776 324 3825 C
344 3776 421 3837 vulgo
441 3771 456 3841 Η
481 3773 511 3825 13
529 3769 631 3825 ἕπεσθαι
649 3774 693 3826 καί
711 3773 747 3843 μὴ
799 3769 1457 3844 ΒοερειΗ19καὶμὴίνσωμάτωσινΤΗάειοετοιπ-

32 3855 37 3862 ’
90 3861 189 3914 ἕλκεται
198 3862 242 3912 καὶ
254 3860 337 3912 έπιται
347 3860 415 3912 ἑκὼν
425 3862 468 3912 καὶ
481 3858 536 3912 κτλ.
550 3865 669 3926 Μοοοςε,
680 3862 747 3912 undo
799 3864 918 3929 μεγοθοιιὶ
931 3864 1080 3916 Stoicorum
1093 3866 1123 3914 cf.
1137 3864 1169 3914 ad
1183 3861 1312 3927 Epiphan.
1327 3878 1351 3925 p.
1362 3859 1458 3922 587,OE

91 3953 168 4014 vulgo
180 3948 247 4001 έκὼν
257 3961 317 3999 ante
330 3953 409 3999 ποιῶν
419 3950 559 4013 legebatur.
569 3945 747 4014 Βοεροτίκὼν
800 3958 825 4000 υτ
846 3951 903 4003 Gal.
918 3953 951 4002 Η.
964 3952 1007 4018 ph.
1026 3968 1048 4000 c.
1062 3948 1096 4002 23
1114 3968 1139 4016 p.
1153 3946 1204 4002 256
1226 3946 1238 4015 Η
1259 3947 1293 3999 20
1316 3944 1458 4015 ἐμπύροισιν

88 4039 175 4089 deleto
194 4041 274 4087 ποιῶν
292 4037 418 4087 suadebat
438 4034 451 4104 Η
471 4035 580 4104 οίοντῑγς
599 4034 748 4103 εἱμαρμένης
800 4034 859 4104 ΟΗ
881 4036 914 4089 22
933 4036 1070 4107 καθάρσιον
1088 4039 1155 4088 libri:
1175 4053 1242 4087 corr.
1260 4037 1364 4101 Roeper
1390 4032 1403 4100 Η
1423 4032 1457 4086 23

90 4127 195 4177 seclusit
217 4125 320 4189 Roeper
343 4119 357 4189 Η
388 4123 420 4174 14
443 4141 489 4189 pro
514 4124 553 4173 his
578 4124 746 4188 paraphrasin
800 4123 833 4176 δι’
854 4126 990 4194 ἀσωμάτου
1008 4128 1047 4178 La
1060 4127 1142 4176 Croce
1162 4121 1176 4193 Η
1200 4122 1238 4191 μή
1256 4126 1347 4190 χωρεῖν
1364 4123 1457 4186 vulgo=

90 4214 157 4263 hauc
175 4220 261 4263 servat
280 4213 315 4262 T:
335 4210 377 4262 ἐάν
394 4209 420 4262 δὲ
440 4211 475 4278 μή
496 4207 629 4280 βούληται,
647 4211 748 4266 πάντως
799 4229 864 4265 corr.
884 4214 1067 4278 Gottingenuen
1088 4211 1101 4280 Η
1121 4209 1156 4263 24
1173 4211 1305 4262 ἀνάστασιν
1322 4212 1397 4262 nihili
1411 4222 1457 4261 est.

92 4294 210 4350 ῑλκτσθαι
228 4296 303 4350 αὐτὸν
322 4298 426 4366 ἀνάγκη.
446 4294 528 4354 οὕτως
547 4297 591 4349 καὶ
609 4297 631 4348 οἱ
650 4293 747 4365 ἄνδρα»
799 4298 933 4352 ἀνάκλασιν
946 4301 1046 4363 Rima,
1065 4298 1203 4352 ἀντίστασιν
1217 4300 1326 4352 salvinii
1340 4301 1384 4349 vix
1402 4314 1455 4348 me·

89 4402 131 4437 ποι
143 4385 185 4437 έάν
202 4384 238 4453 μὴ
257 4384 355 4436 ίποιντο
372 4384 401 4447 [l.
416 4385 461 4451 μὲν
474 4383 595 4448 ἕπωνται]
612 4384 645 4453 τῇ
663 4384 746 4453 eim
799 4390 873 4439 liora.
887 4386 1011 4440 ἀντίτασιν
1020 4391 1128 4441 Usener.
1142 4390 1242 4438 εοπίοἰο
1253 4385 1458 4454 ἀντιπαρίκτασιν

89 4473 167 4540 μίνη,
195 4470 309 4524 δοκοῦσιν
337 4470 493 4532 αύτιξούσιον
522 4472 555 4535 [l.
580 4469 747 4535 αύτεξούσιοι]
800 4476 830 4526 τί.
840 4477 918 4528 Alex.
929 4479 1048 4542 Aphrod.
1062 4479 1086 4529 d.
1100 4479 1171 4528 mixt.
1185 4474 1292 4527 142·m.
1305 4477 1384 4524 Arius
1392 4475 1455 4525 Did.

89 4557 150 4610 εἶναι
173 4559 316 4626 σωζομένου
339 4560 381 4610 καὶ
405 4563 450 4610 τοῦ
473 4557 547 4627 λόγου
564 4563 610 4627 τῆς
629 4558 745 4628 εἱμαρμέ·
800 4565 823 4614 fr
840 4561 875 4615 28
896 4562 1033 4629 ρ.463,24
1051 4561 1264 4628 Diog.v11151.
1284 4558 1298 4628 Η
1319 4559 1354 4613 25
1372 4558 1456 4611 καινόν

89 4665 146 4716 νης,
170 4646 212 4699 ίάν
239 4646 266 4699 δλ
291 4646 327 4715 μή
352 4644 489 4714 βούλωνται
513 4644 623 4708 ἕπεσθαι,
647 4647 747 4703 πάντως
799 4646 849 4716 ΤΗ
864 4646 897 4700 27
910 4647 1016 4702 οῐοντδν
1030 4649 1106 4701 τόπον
1122 4651 1199 4702 Cedr.
1216 4646 1230 4714 Η
1246 4646 1272 4700 δδ
1285 4664 1335 4698 om.
1350 4647 1426 4698 Cedr.
1441 4644 1456 4713 Η

88 4730 321 4803 ἀναγκασθήσονται
350 4733 384 4791 τίς
413 4732 441 4784 τὸ
476 4734 639 4803 πεπρωμένον
672 4730 747 4785 τίσιλ-
800 4732 834 4788 28
853 4731 1022 4788 συνελθόντων
1041 4738 1113 4789 libri:
1136 4739 1250 4788 correxit
1267 4737 1370 4800 Roeper
1393 4750 1455 4786 συπ-

88 4818 142 4873 θεῖν
167 4824 198 4873 cf.
223 4823 362 4873 Cleanthes
381 4823 450 4887 apud
468 4825 553 4888 θρίου.
572 4824 647 4874 ench.
671 4818 705 4873 52
731 4818 746 4887 Η
799 4825 926 4875 firmatum
946 4841 962 4876 ε
980 4826 1100 4878 Οεάτευο

92 4910 123 4961 16
143 4906 260 4959 εἰσελθεῖν
278 4921 431 4975 suspectum.
457 4907 537 4961 ἐλθεῖν
557 4912 658 4962 Usener
679 4918 691 4975 ,γ
715 4909 745 4961 17
