3464 5586
185 322 248 387 166
333 325 401 376 xm
436 325 487 375 DE
506 321 762 376 THEOPHRASTI
779 322 820 374 IN
838 322 1179 375 manummerias
1197 322 1400 377 sxcsasuls

184 491 354 577 excerptis,
377 510 462 576 quae
475 491 510 558 in
524 498 700 577 conspectu
715 493 736 558 3
758 511 789 575 p.
807 491 868 556 137
881 511 949 575 sqq.
972 490 1168 576 comparavi.
1201 491 1277 559 hinc
1294 490 1391 559 simul
1404 500 1545 577 apparet

185 593 282 660 etiam
312 612 463 678 eaquae
490 594 525 660 in
553 593 703 661 breviora
729 593 902 660 summario
929 594 972 661 de
1000 594 1070 661 sole
1099 600 1133 660 et
1161 594 1239 661 luna
1268 594 1444 679 compilata
1468 602 1545 662 suut

184 694 321 782 (omissa
336 695 456 762 deinde
469 715 492 762 a
505 696 636 764 Laertio
658 695 757 782 infra)
778 695 822 761 ad
837 694 1096 780 Theophrastum
1115 695 1264 781 quamvis
1277 696 1345 762 alia
1357 698 1413 764 ria
1426 696 1543 766 redire.

184 796 323 863 fortasse
345 797 444 863 etiam
466 798 657 883 principium
673 797 840 864 Laertiani
861 797 977 881 capitis
998 797 1143 864 eiusdem
1158 799 1333 865 memoriae
1347 818 1413 865 uon
1427 819 1545 885 expers

184 904 244 964 est.
288 918 364 965 uam
391 900 479 983 quod
504 908 538 968 ct
563 900 615 967 hic
643 907 676 966 et
702 898 780 965 alibi
807 899 929 983 passim
956 905 1120 983 tamquam
1149 900 1324 983 genuinum
1351 900 1544 986 principium

183 1001 391 1085 Anaxagorsi
419 1002 493 1070 libri
519 1004 648 1070 citatur:
681 1005 775 1067 πάντα
804 1004 943 1088 χρήματα
965 1002 1001 1089 ἧν
1024 1005 1115 1086 epse,
1136 1003 1199 1068 εἶτα
1221 1007 1237 1069 δ
1259 1009 1325 1075 νούς
1350 1005 1447 1070 ἐλθὼν
1467 1005 1544 1071 αὐτὰ

185 1104 377 1188 διεκόσμησε,
409 1125 430 1171 a
460 1105 686 1192 Theophrasto
714 1103 816 1188 primo
844 1105 901 1171 tali
928 1104 1025 1170 modo
1052 1103 1086 1170 in
1112 1104 1243 1173 brevem
1270 1105 1441 1171 formulam
1471 1125 1544 1173 oon·

185 1213 324 1273 tractum
344 1208 473 1275 udatur
495 1206 546 1296 [cf.
568 1206 761 1274 Schauhach
784 1229 816 1293 p.
832 1209 882 1275 67.
907 1208 1004 1291 128.],
1031 1207 1082 1273 eui
1096 1206 1280 1274 Aristotelis
1301 1205 1411 1295 [Phys.
1428 1207 1540 1275 VIIII

184 1331 215 1395 p.
233 1311 315 1376 256¹³
330 1308 383 1398 24]
407 1312 557 1396 exemplo
580 1309 627 1375 uti
648 1308 748 1375 licuit.
780 1311 840 1376 sed
860 1311 923 1377 hoc
944 1330 1004 1394 pro
1026 1315 1114 1376 certo
1135 1308 1298 1377 affirmare
1318 1311 1404 1378 nolo.
1508 1397 1510 1402 ,

272 1412 396 1478 Eadem
430 1412 547 1480 divisio
581 1411 679 1478 etiam
716 1411 747 1476 in
782 1412 971 1479 Archelao
1003 1413 1153 1496 pellucet.
1206 1430 1245 1478 ae
1266 1413 1300 1478 Π
1321 1413 1362 1479 16
1390 1412 1543 1497 quoniam

186 1512 330 1600 physicis
352 1516 460 1582 ethica
482 1516 647 1582 adduntur
669 1514 712 1580 ad
734 1513 872 1597 priorem
893 1513 1015 1580 iontem
1037 1514 1228 1581 reducimur.
1266 1520 1439 1599 praeterea
1459 1533 1545 1599 quae

185 1615 238 1680 hie
260 1616 377 1700 pressit
398 1620 446 1683 καὶ
469 1620 506 1683 τά
528 1624 592 1705 ζῷα
614 1620 673 1682 ἀπδ
695 1622 747 1701 τῆς
769 1615 847 1685 ἰλύος
860 1617 1034 1701 γεννηθῆναι
1055 1616 1140 1682 iufra
1161 1616 1299 1682 dilatata
1321 1623 1403 1683 sunt.
1438 1617 1544 1684 altera

185 1718 367 1785 accuratior
380 1722 506 1806 sylloge
521 1720 659 1807 physica
674 1720 745 1785 sola
759 1716 992 1802 complectitur,
1008 1719 1066 1785 sed
1082 1719 1161 1785 ordo
1175 1739 1348 1804 perversus
1362 1725 1421 1785 est
1444 1717 1544 1784 maris

186 1820 277 1903 origo
299 1828 376 1887 ante
398 1823 586 1889 animalium
613 1819 856 1904 generationem
882 1820 1034 1903 ponenda
1060 1827 1131 1886 erat
1156 1826 1189 1886 et
1213 1820 1327 1887 ultima
1352 1822 1459 1885 καὶτὸ
1485 1825 1543 1887 πᾶν

186 1921 302 2008 ἄπειρον
325 1923 369 1989 ad
389 1923 516 1989 initium
538 1922 732 1990 revocanda.
767 1922 825 1987 sed
845 1922 1051 2005 quantumvis
1066 1922 1310 2006 compilatorum
1325 1924 1421 2008 culpa
1435 1922 1545 2007 genui

186 2044 247 2090 nus
270 2025 349 2092 ordo
371 2026 518 2092 turbatus
541 2025 592 2110 sit,
614 2025 657 2090 de
676 2022 901 2107 Theophrasto
924 2030 1057 2091 auctore
1078 2044 1121 2090 ne
1142 2030 1295 2109 puuctum
1316 2025 1445 2109 quidem
1467 2031 1545 2092 tem·

186 2126 274 2212 poris
302 2126 456 2211 ambiges.
487 2127 526 2193 of.
550 2126 698 2210 conspd
725 2146 757 2209 p.
776 2126 845 2192 139.
890 2125 1088 2212 Hippolytus
1118 2133 1206 2194 certe
1232 2127 1388 2212 pleraque
1414 2127 1545 2211 egregie

186 2227 354 2295 confirmat
382 2235 415 2295 et
440 2229 557 2314 prioris
579 2247 707 2312 quoque
728 2226 827 2292 sontis
849 2226 985 2312 physica
1007 2227 1112 2294 eidem
1134 2228 1286 2295 vindicat
1319 2230 1460 2297 maiores
1481 2236 1545 2296 tur

186 2329 248 2395 hae
270 2329 305 2393 in
326 2330 558 2396 Parmenide
581 2337 831 2417 cognoscuntur,
855 2332 913 2398 sed
934 2331 1035 2416 ipsius
1057 2329 1273 2416 Theophrasti
1295 2330 1479 2399 testimonio
1501 2350 1545 2400 ue

185 2429 383 2497 haesitemus
402 2432 600 2517 providetur.

272 2534 321 2599 IX
335 2534 375 2599 21
409 2540 523 2620 πρῶτος
545 2535 570 2600 δ’
597 2536 681 2606 οὖτος
702 2538 755 2621 τἠν
776 2542 830 2622 γῆν
850 2537 981 2622 ἀπέφηνε
1002 2535 1171 2621 σφαιροειδῆ
1194 2532 1246 2621 [οί.
1261 2534 1424 2620 Theophr.
1438 2536 1478 2604 ir.
1492 2533 1545 2624 17]

84 2683 89 2695 .
186 2638 235 2702 καὶ
257 2637 287 2702 ἐν
309 2638 392 2724 μίσιρ
414 2639 539 2703 κεῖσθαι.

227 2736 322 2804 δύοτ’
350 2738 422 2804 εἶναι
445 2744 575 2826 στοιχεῖα
596 2744 653 2825 πύρ
676 2741 724 2804 καὶ
745 2746 798 2826 γῆν
820 2742 869 2805 καὶ
891 2743 925 2805 τδ
948 2741 1001 2823 μὲν
1023 2742 1199 2825 δημιουργοῦ
1227 2739 1303 2810 τάξιν
1326 2739 1420 2828 ἔχειν,
1440 2744 1493 2828 τὴν
1516 2742 1538 2808 δ’

186 2846 256 2928 ύλης
272 2841 322 2932 [cf.
338 2843 505 2929 Hippolyt.
523 2845 562 2908 11
586 2843 777 2928 rThoophr.
799 2841 837 2908 fr.
854 2839 885 2928 6]
907 2842 1015 2926 γένεσίν
1037 2841 1062 2906 τ’
1089 2843 1254 2927 ἀνθρώπων
1276 2843 1306 2914 ἐξ
1329 2845 1406 2916 ἰλύος
1427 2850 1544 2930 πρῶτον

184 2947 318 3029 γενέσθαι

228 3047 306 3111 αἴτια
329 3044 432 3134 [codd.
449 3046 548 3136 αύτδν]
571 3049 599 3112 δ’
616 3049 756 3134 ὑπάρχειν
778 3051 811 3113 τὸ
833 3049 943 3135 θερμδν
965 3051 1013 3113 καὶ
1029 3051 1062 3114 τὸ
1078 3050 1200 3135 ψυχρόν,
1222 3049 1308 3121 dicio
1323 3052 1359 3116 τὰ
1373 3054 1467 3116 πάντα
1481 3073 1544 3118 ων·

185 3152 311 3215 εστάναι.
340 3153 388 3215 καὶ
403 3154 452 3216 τὸν
467 3157 533 3217 νοῦν
549 3155 598 3217 καὶ
611 3155 664 3239 τὴν
679 3154 777 3239 ψυχὴν
793 3153 896 3217 ταύτδν
915 3151 987 3216 εἶναι
1010 3149 1059 3237 [cf.
1076 3152 1117 3218 de
1132 3172 1218 3218 sens.
1240 3151 1319 3240 §4],
1341 3155 1421 3219 καθὰ
1436 3155 1544 3240 μέμνη-

184 3276 230 3315 ται
253 3253 301 3317 καὶ
324 3253 549 3340 Θούφραστος
570 3256 604 3320 ἐν
626 3260 700 3325 τοῖς
719 3256 890 3324 Φυσικοῖς
905 3255 1019 3318 πάντων
1035 3255 1140 3339 σχεδὸν
1155 3253 1338 3338 ἐκτιθέμενος
1352 3258 1389 3321 τά
1403 3258 1544 3341 δόγματα.

185 3353 294 3420 omnia
314 3354 396 3420 haec
419 3355 665 3441 Theophrastea
687 3377 759 3423 esse
781 3356 877 3441 pauci
900 3364 993 3422 erunt
1022 3355 1077 3440 qui
1103 3355 1288 3424 initientur.
1333 3358 1442 3442 priora
1467 3359 1545 3426 inde

183 3477 250 3525 nou
275 3477 334 3523 suo
365 3455 478 3523 ordine
505 3459 634 3542 prolata
662 3478 703 3524 ex
731 3457 952 3525 intercedente
974 3458 1120 3525 Vitarum
1148 3458 1342 3543 nescioquo
1365 3461 1543 3529 euchiridio

184 3557 358 3643 fluxerunt,
388 3566 497 3626 cetera
526 3560 569 3626 ab
591 3560 669 3626 ιιίτια
696 3559 838 3625 breviter
860 3579 901 3627 ex
922 3560 994 3645 ipso
1017 3559 1212 3646 Opinionem
1240 3561 1322 3628 libro
1348 3563 1544 3648 transcripta

184 3666 268 3725 sunt.
309 3680 385 3726 nam
407 3662 530 3747 duplex
551 3670 602 3730 est
624 3661 803 3731 exordium:
831 3683 929 3729 mum
951 3664 1002 3728 δύο
1024 3661 1049 3726 τ’
1077 3663 1149 3727 εἶναι
1171 3669 1303 3750 στοιχεῖα
1327 3671 1384 3751 πῦρ
1407 3668 1456 3731 καὶ
1477 3673 1543 3752 γῆν,

183 3761 321 3828 alterum
343 3762 422 3829 αίτια
445 3764 470 3830 δ’
498 3767 639 3853 ὑπάρχειν
661 3767 695 3829 τὸ
718 3766 827 3849 θερμὸν
849 3767 898 3829 καὶ
920 3767 953 3829 τὸ
976 3767 1099 3852 ψυχρόν,
1121 3765 1229 3833 νειοῖο
1247 3767 1410 3835 diversum
1425 3777 1544 3836 utrum-

183 3882 264 3948 que,
286 3884 323 3931 re
344 3865 441 3933 idem.
485 3868 555 3934 veri
577 3867 681 3934 simile
704 3872 753 3933 est
774 3865 987 3951 biographum
1010 3868 1108 3935 etiam
1131 3867 1239 3951 priora
1261 3869 1337 3950 §21
1360 3871 1544 3956 Ξενοφάνους

182 3966 216 4030 el
231 3968 368 4052 διήκουσε
383 3969 565 4055 Παρμενίδης
580 3971 712 4055 Πύρητος
723 3967 860 4054 Ἐλεάτης
876 3968 989 4054 (τοῦτον
1012 3971 1235 4056 Θεόφραστος
1257 3972 1291 4036 ἐν
1313 3979 1355 4055 τῇ
1374 3971 1541 4058 Ἐπιτομῇ

179 4067 411 4156 Ἀναξιμάνδρου
437 4075 525 4159 φησίν
553 4071 708 4158 ἀκούσαι),
740 4073 820 4155 epo<
848 4072 873 4136 δ’
901 4073 950 4137 οὖν
978 4073 1104 4142 ἀκούσας
1127 4075 1174 4137 καὶ
1197 4073 1377 4158 Ξενοφάνους
1399 4076 1452 4139 οὐκ
1475 4078 1543 4161 ηκο-

182 4173 326 4258 λούθησεν
347 4173 439 4260 αὐτῷ.
475 4176 650 4260 ἐκοινώνησε
676 4176 709 4239 δὲ
737 4176 785 4239 καὶ
805 4173 943 4260 Ἀμεινίᾳ
965 4177 1013 4239 καί
1035 4174 1179 4261 Διοχαίτη
1201 4181 1244 4262 τῷ
1268 4176 1478 4264 Πυθαγορικῷ,
1500 4183 1547 4251 διο

181 4270 239 4359 ἔφη
262 4274 417 4355 Σωτίων,
439 4279 519 4362 ἀνδρί
542 4278 643 4362 πένητι
665 4279 716 4360 μὲν
739 4279 821 4362 καλῷ
845 4278 878 4340 δὲ
899 4277 1023 4363 κάγαθῷ
1047 4274 1137 4362 ᾦκαὶ
1160 4281 1269 4360 μᾶλλον
1292 4281 1478 4366 ἠκολούθησε
1492 4282 1542 4346 καὶ

180 4376 378 4449 ἀποθανόντος
400 4381 499 4466 ἡρῷον
515 4382 660 4465 ἱδρύσατο.
681 4379 821 4463 γένοοςθ
843 4383 984 4466 ὑπάρχων
1005 4384 1139 4468 λαμπροῦ
1158 4387 1206 4449 καὶ
1221 4384 1359 4452 πλούσιος
1374 4383 1421 4447 ὑπ’
1443 4382 1541 4466 Ἀμει-

179 4481 241 4544 νίου
271 4481 332 4544 ἀλλ’
362 4481 420 4570 οὐχ
447 4483 504 4547 ὑπὸ
532 4484 713 4569 Ξενοφάνους
741 4485 781 4554 είς
811 4485 937 4569 ἡσυχίαν
963 4489 1130 4571 προετράπη
1159 4487 1326 4572 scripsisse
1354 4486 1407 4551 vel
1433 4486 1542 4568 potius

180 4603 221 4650 ex
249 4582 383 4651 Sotione
409 4587 464 4652 rel
491 4586 633 4654 Sotionis
658 4587 850 4672 compendio
879 4588 1072 4672 compilasse
1100 4590 1138 4656 cf.
1162 4612 1192 4674 p.
1211 4591 1282 4654 147.
1321 4606 1396 4653 cece
1423 4587 1541 4655 iterum

179 4685 325 4753 binariae
357 4688 533 4755 memoriae
559 4689 791 4757 testimonium:
824 4689 878 4757 hic
909 4690 1124 4776 Theophrasti
1147 4688 1342 4777 Opinionem
1369 4689 1542 4775 epitome

180 4786 333 4871 laudatur
354 4825 395 4836 -
419 4809 494 4855 nam
516 4789 600 4857 alius
628 4791 709 4858 liber
736 4793 791 4860 rix
819 4792 955 4879 cogitari
977 4798 1084 4877 potest
1104 4831 1146 4841 -
1168 4793 1234 4860 illic
1257 4794 1368 4865 ἐντοῖς
1390 4794 1542 4866 Φυσικοῖς.

265 4890 380 4957 Adhuc
403 4890 470 4956 bini
492 4891 600 4960 fontes
622 4893 761 4980 disiungi
785 4902 943 4980 poterant.
978 4895 1044 4960 iam
1065 4915 1143 4962 uero
1167 4895 1362 4963 enumerabo
1386 4915 1441 4962 eas
1463 4896 1542 4982 dog·
