3442 5588
178 301 241 367 566
421 305 618 357 HIPPOLYTI
636 304 1000 358 PHILOSOPHUMENON
1022 303 1053 356 14
1063 313 1122 353 ⁴-r
1143 303 1182 357 15.
1205 306 1245 359 16.
1266 304 1296 356 17

196 484 212 535 5
231 473 409 556 διηθεῖσθαι,
430 474 532 537 τούτου
554 475 639 559 χάριν
661 473 789 556 γίνεσθαι
812 475 958 559 ἁλμυράν·
1089 476 1106 539 ό
1128 475 1161 537 δὲ
1183 474 1392 559 Ξενοφάνης
1419 472 1496 554 μῖξιν

229 583 282 659 τῆς
303 582 357 659 γῆς
378 576 450 658 πρὸς
472 576 525 659 τὴν
546 576 698 642 θάλασσαν
719 577 849 660 γίνεσθαι
872 579 954 641 δοκεῖ
978 578 1026 640 καὶ
1055 578 1099 661 τῷ
1126 576 1226 662 χρόνῳ
1249 579 1306 641 ύπδ
1327 582 1379 642 τοῦ
1403 579 1495 659 ὑγροῦ

227 678 365 754 λύεσθαι,
395 681 516 763 φάσκων
545 681 679 750 τοιαύτας
709 679 788 765 ἔχειν
816 679 989 756 ἀποδείξεις,
1020 679 1064 743 ότι
1094 680 1125 742 ἐν
1151 678 1229 762 μέση
1258 681 1298 763 γῇ
1325 680 1373 743 καλ
1397 676 1496 762 ὄρεσιν

228 783 406 864 εὑρίσκονται
428 782 544 867 κόγχαι,
567 784 615 846 καλ
637 783 667 847 έν
690 783 890 867 Συρακούσαις
910 783 944 846 δὲ
965 782 996 845 ἐν
1011 785 1073 850 ταῖς
1088 781 1238 864 λατομίαις
1253 781 1329 864 λέγει
1344 781 1492 866 εὑρῆσθαι

227 884 316 946 τύπον
338 883 442 967 ἰχθύος
465 884 512 946 καὶ
534 891 654 968 φωκῶν,
676 887 706 949 ἐν
729 887 762 949 δὲ
784 885 875 971 Πάριρ
897 885 985 949 τύπον
1007 885 1104 969 ἀφύης
1119 885 1149 947 ἑν
1163 884 1208 969 τεῦ
1222 884 1307 970 βάθει
1323 889 1374 948 τοῦ
1394 882 1493 958 λίθου,
1512 903 1524 939 ι

196 999 212 1049 6
229 988 259 1050 ἐν
276 988 314 1055 δὲ
338 985 452 1069 Μελίτη
475 989 588 1056 πλάκας
603 991 777 1072 συμπάντων
793 990 971 1053 θαλασσίων.
1100 991 1192 1050 ταῦτα
1207 986 1240 1050 δέ
1254 1007 1327 1070 φησι
1346 986 1495 1069 γενέσθαι,

229 1093 278 1155 ότε
299 1091 392 1153 πάντα
415 1090 613 1174 ἐπηλώθησαν
635 1094 736 1168 πάλαι,
757 1093 806 1155 τδν
830 1091 863 1153 δὲ
877 1090 966 1153 τύπον
982 1089 1012 1153 ἐν
1027 1090 1070 1174 τῷ
1086 1093 1173 1173 πηλῷ
1191 1088 1378 1171 Εηρανθῆναι.
1415 1089 1496 1152 άναι·

229 1194 342 1277 ρεῖσθαι
365 1194 397 1255 δὲ
419 1195 486 1263 τοὺς
508 1194 682 1278 ἀνθρώπους
710 1197 834 1270 πάντας,
864 1193 933 1256 όταν
962 1195 981 1275 ἡ
1007 1196 1044 1274 γη
1068 1191 1279 1276 κατενεχθεῖσα
1300 1190 1341 1260 είς
1363 1191 1416 1273 τὴν
1440 1190 1494 1253 θά-

228 1300 338 1359 λασσαν
361 1297 454 1377 πηλδς
476 1295 603 1378 γένηται,
626 1295 689 1360 εἶτα
710 1299 796 1360 πάλιν
818 1295 964 1381 ἄρχεσθαι
986 1299 1038 1377 τῆς
1061 1296 1211 1377 γενέσεως,
1234 1294 1281 1356 καί
1297 1293 1405 1376 ταύτην
1419 1298 1493 1357 πᾶσι

231 1403 290 1466 τοῖς
313 1397 433 1479 κόσμοις
454 1398 584 1479 γίνεσθαι
607 1400 780 1484 μεταβολήν.
1514 1416 1537 1454 1⁰

315 1503 353 1564 15
391 1496 588 1584 Ἔκφαντός
613 1523 655 1570 τις
678 1499 873 1585 Συρακούσιος
894 1500 952 1586 ἔφη
976 1503 1017 1585 μὴ
1040 1499 1113 1564 εἶναι
1142 1499 1284 1582 ἀληθινὴν
1313 1504 1371 1561 τῶν
1400 1498 1493 1563 ὄντων

229 1604 327 1688 λαβεῖν
353 1607 472 1684 γνῶσιν,
502 1603 590 1685 ὁρίζει
616 1602 649 1665 δὲ
676 1606 717 1672 ὡς
743 1605 865 1686 νομίζει·
894 1602 932 1666 τὰ
958 1604 1010 1685 μὲν
1033 1607 1136 1687 πρῶτα
1157 1602 1316 1684 ἀδιαίρεται
1337 1601 1410 1665 εἶναι
1435 1605 1491 1666 σάν-

230 1729 306 1789 ματα
334 1705 382 1767 καὶ
409 1707 595 1788 παραλλαγὰς
616 1706 713 1770 αὐτῶν
735 1710 810 1791 τρεῖς
833 1706 989 1791 ὑπάρχειν,
1017 1704 1139 1787 μέγεθος
1166 1706 1270 1786 σχῆμα
1296 1704 1434 1787 δύναμιν,
1462 1705 1492 1774 ἐξ

195 1812 272 1872 θῶν
293 1809 330 1871 τὰ
350 1805 478 1888 αίσθητδ
498 1807 636 1889 γίνεσθαι.
789 1807 861 1871 εἶναι
882 1808 915 1872 δὲ
937 1809 970 1870 τὸ
992 1806 1107 1889 πλῆθος
1129 1806 1226 1869 αὐτῶν
1258 1807 1418 1889 ὡρισμένον
1441 1807 1491 1870 καὶ

227 1916 312 1975 τοῦτο
334 1911 462 1993 ἄπειρον.
507 1911 649 1974 κινεῖσθαι
677 1912 711 1974 δὲ
736 1911 771 1973 τὰ
798 1913 921 1992 σώματα
950 1911 1024 1994 μήτε
1051 1910 1107 1973 ὑπὸ
1135 1908 1240 1992 βάρους
1269 1910 1344 1992 μήτε
1366 1912 1492 1991 πληγῆς,
1512 1928 1536 1965 1⁸

228 2011 293 2078 ἀλλ’
322 2014 379 2075 ὑπὸ
403 2013 486 2082 θείας
508 2015 673 2096 δυνάμεως,
696 2015 733 2098 ἣν
755 2018 822 2077 νοῦν
846 2013 894 2077 καί
921 2013 1019 2097 ψυχὴν
1046 2010 1262 2095 προσαγορεύει.
1306 2011 1409 2074 τούτου
1439 2012 1492 2092 μὲν

227 2115 277 2179 οὖν
299 2116 348 2178 τδν
372 2116 480 2198 κόσμον
503 2115 575 2179 εἶναι
599 2116 691 2189 ἰδίαν,
722 2113 759 2179 δι’
788 2117 804 2180 δ
827 2116 876 2180 καί
898 2116 1068 2200 σφαιροειδῆ
1093 2113 1149 2176 ύπδ
1172 2112 1255 2182 θείας
1277 2113 1428 2194 δυνάμεως
1449 2135 1494 2194 γε·

225 2219 347 2301 γονέναι.
392 2219 445 2301 τὴν
472 2218 505 2280 δὲ
526 2223 580 2301 γῆν
611 2218 698 2300 μέσον
725 2218 837 2301 κόσμου
862 2218 1004 2282 κινεῖσθαι
1030 2217 1095 2301 περὶ
1126 2218 1159 2278 τδ
1188 2217 1279 2299 αὐτῆς
1306 2215 1423 2298 κέντρον
1451 2219 1494 2285 ύις

227 2323 299 2406 πρὸς
321 2322 475 2404 ἀνατολήν.

312 2427 352 2488 16
383 2420 508 2488 Ἵππων
532 2424 565 2486 δὲ
587 2425 603 2487 ύ
621 2419 749 2506 Ῥηγῖνος
772 2425 865 2509 ἀρχὰς
887 2422 945 2509 ἔφη
968 2424 1080 2508 ψυχρόν
1102 2423 1136 2485 τδ
1159 2422 1237 2505 ὕδωρ
1259 2423 1307 2485 καὶ
1330 2421 1440 2504 θερμὸν
1456 2422 1492 2484 τὸ
1511 2441 1535 2479 ιο

225 2531 292 2610 πῦρ.
335 2528 487 2608 γενόμενον
516 2527 549 2589 δὲ
570 2527 604 2589 τδ
632 2530 689 2608 πῦρ
714 2528 771 2590 ύπδ
799 2527 902 2597 ύδατος
928 2530 1118 2609 κατανικῆσαι
1144 2524 1196 2607 τὴν
1225 2529 1275 2588 τοῦ
1303 2526 1494 2608 γεννήσαντος

194 2637 209 2688 ‘2
231 2631 348 2710 δύναμιν
372 2630 515 2712 συστῆσαί
535 2651 567 2691 τε
588 2630 637 2691 τὸν
660 2630 779 2711 κόσμον.
929 2630 982 2712 τὴν
1010 2630 1043 2693 δὲ
1063 2628 1160 2713 ψυχὴν
1176 2627 1247 2690 ποτὲ
1263 2627 1315 2709 μὲν
1331 2625 1494 2709 ἐγκέφαλον

225 2732 312 2814 λέγει,
335 2732 405 2794 ποτὲ
428 2732 460 2793 δὲ
484 2732 576 2815 ὕδωρ·
600 2731 648 2794 καί
670 2731 724 2815 γὰρ
746 2732 779 2795 τδ
803 2731 918 2815 σπέρμα
939 2729 1022 2808 είναι,
1044 2728 1145 2815 (narni)
1167 2729 1200 2792 ιδ
1223 2729 1395 2813 φαινόμενον
1411 2732 1495 2813 ἡμῖν,

226 2832 256 2900 ἐξ
281 2834 379 2915 ὑγροῦ,
402 2833 432 2903 ἐξ
454 2834 488 2897 οῦ
511 2855 582 2918 φησι
605 2835 703 2919 ψυχὴν
725 2835 865 2917 γίνεσθαι.

303 2937 340 2999 17
385 2934 484 3000 Ταῦτα
507 2937 559 3018 μὲν
582 2935 633 3000 ούν
656 2938 763 3008 ἱκανῶς
784 2940 925 3020 δοκοῦμεν
944 2935 1194 3020 παρατεθεικέναι.
1232 2936 1277 2999 διδ
1293 2937 1374 2998 δοκεῖ
1388 2937 1492 2998 λοιπὸν
1510 2955 1534 2994 ει

227 3037 378 3120 αὐτάρκως
408 3039 624 3124 διαδραμόντων
654 3040 740 3123 ἡμῶν
771 3040 807 3104 τδ
838 3044 898 3109 τοῖς
919 3044 1053 3124 φυκικοῖς
1077 3038 1213 3111 δόξαντα,
1244 3040 1421 3121 ἀναδραμεῖν
1444 3037 1493 3102 ἐπὶ

225 3138 417 3223 Σωκράτην
440 3142 488 3204 καί
512 3141 700 3218 Πλάτωνα,
722 3143 749 3205 οἳ
772 3145 805 3207 τδ
828 3142 933 3228 ἠθικὸν
955 3144 1079 3224 μαλιστα
1101 3141 1307 3226 πρυετίμησαν.

173 3313 350 3321 ...—-—-..-.·.-
362 3312 374 3318 --
886 3315 1085 3324 --·-·--ae---.-.

175 3409 834 3484 θγενίσθαιδοξάζειΟιυίιε.γενίσθαιλίγειΒοερεεΙΙ
888 3415 947 3486 ὅπερ
966 3415 1027 3479 len,
1045 3415 1168 3483 νομίζεται
1188 3415 1233 3482 μὲν
1251 3415 1323 3467 εἶναι·
1348 3416 1392 3466 καί
1415 3413 1545 3475 δοξάζεται

175 3501 223 3552 ὕπὸ
241 3503 263 3552 Β
276 3512 302 3552 et
314 3503 438 3552 Karsten:
458 3499 506 3551 ἀπὸ
520 3499 541 3550 C
554 3503 585 3551 cf·
600 3503 701 3567 Roeper
717 3522 741 3569 p.
756 3504 807 3558 618
823 3503 835 3571 fi
888 3506 919 3557 ri
938 3501 1053 3573 αἰσθητά,
1072 3500 1119 3557 ούκ
1139 3503 1190 3555 ἔστι
1202 3503 1229 3555 ni
1242 3503 1307 3554 κατὰ
1318 3499 1438 3571 ἀληθειαν
1456 3507 1545 3561 ταῦτα,

174 3588 190 3640 3
210 3587 280 3655 μίσω
298 3584 376 3654 ΒΙΙί
395 3584 476 3656 κόγχα
495 3583 544 3654 ΒΗ
560 3585 836 3657 5ἀφύηςίὶιοιιυνίυεε
887 3591 951 3645 ἀλλά
969 3593 1000 3644 τά
1019 3591 1101 3658 ἀτομα
1120 3591 1194 3658 μόνον
1213 3591 1256 3641 κοιλ
1274 3588 1303 3642 τδ
1321 3589 1392 3640 κενόν
1411 3588 1425 3658 ΙΙ
1449 3591 1480 3642 14
1500 3592 1544 3642 καὶ

175 3675 269 3744 δάφνης
288 3674 346 3726 libri
360 3669 373 3741 11
389 3678 403 3728 6
415 3672 508 3742 μελίτῳ
523 3677 593 3726 libri:
608 3693 674 3728 corr.
691 3678 801 3729 Karsten
818 3676 831 3746 Η
885 3679 962 3732 ταύτδ
975 3679 1075 3748 ἀπειρον
1089 3680 1132 3745 [ci.
1142 3682 1275 3731 Diodorus
1289 3680 1390 3729 Cronus
1403 3681 1472 3744 apud
1484 3683 1543 3730 Αδι.

174 3764 324 3830 συμπάντων
342 3762 435 3812 τῶνΒ
462 3758 474 3826 Η
494 3759 665 3832 ίπηλιύθησαν
683 3765 743 3815 ΒΤ;
769 3765 833 3834 ἀπη·
885 3765 1060 3830 praelim]
1088 3770 1128 3817 vel
1157 3768 1201 3818 καὶ
1228 3765 1274 3817 ούκ
1303 3766 1402 3834 ἄπειρον
1431 3769 1542 3833 Roeper.

174 3846 287 3918 λάθησαν
316 3852 352 3901 O:
384 3844 541 3916 ἀπελύθησαν
564 3853 586 3900 L
611 3849 624 3917 Η
650 3851 666 3903 ’ί
688 3850 760 3921 πυλῷ
777 3854 800 3905 Β
820 3851 833 3920 β
885 3856 1083 3921 hoeprobeinm
1097 3854 1330 3906 re110r01⁴459².
1362 3857 1542 3906 verisimilius

176 3937 191 3988 θ
205 3932 325 4004 ἄρχεσθαι
338 3938 391 3984 seii.
404 3933 450 4003 τὴν
463 3937 509 4003 γῆν
522 3940 553 3988 ei.
572 3955 596 4003 p.
607 3937 711 4000 56530.
730 3942 778 3991 init
790 3945 833 4006 qui
886 3946 1092 4008 Gottingenrium
1112 3940 1257 4010 ὡρισμένων
1279 3941 1346 3992 κατὰ
1363 3945 1451 4004 τοῦτο,
1474 3940 1542 3993 ἄπει·

174 4028 303 4076 οοπίοοτεε
320 4021 401 4091 ἀρχὴν
419 4019 517 4074 ίσεσθαι
536 4021 551 4091 ΙΙ
570 4028 645 4075 τοῦτο
663 4029 756 4092 vulgo:
775 4045 832 4080 ουτ·
886 4047 927 4098 ρον
941 4029 954 4095 ΙΙ
973 4031 1004 4083 16
1017 4033 1063 4081 τοῦ
1082 4029 1126 4097 μὲν
1145 4027 1188 4080 οῦν
1206 4047 1228 4081 τ.
1242 4048 1267 4080 κ.
1287 4026 1375 4080 είδίναι
1394 4028 1451 4080 ίδεῖν
1470 4031 1540 4080 libri:

174 4114 238 4163 rexi.
262 4113 373 4162 Kersten
392 4106 460 4160 οὕτω
486 4107 500 4177 ΙΙ
528 4111 559 4163 10
577 4111 742 4180 καταβάλλειν
760 4116 830 4166 libri:
884 4135 950 4169 corr.
970 4119 1072 4185 Roeper
1092 4116 1105 4184 l!
1128 4118 1159 4169 17
1178 4115 1246 4174 θείας
1265 4119 1460 4182 Gottingeneee:
1486 4122 1542 4183 μιᾶς

173 4195 318 4266 καταβολὴν
337 4199 447 4264 Roeper.
472 4202 572 4250 correxi
601 4203 704 4250 conlato
724 4204 830 4253 Arinen.
883 4202 1540 4273 115τίΙΙΙδίνμίσιμΖο11ετ,οειὶο1.μ.5ύ3,θῖ1γ

175 4288 312 4337 Meteorol.
331 4288 343 4335 1
364 4285 396 4337 14
416 4304 439 4351 p.
451 4283 561 4338 352·17
580 4290 624 4351 qni
643 4289 832 4354 Xenophanem
887 4289 918 4342 18
936 4289 986 4343 ἀπὸ
1003 4289 1097 4349 δύσεως
1119 4291 1179 4360 πρὸς
1198 4289 1321 4358 ἀνατολὴν
1341 4295 1410 4342 ceni.
1423 4293 1508 4343 Zeiier
1526 4289 1539 4356 ΙΙ

173 4376 300 4439 respicere
332 4373 441 4424 videtur.
475 4371 637 4442 μεταβάλλειν
657 4370 732 4426 ‘vitio
758 4385 830 4442 typo·
884 4376 917 4431 20
936 4377 963 4430 δλ
982 4376 1091 4447 βηγεῑνος
1104 4381 1126 4430 Β
1141 4376 1155 4446 11
1170 4377 1201 4431 ‘21
1217 4378 1370 4447 γεννώμενον
1382 4381 1455 4430 libri:
1476 4397 1541 4431 corr.

173 4457 274 4527 grnphi'
284 4462 395 4511 Wolfius
405 4466 515 4526 itemque
526 4464 636 4513 Karsten
649 4459 661 4529 Η
676 4460 830 4514 liliisne
883 4467 985 4531 Roeper
998 4463 1011 4529 11
1025 4468 1191 4533 κατανικῆσαι
1203 4468 1238 4517 T:
1258 4470 1429 4534 κατανικῆσαν
1441 4468 1465 4519 C
1479 4464 1494 4535 ΙΙ
1508 4465 1539 4518 '2¹2

172 4550 336 4614 paraphrasin
355 4550 377 4598 L
400 4551 436 4598 ite
460 4553 539 4614 enpit:
563 4547 600 4601 ότι
624 4549 667 4600 καί
688 4544 830 4618 Ἔκφαντος
882 4550 968 4603 δ1τδν
986 4555 1009 4604 Β
1029 4551 1043 4621 ΙΙ
1063 4553 1097 4605 θθ
1116 4551 1180 4621 λέγει
1198 4557 1294 4604 Zelier:
1314 4551 1381 4623 ἔχειν
1399 4557 1472 4606 libri:
1492 4553 1539 4625 ἔφη

174 4635 209 4703 μὴ
228 4633 287 4686 είναι
305 4639 396 4703 γνῶσιν
414 4631 498 4704 ἀληθῆ
518 4641 570 4687 τῶν
588 4635 667 4688 όντων
679 4633 764 4704 λαβεῖν
777 4635 828 4689 ίδό-
881 4637 941 4691 εἶναι
962 4642 1065 4706 Roeper
1094 4640 1108 4708 ΙΙ
1137 4641 1180 4692 καὶ
1202 4640 1270 4709 παρὰ
1292 4658 1357 4692 corr.
1386 4643 1539 4694 Bekhniren

174 4720 253 4785 ζασει,
270 4719 445 4788 ἀλλ’ίίκαστος
463 4721 536 4791 ὁρίζει
555 4722 590 4780 εθς
606 4722 698 4789 νομίζει
716 4723 748 4775 τδ
766 4725 828 4794 πρά·
882 4742 930 4778 νεπ
959 4729 1009 4779 den
1037 4730 1118 4780 Brinlr
1149 4727 1162 4793 1¹
1193 4728 1259 4779 κατὰ
1286 4730 1374 4780 addidi
1405 4725 1418 4796 l·
1444 4729 1479 4781 24
1506 4731 1539 4798 γί-

173 4825 264 4876 γματα.
291 4813 398 4862 iortesre
422 4808 509 4878 ὁρίζειν
526 4809 565 4874 δί,
589 4810 624 4867 ὡς
647 4811 771 4878 νομίζεται
796 4816 827 4864 σε’.
879 4809 963 4865 νεσθαι
981 4831 1014 4865 ex
1032 4813 1145 4882 γενίσθαι
1164 4832 1306 4868 correctum
1329 4818 1350 4867 B
1372 4812 1386 4882 ΙΙ
1407 4816 1442 4869 ’25
1461 4835 1539 4888 παρα·

173 4896 245 4949 Sext.
274 4899 333 4948 adv.
357 4900 435 4949 math.
461 4900 512 4949 vn
540 4897 589 4952 135
617 4901 649 4948 de
677 4900 826 4952 Demoerito
879 4898 1052 4969 τεθηκέναιΒ
