3442 5588
635 367 909 418 rsonncomnna
1413 374 1453 435 γρ

92 533 231 597 llillerns
244 533 326 598 Mus
340 533 441 599 Rhen.
453 534 563 599 XXVI
579 534 642 599 582
654 555 722 617 sqq.
739 535 815 600 furti
831 536 946 618 arguit.
977 535 1124 602 similiter
1139 538 1258 603 Sextus
1272 541 1454 623 Empiricus

90 642 237 702 versatus
260 645 320 720 est,
341 636 383 701 de
405 656 469 718 quo
491 635 575 702 inira
598 636 714 721 dicam,
736 637 883 704 similiter
904 639 1054 704 Laertius
1076 640 1241 722 Diogenes
1259 643 1454 725 omninoque

90 739 235 822 plerique
258 739 345 804 illius
368 739 487 805 aetatis
509 739 701 822 scriptorum
724 739 952 806 ferocissimae.
991 740 1114 805 scilicet
1136 749 1203 807 tum
1226 763 1266 808 ea
1283 763 1347 828 ars,
1370 763 1454 825 quae

89 848 200 907 vetera
211 841 350 906 sanando
366 862 453 906 nova
468 842 589 924 scripta
604 841 760 923 gignebat
772 862 839 907 non
854 843 988 908 inventa
1003 843 1142 929 quidem,
1158 845 1216 910 sed
1232 853 1453 911 consummata

88 965 161 1010 esse
183 945 322 1010 videtur.
357 964 462 1027 neque
483 943 604 1009 frustra
626 943 778 1010 Clemens
796 943 1037 1011 Alexandrinus
1059 946 1130 1029 ipse
1152 945 1204 1011 sur
1227 948 1454 1014 callidissimus

90 1047 248 1112 furtorum
264 1048 448 1130 catalogum
463 1046 627 1128 congessit
641 1046 710 1111 sive
725 1047 833 1130 potius
855 1055 889 1112 et
911 1047 1016 1130 ipsum
1038 1049 1210 1133 descripsit
1232 1049 1349 1116 Strom.
1361 1052 1405 1117 VI
1422 1055 1453 1118 2.

86 1152 208 1217 saeculi
231 1151 328 1233 igitur
348 1168 471 1215 morem
493 1155 623 1215 secutus
648 1155 698 1214 est
718 1149 877 1233 Achilles,
907 1150 961 1232 qui
989 1158 1090 1216 totum
1120 1153 1384 1218 commentarium
1413 1175 1453 1221 ex

86 1254 204 1320 alienis
225 1253 401 1320 contexuit.
434 1250 680 1317 fundamentum
703 1259 774 1316 erat
789 1251 931 1317 Stoicum
953 1253 1087 1335 aliquod
1106 1254 1332 1338 compendium
1353 1264 1454 1323 astro-

86 1357 227 1422 nomiae.
264 1356 338 1421 huic
359 1355 472 1420 variae
494 1354 643 1420 lectionis
667 1352 762 1419 flores
784 1354 954 1437 diligentia
976 1357 1099 1422 maiore
1120 1377 1217 1439 quam
1231 1357 1379 1424 doctrina
1401 1362 1454 1426 vel

85 1466 155 1523 arte
188 1459 303 1534 inserti¹
333 1468 417 1523 sunt.
469 1457 612 1523 Stoicam
645 1476 718 1521 esse
745 1456 948 1540 disciplinam
977 1477 1112 1541 eamque
1138 1479 1158 1524 a
1186 1460 1361 1527 Posidonio
1387 1484 1453 1529 non

86 1561 191 1644 primo
219 1561 277 1626 sed
305 1562 496 1644 gravissimo
525 1559 613 1644 apud
636 1579 712 1624 suos
742 1558 1041 1625 mathematicorum
1071 1568 1202 1627 auctore
1231 1562 1453 1650 derivandam,

86 1664 146 1728 hoc
168 1663 216 1728 ita
239 1669 386 1746 apertum
408 1671 468 1746 est,
490 1670 526 1727 ut
547 1662 748 1744 argumentis
771 1681 912 1745 parcam.
954 1663 1059 1726 minus
1081 1671 1192 1727 notum
1215 1672 1265 1729 est
1286 1667 1451 1734 Posidonii

84 1766 267 1830 doctrinam
290 1765 391 1849 ipsius
413 1767 504 1832 libris
525 1786 592 1830 non
614 1765 717 1846 magis
740 1784 836 1847 quam
850 1764 1081 1848 discipulorum
1101 1766 1272 1834 sedulitate
1288 1771 1322 1834 in
1337 1771 1453 1853 vulgus

84 1870 207 1933 elatam
230 1874 328 1949 atque
351 1870 541 1952 popularem
565 1887 638 1934 esse
660 1865 790 1931 iactam.
827 1867 873 1931 ita
896 1866 1055 1932 Senecam
1084 1888 1125 1933 ex
1147 1869 1376 1954 Asclepiodoto
1399 1873 1454 1936 Ni-

84 1970 216 2037 eaeensi
240 1969 373 2055 (dequo
389 1992 474 2036 nunc
490 1967 702 2055 Comparettii
719 1968 816 2033 index
833 1969 1085 2036 Herculanensis
1101 1991 1131 2053 p.
1144 1972 1186 2035 98
1202 1975 1453 2059 comparandus)

84 2074 263 2138 Naturales
289 2073 497 2155 quaestiones
525 2070 753 2139 Posidonianis
785 2071 898 2137 rivulis
926 2073 1080 2155 irrigasse
1106 2073 1281 2140 verisimile
1312 2085 1375 2161 est,
1406 2077 1453 2142 ita

84 2175 243 2242 Geminus
266 2177 507 2242 sollertissimus
531 2177 600 2240 eius
622 2172 752 2239 auditor
766 2178 1019 2260 meteorologioa
1033 2175 1067 2238 in
1084 2174 1246 2257 epitomen
1264 2187 1417 2260 coegerat
1433 2180 1452 2262 ¹,

84 2279 131 2343 ila
158 2277 304 2343 Phanias
332 2278 462 2343 scholas
493 2276 732 2344 Posidonianas
767 2277 914 2357 vulgavit
946 2276 1052 2364 [Diog.
1075 2275 1222 2363 v1141].
1271 2297 1332 2344 nec
1359 2299 1454 2345 secus
1548 2276 1561 2283 ”

85 2380 244 2447 Aelianus
257 2401 325 2446 non
336 2380 500 2445 Posidonii
518 2401 613 2462 quem
629 2401 656 2445 c.
671 2384 687 2444 1
705 2387 721 2438 ‘2
739 2378 895 2462 nominat,
911 2379 970 2444 sed
980 2377 1201 2461 asclepiodoti
1213 2379 1355 2463 uacuo,
1370 2400 1454 2462 quae

83 2493 244 2565 tenemus,
267 2482 390 2566 expilat
412 2479 520 2568 [paulo
541 2482 637 2547 aliter
660 2480 808 2565 Koechly
832 2481 941 2563 script.
964 2480 1054 2545 milit.
1078 2479 1110 2543 Il
1135 2483 1163 2545 1.
1188 2479 1248 2567 76].
1283 2482 1380 2565 plane
1402 2503 1455 2548 eo·

83 2586 157 2651 dem
181 2583 279 2650 modo
302 2604 369 2648 non
385 2584 562 2650 Posidonio
585 2584 656 2667 ipso
680 2583 737 2649 sed
760 2581 910 2666 discipuli
934 2581 1126 2666 compendio
1141 2603 1219 2648 usus
1235 2589 1285 2650 est
1299 2584 1453 2651 Achilles.

83 2687 156 2753 dico
184 2686 402 2751 Diodorum
430 2685 685 2752 Alexandrinum
715 2684 992 2767 mathematicum,
1023 2683 1114 2749 cuius
1140 2686 1329 2751 memoriam
1357 2686 1454 2752 inter-

85 2798 247 2855 mortuam
270 2809 292 2853 a
313 2787 536 2854 diuturnitatis
559 2789 722 2855 oblivione
744 2786 913 2852 vindicare
934 2785 1023 2850 haud
1045 2785 1087 2850 ah
1110 2807 1146 2853 re
1168 2787 1287 2853 duco.¹

168 2894 220 2958 De
242 2897 352 2957 aetate
375 2889 446 2955 eius
461 2891 537 2957 inde
552 2889 807 2956 luculentissime
822 2893 950 2954 constat
970 2888 1056 2969 quod
1070 2887 1131 2955 fuit
1147 2889 1356 2956 Posidonium
1370 2889 1454 2956 inter

83 3003 115 3061 et
131 2994 272 3077 Augusti
294 2992 467 3076 aequalem
483 2993 647 3058 Eudorum
663 2992 704 3057 de
727 3012 791 3074 quo
813 2997 928 3075 postea
950 2989 1121 3056 dicendum
1137 2994 1206 3059 erit.
1240 3013 1262 3058 a
1277 2991 1452 3058 Posidonio

82 3097 201 3162 stellae
222 3095 444 3161 definitionem
475 3095 612 3179 sumpsit
643 3093 797 3176 eandem,
828 3112 924 3175 quam
951 3092 1113 3158 Stobaeus
1141 3116 1181 3161 ex
1211 3094 1289 3160 Ario
1312 3093 1453 3179 Didymo

81 3198 248 3283 excerpsit

82 3300 362 3384 Achillesp.132s
376 3301 441 3385 περὶ
452 3300 571 3384 ἀστέρος
580 3296 689 3385 γέρων]
742 3295 838 3361 Arius
860 3294 990 3379 Didym.
1014 3295 1053 3360 fr.
1070 3298 1111 3361 32
1136 3302 1268 3362 nostrae
1293 3297 1453 3381 syllogae:

125 3405 220 3488 ἀστήρ
238 3404 299 3467 ἐστι
312 3405 386 3466 κατὰ
401 3403 579 3485 Διόδωρον
602 3408 691 3483 σῶμα
786 3397 890 3480 ἄστρον
918 3398 950 3460 δὲ
972 3397 1046 3461 εἶναί
1067 3420 1154 3483 φησιν
1181 3403 1197 3462 ό
1221 3400 1454 3469 Ποσειδώνιος

82 3507 163 3569 δαῖον
181 3505 316 3590 οόροίνιον
333 3510 386 3589 τῆς
402 3505 492 3588 αὐτῆς
509 3507 691 3588 μετειληφὼς
744 3505 831 3580 σῶμα
847 3498 927 3561 θεῖον
942 3499 971 3568 ἐξ
987 3500 1105 3584 αἰθέρος
1120 3502 1304 3584 συνεστηκός,
1322 3503 1454 3585 λαμπρὸν

81 3608 177 3693 [git]
183 3608 285 3678 οὐσίας
291 3615 333 3694 τῷ
347 3609 376 3672 ἐν
389 3606 415 3693 ᾧ
427 3609 487 3671 ἐστι
498 3608 591 3692 τόπῳ,
603 3612 692 3688 σῶμα
744 3603 791 3665 καὶ
815 3602 946 3684 πυρῶδες
961 3602 1102 3665 οὐδέποτε
1117 3605 1216 3666 στάσιν
1232 3601 1302 3687 ἔχον
1317 3600 1377 3665 ἀλλ’
1398 3602 1453 3666 αἰεὶ

80 3712 215 3794 λαμπρὸν
225 3711 273 3774 καὶ
286 3711 425 3774 οὐδέποτε
437 3713 535 3775 στοίσιν
547 3707 617 3794 ἔχον
625 3707 685 3772 ἀλλ’
744 3704 902 3789 φερόμενον
928 3704 1094 3786 ἐγκυκλίως.
1130 3705 1209 3774 ἰδίως
1236 3706 1269 3767 δὲ
1294 3706 1343 3767 τὸν
1372 3706 1454 3789 ἥλιον

155 3902 163 3933 ¹
184 3903 301 3968 Simplic.
320 3902 355 3953 ad
372 3902 445 3966 phys.
464 3899 546 3952 aser
566 3899 636 3948 med:
660 3895 673 3947 ό
696 3894 722 3946 δὲ
745 3888 900 3958 Ἀλέξανδρος
923 3889 1063 3959 φιλοπόνως
1085 3889 1150 3951 λέξιν
1172 3892 1226 3944 τινὰ
1249 3895 1295 3944 τοῦ
1318 3889 1337 3944 Γ
1345 3874 1454 3961 εμίνόυ

84 3986 251 4058 παρατίθησιν
274 3988 308 4040 ἑκ
331 3991 389 4056 τῗης
413 3987 564 4054 ἐπιτομῆς
588 3988 642 4036 τοῦ
666 3978 876 4035 Ποσειδωνίου
901 3976 1181 4047 μετεωρολογικῶν
1205 3975 1387 4049 ἐξηγήσεως
1410 3981 1454 4037 τὰς

85 4077 198 4145 ἀφορμὰς
218 4074 288 4143 παρὰ
307 4071 487 4144 Ἀριστοτέλους
505 4070 639 4140 λαβοῦσαν.
667 4071 793 4123 Priscian.
807 4068 871 4131 Lyd.
885 4077 943 4132 post
961 4068 1052 4117 Didoti
1071 4069 1167 4118 Plotio.
1188 4084 1212 4131 ρ.
1228 4065 1280 4119 553
1299 4084 1453 4118 commcn-

86 4175 142 4215 tum
161 4166 301 4216 Gemini
320 4163 491 4216 Posidonii
510 4163 547 4211 de
567 4156 743 4227 μετεώρων.

148 4249 160 4282 ¹
180 4252 278 4302 Achill.
298 4269 322 4317 p.
339 4249 413 4302 laec
439 4245 565 4317 Διόδωρον
583 4245 625 4298 τὸν
642 4241 800 4312 Ἀλεξανδρέα
818 4240 1007 4309 μαθηματικόν.
1027 4257 1059 4291 ex
1083 4241 1186 4290 Achille
1213 4243 1326 4292 innotuit
1349 4244 1455 4293 scholiis

85 4344 108 4390 in
126 4341 208 4391 sun.
229 4339 288 4388 cod.
306 4339 457 4388 Baroccian.
477 4335 512 4389 85
531 4338 548 4386 f.
564 4333 612 4386 122
632 4333 729 4397 [Cram.
750 4336 782 4381 Α.
802 4330 833 4381 0.
854 4329 895 4378 111
915 4325 979 4392 413]
1003 4326 1025 4377 ol
1049 4328 1104 4396 περὶ
1129 4322 1237 4385 Εὔδοξον
1260 4328 1304 4379 οιαὶ
1318 4324 1456 4397 Ἵππαρχον

86 4428 126 4477 acl
148 4423 277 4493 Διόδωρον
304 4423 347 4476 τὸν
377 4420 534 4491 Ἀλεξανδρέα
561 4419 733 4490 μαθηματικοὶ
759 4415 908 4470 ἑπλεόσοιντο
937 4413 988 4464 οἷον
1014 4411 1247 4483 ἐπραγματείισαντο
1267 4414 1319 4480 [1].
1356 4419 1457 4480 integro

87 4517 186 4566 Achille
205 4530 281 4564 usum
299 4527 356 4563 esse
376 4511 542 4561 scholiastam
566 4519 592 4559 ct
617 4508 722 4558 aliunde
741 4507 826 4556 discas
852 4513 878 4553 ct
899 4504 970 4553 illinc
989 4505 1058 4566 quod
1077 4504 1196 4554 scholion
1217 4503 1281 4553 hoc:
1307 4500 1364 4554 όδὲ
1383 4500 1457 4560 αίιτὸς

87 4601 209 4671 ἑωσφόρος
228 4599 273 4651 καὶ
291 4597 403 4666 ἕσπερος.
423 4594 532 4663 καίτοιγε
550 4594 579 4646 τό
597 4591 702 4646 παλαιὸν
721 4589 795 4649 ἄλλος
814 4589 894 4642 ἐδόκει
913 4588 973 4640 εἶναι
991 4587 1005 4640 δ
1024 4590 1152 4659 ἑωσφόρος
1170 4591 1214 4641 καὶ
1233 4587 1308 4646 ἄλλος
1321 4587 1335 4640 ό
1349 4588 1457 4657 ἕσπερος.

87 4696 180 4757 πρῶτος
199 4686 220 4738 δ’
239 4682 339 4754 Ἴβυκος
358 4681 499 4754 όῬηγῖνος
518 4682 638 4751 συνήγαγε
657 4681 700 4737 τὰς
719 4677 884 4747 προσηγορίας
902 4694 933 4728 ex
954 4679 1049 4728 Achill.
1069 4696 1089 4729 e.
1106 4679 1137 4730 17
1156 4688 1304 4742 excerptum
1323 4688 1369 4737 est,
1388 4679 1458 4741 quod

86 4779 224 4827 mutilatum
241 4769 473 4838 legitur,p.1360
493 4769 606 4836 πέμπτος
624 4767 637 4820 δ
656 4771 702 4836 τἠς
719 4764 862 4835 Ἀφροδίτης
880 4766 948 4834 παρὰ
967 4765 1011 4832 μὲν
1025 4760 1145 4832 Ἕλλησιν
1165 4762 1293 4832 ἑωσφόρος
1312 4802 1318 4816 .
1338 4802 1345 4815 .
1365 4802 1371 4815 .
1390 4769 1458 4832 πρῶ·

87 4880 123 4920 τος
138 4862 164 4915 ts
185 4858 287 4930 Ὶβυκος
312 4858 348 4916 είς
375 4856 417 4909 ἕνα
442 4855 577 4909 ουνίστειλε
600 4857 644 4913 τοὶς
664 4853 838 4923 προσηγορίας.
867 4854 983 4904 Ιιιοιιιιιιιιι
1003 4856 1122 4918 suppleas
1141 4854 1184 4903 acl
1204 4850 1312 4920 ίσπερος.
1349 4854 1458 4902 Achillis

85 4953 149 5001 locus
167 4950 279 5013 Bergkii
299 4941 632 5008 memorandorum
659 4940 742 4996 ΡΙιΘ8
757 4940 832 4993 1007.

1199 5023 1250 5089 2*
