3464 5586
216 317 279 378 448
546 318 622 368 Ami
641 319 776 368 DIDYMI
796 317 980 368 EPITOMES
999 317 1051 368 iiii.
1070 315 1172 366 PHYS·
1186 312 1241 365 23

277 733 363 783 Stob.
382 735 439 784 Ecl.
453 736 465 783 Ι
479 732 509 785 ll
526 743 538 781 4
556 750 581 799 p.
594 730 691 797 320sq.
704 735 737 783 Η.

297 831 572 918 Ἀριστοτέλους.
617 831 734 917 Ἐπειδὴ
765 832 792 896 δ’
826 833 922 917 ἡμὲν
948 831 1034 917 φόσις
1065 829 1130 894 κατ’
1163 831 1290 896 ἐπίνοιαν
1326 834 1405 918 ἀρχή
1437 832 1480 902 τίς
1515 832 1578 896 ἐστι

215 935 357 1018 κινήσεως
392 936 440 999 καὶ
470 936 615 1014 στάσεως,
652 934 719 998 οὔτε
747 936 784 1019 δὴ
812 935 978 1017 κινούμενον
1007 934 1027 1017 ἡ
1058 934 1112 1016 θλη
1140 935 1214 997 κατὰ
1236 935 1285 998 τδν
1309 933 1380 998 ἴδιον
1402 934 1487 1017 λόγον
1509 933 1579 998 οὔτε

215 1038 248 1100 τδ
275 1036 361 1107 εἶδος.
403 1040 422 1122 ἡ
445 1038 497 1121 μὲν
526 1039 580 1122 γὰρ
606 1037 742 1115 ἀνείδεος,
764 1038 797 1101 τδ
820 1038 853 1100 δέ
874 1037 950 1106 εἶδος
972 1036 1029 1112 ἀεί,
1051 1036 1099 1099 καὶ
1122 1036 1142 1119 ἡ
1166 1037 1218 1119 μέν
1239 1037 1274 1101 od
1300 1041 1398 1120 σῶμα,
1421 1037 1578 1120 σωματικὴ

216 1139 259 1218 δέ,
280 1140 313 1202 τδ
336 1139 369 1202 δὲ
396 1138 533 1209 καθάπαξ
548 1139 713 1222 ἀσώματον.
751 1138 785 1202 οὐ
808 1143 896 1222 σῶμα
919 1139 1025 1224 δὲτὴν
1049 1140 1120 1222 θλην
1142 1141 1241 1224 φασίν,
1265 1139 1349 1225 [οὐχ]
1371 1139 1407 1203 οίι
1423 1139 1512 1222 μόνον
1532 1139 1577 1202 ότι

192 1240 390 1326 τέστερῆσθαι
413 1243 494 1305 δοκεῖ
513 1244 571 1304 τῶν
594 1243 658 1326 περὶ
680 1246 768 1324 σῶμα
790 1244 979 1320 διαστάσεων,
1001 1240 1062 1306 ἀλλ’
1089 1242 1133 1306 ὅτι
1165 1243 1214 1306 καὶ
1240 1245 1357 1305 πολλῶν
1383 1241 1479 1305 ἀλλων
1506 1241 1578 1305 ἀπο

216 1344 344 1407 λείπεται
371 1342 446 1407 κατὰ
473 1344 522 1407 τδν
554 1341 625 1407 ἴδιον
651 1344 752 1426 λόγον,
779 1345 799 1408 ἃ
825 1349 884 1415 τοῖς
911 1346 1042 1428 σῶμασιν
1073 1344 1214 1430 ὑπάρχει,
1240 1345 1393 1429 σχήματος
1419 1344 1579 1427 χρώματος

218 1445 377 1532 βαρύτητος
408 1445 601 1530 κουφότητος,
636 1445 713 1516 όλως
739 1447 835 1531 πάσης
859 1447 1014 1530 ποιότητος
1040 1447 1089 1510 καὶ
1116 1446 1288 1529 ποσότητος.
1329 1445 1355 1509 εἰ
1384 1445 1439 1529 γὰρ
1465 1443 1577 1509 τούτων

217 1551 350 1632 μετεῖχε,
376 1551 435 1610 τῶν
462 1551 554 1611 ποιῶν
581 1546 642 1632 (ἂν)
668 1547 704 1633 ἦν
727 1550 775 1611 καὶ
797 1554 910 1613 ποσῶν’
944 1549 979 1613 οίι
1007 1552 1196 1633 μετειληφυῖα
1218 1549 1262 1625 δέ,
1284 1547 1465 1630 κατὰλόγον
1488 1550 1579 1630 σῶμα

218 1651 270 1734 μὲν
297 1649 352 1713 οδκ
373 1647 408 1712 ἀν
430 1647 492 1733 εἴη,
519 1651 671 1734 σωματικὴ
699 1651 732 1714 δέ
759 1650 806 1714 διὰ
831 1651 865 1713 τδ
892 1652 998 1721 πάσαις
1021 1652 1120 1735 ὥσπερ
1142 1651 1295 1734 ἐκμαγεῖον
1318 1650 1491 1714 ὑποκεῖσθαι
1514 1654 1578 1720 ταῖς

181 1774 205 1811 10
216 1754 380 1836 ποιότησιν·
402 1752 435 1816 δν
456 1751 563 1836 τρόπον
583 1751 638 1837 γάρ
661 1753 694 1816 τδ
717 1751 793 1823 εἶδος
814 1757 866 1837 τῆς
889 1754 960 1837 ὕλης
981 1753 1140 1839 ἀφαιρεθὲν
1162 1753 1320 1835 ἀσώματον
1344 1751 1414 1816 εἶναι
1429 1753 1577 1838 τυγχάνει,

215 1857 307 1924 οὕτως
329 1853 377 1917 καὶ
399 1854 453 1938 τὴν
475 1854 546 1937 θλην
567 1857 620 1917 τοῦ
642 1852 736 1924 εἴδους
758 1854 955 1940 χωρισθέντος
977 1855 1011 1920 οίι
1035 1860 1133 1938 σῶμα.
1171 1856 1230 1918 δεῖν
1252 1852 1307 1938 γὰρ
1329 1853 1437 1939 ἀμφοῖν
1459 1857 1513 1937 τῆς
1529 1874 1578 1917 συ-

215 1957 300 2022 νόδου
323 1956 394 2043 πρδς
415 1956 468 2040 την
490 1959 541 2017 τοῦ
564 1956 700 2038 σώματος
723 1954 889 2019 ὑπόστασιν.

278 2387 365 2437 Stob.
386 2389 442 2438 Eoi.
456 2388 469 2438 1
486 2385 516 2438 12
534 2404 560 2453 p.
572 2383 667 2451 328⁸sp
680 2390 714 2438 Η.
883 2284 903 2348 3

300 2485 416 2557 Ταύτας
445 2487 478 2552 δὲ
505 2488 558 2558 τὰς
583 2487 678 2572 ἀρχὰς
704 2489 775 2553 ποτὶ
802 2489 855 2573 μὲν
880 2489 954 2553 εἶναί
982 2509 1070 2573 φησιν
1100 2488 1341 2575 Ἀριστοτέλης
1369 2488 1435 2566 δύο,
1467 2490 1521 2572 τήν
1547 2511 1580 2550 τε

217 2591 288 2674 ὕλην
320 2589 368 2653 καὶ
397 2590 430 2653 τδ
453 2588 543 2667 είδυς,
576 2590 664 2654 δκαλ
687 2592 802 2677 μορφὴν
824 2594 909 2655 καλεῖ
927 2592 977 2656 καί
999 2591 1179 2678 ἐντελέχειαν
1201 2592 1251 2655 καλ
1272 2591 1306 2655 τδ
1327 2591 1356 2654 τί
1376 2589 1412 2676 ἧν
1433 2589 1506 2653 εἶναι
1529 2590 1578 2654 καὶ

179 2711 201 2748 1ο
213 2692 313 2755 οθσίαν
335 2692 388 2776 τὴν
410 2692 485 2757 κατὰ
506 2693 555 2755 τδν
577 2692 672 2776 λόγον,
694 2694 743 2758 καί
765 2693 925 2779 ἐνέργειαν·
950 2693 1044 2765 οὕτως
1071 2692 1154 2779 αότηῖ
1175 2692 1313 2757 πλούσιόν
1341 2716 1373 2756 τε
1394 2693 1443 2756 καί
1464 2695 1579 2756 πολυώ-

215 2795 304 2877 νομόν
326 2795 387 2859 ἐστι
408 2796 442 2858 τδ
458 2793 543 2865 εἶδος.
565 2799 702 2860 τοσοῦτον
726 2796 778 2879 μὲν
800 2793 851 2861 οθν
873 2796 1017 2883 διαφέρειν
1040 2797 1074 2859 τδ
1096 2794 1172 2867 εἶδος
1193 2801 1245 2882 τῆς
1268 2800 1393 2881 μορφῆς,
1416 2796 1459 2859 ὅτι
1474 2796 1508 2858 τδ
1524 2795 1578 2879 μέν

215 2897 276 2960 ἐστι
290 2899 390 2980 διῆκον
405 2897 454 2962 διὰ
469 2898 588 2984 βάθους,
603 2899 623 2982 ἡ
639 2895 661 2961 δ’
681 2897 858 2969 ἐπιπολαῖος·
881 2900 930 2964 καί
944 2901 965 2984 ἡ
981 2898 1033 2982 μὲν
1048 2900 1250 2983 παραπλήσιος
1264 2899 1414 2981 λευκότητι
1426 2896 1493 2982 (τῇ)
1504 2898 1578 2963 κατὰ

214 2999 268 3085 τὴν
290 2999 469 3085 ζῳγραφίαν,
491 3000 525 3063 τδ
546 2997 568 3064 δ’
589 3001 730 3066 εἰδοποιεῖ
748 3001 802 3087 τὴν
823 3005 875 3066 τοῦ
896 3003 1038 3086 γάλακτος
1060 2999 1174 3064 οὐσίαν·
1197 3000 1301 3065 ταύτδν
1324 2999 1350 3066 δ’
1370 2999 1447 3070 εἶδος
1464 2999 1579 3083 λέγεται

216 3101 285 3166 καθ’
314 3102 382 3166 όσον
411 3101 445 3165 τδ
472 3101 524 3184 μέν
550 3101 689 3167 είδοποιεῖ
716 3105 750 3168 τδ
777 3103 810 3167 δέ
837 3104 995 3190 διαμορφοῖ
1018 3103 1071 3188 τὴν
1099 3103 1179 3186 θλην.
1217 3102 1397 3187 ἐντελέχειαν
1423 3100 1480 3186 (δ’)
1506 3102 1578 3166 αθτδ

179 3206 370 3288 νυπροσεῖπεν
392 3202 458 3288 ἤτοι
481 3202 529 3267 διὰ
550 3205 583 3268 τδ
605 3204 766 3289 ἐνδελεχῶς
789 3206 928 3292 ὑπάρχειν
949 3207 970 3291 ἢ
993 3206 1037 3270 ότι
1058 3209 1117 3268 τῶν
1140 3203 1321 3288 μετεχόντων
1344 3204 1434 3268 αὐτοῦ
1456 3205 1579 3269 ἕκαστον

216 3305 376 3392 παρέχεται
391 3305 514 3370 τέλειον·
539 3307 555 3369 ὁ
570 3305 625 3390 γὰρ
639 3306 750 3391 χαλκδς
764 3307 880 3393 άνδριάς
895 3307 1012 3372 οὐδέπω
1027 3308 1103 3391 πλὴν
1119 3307 1162 3371 ότι
1178 3307 1219 3391 μὴ
1236 3308 1365 3389 δυνάμει,
1389 3306 1578 3376 διαπλασθεὶς

216 3408 320 3471 δὲκαὶ
346 3408 399 3492 τὴν
425 3407 589 3492 πρόσφορον
615 3409 713 3494 λαβὼν
736 3410 850 3495 μορφὴν
872 3410 1037 3497 ἐντελεχείᾳ
1058 3408 1183 3492 λέγεται·
1212 3408 1279 3473 τότε
1301 3408 1355 3492 γάρ
1377 3409 1522 3494 ἀπείληφε
1543 3409 1577 3471 τδ

216 3509 308 3579 τέλος.
345 3511 379 3573 τδ
408 3507 441 3572 δέ
465 3507 495 3571 τί
520 3507 556 3593 ἧν
584 3508 657 3575 εἶναι
685 3511 901 3596 προσηγόρευσε
926 3513 1006 3598 παρὰ
1033 3512 1067 3576 τδ
1094 3515 1152 3573 τῶν
1183 3508 1273 3574 όντων
1295 3511 1439 3595 ἐπιφέρειν
1461 3511 1578 3595 ἑκάστῳ

216 3611 269 3696 τὴν
297 3615 349 3675 τοῶ
377 3609 449 3674 εἶναι
475 3610 603 3694 δόναμιν.
641 3612 740 3678 οὐσίαν
768 3615 801 3678 δέ
825 3614 878 3698 τὴν
905 3613 979 3677 κατά
1001 3613 1051 3678 τδν
1073 3613 1157 3697 λόγον
1181 3613 1224 3677 ὅτι
1247 3613 1406 3677 διαλλάττει
1428 3616 1482 3697 τῆς
1504 3612 1579 3676 κατὰ

178 3714 266 3798 νοτην
289 3714 371 3799 όλην,
393 3717 434 3784 ῶς
456 3713 571 3798 ἀνδριὰς
592 3717 706 3801 χαλκοῖ
728 3715 777 3778 καλ
799 3714 969 3800 Θηρίκλειον
992 3717 1117 3800 ἀργυροῦ
1139 3715 1268 3778 καὶτῶν
1291 3715 1465 3797 ἀγαλμάτων
1482 3715 1579 3778 ὁτιοῦν

217 3816 318 3880 λίθου·
340 3817 374 3880 τδ
389 3813 484 3901 γάρῷ
504 3817 661 3900 περιττεύει
682 3821 773 3883 ταῦτα
795 3822 847 3901 τῆς
869 3817 951 3902 θλης,
972 3816 1003 3887 ἐξ
1023 3817 1061 3902 ἧς
1082 3817 1333 3901 δεδημιούργηται,
1355 3814 1432 3880 τοῦτ’
1460 3813 1537 3878 ἐστιν
1559 3817 1579 3899 ἡ

217 3918 291 3982 κατά
319 3920 368 3983 τδν
395 3919 480 4002 λόγον
510 3917 604 3986 οὐσία.
642 3919 784 4005 ἐνέργειαν
810 3920 844 3984 δέ
869 3919 1005 3984 ἐκάλεσεν
1028 3919 1072 3983 ότι
1093 3922 1152 3983 τῶν
1175 3916 1266 3983 όντων
1288 3917 1376 3982 οὐθὲν
1399 3916 1434 3981 ἀν
1455 3916 1579 4002 ἐνεργεῖν

218 4020 338 4086 ἐδύνατο
361 4021 403 4107 μὴ
425 4020 563 4107 πρότερον
584 4020 779 4105 είδοποιηθέν.

255 4301 267 4353 l
282 4302 314 4351 de
327 4310 430 4352 auctore
439 4303 506 4352 Ario
515 4301 569 4352 dixi
578 4301 650 4352 Ptol.
659 4317 685 4366 p.
696 4296 773 4364 isssq.
783 4313 804 4350 u
815 4314 832 4351 ν
843 4314 872 4351 τι
923 4295 1024 4358 λόδοξος
1034 4295 1048 4367 ΙΙ
1059 4299 1178 4350 τοσοῦτον
1190 4314 1280 4367 apogr.
1292 4297 1352 4360 vA,
1362 4295 1474 4367 τοσοότιμ
1488 4301 1552 4364 (ii)C
1564 4297 1579 4368 ΙΙ

218 4403 259 4439 vu
281 4385 295 4456 Η
315 4387 331 4441 3
350 4385 379 4440 τδ
397 4384 460 4446 εἶδος
471 4390 505 4442 liz
523 4385 590 4438 κατὰ
607 4383 636 4438 τδ
653 4382 716 4444 εἶδος
729 4386 750 4437 O
765 4381 807 4454 114
825 4382 874 4454 οθχ
927 4385 958 4438 l'i
977 4381 1129 4443 ἐπιπολαίως
1150 4388 1189 4437 A:
1213 4402 1279 4437 corr.
1297 4385 1417 4438 Gaisford
1437 4383 1450 4451 Η
1467 4390 1500 4455 τη
1518 4389 1578 4439 εδδ.

217 4470 296 4525 ἀτιοδ
308 4473 382 4542 μόνον
395 4478 434 4526 A:
448 4492 512 4528 corr.
524 4478 624 4528 Usener
639 4471 654 4541 ΙΙ
672 4468 797 4525 θδνεδά.
807 4474 873 4524 Mei·
926 4475 1025 4525 Usener
1045 4469 1058 4540 Η
1079 4471 1113 4525 18
1129 4473 1158 4526 τδ
1175 4471 1201 4525 δέ
1218 4471 1249 4542 δη
1272 4470 1327 4541 περὶ
1348 4470 1395 4540 τὴν
1407 4474 1502 4524 τοῖιΔε
1523 4489 1579 4525 σοι·

217 4562 283 4612 ουλε
298 4556 313 4629 ΙΙ
326 4561 392 4613 κατὰ
404 4559 479 4613 τδνΟ
494 4560 507 4630 ΙΙ
524 4560 627 4615 1οτῐναι
638 4563 703 4612 Ario
713 4562 873 4613 condonabis
924 4563 980 4613 rexi
994 4557 1008 4628 Η
1026 4560 1056 4612 19
1071 4559 1100 4612 τδ
1118 4559 1236 4629 μὶν-τὸ
1254 4557 1280 4611 δέ
1299 4567 1392 4611 ει-ει
1407 4556 1420 4626 Η
1438 4555 1458 4610 δ’
1479 4561 1580 4612 addidit

254 4645 286 4699 13
305 4649 336 4698 de
356 4650 421 4700 Ario
439 4658 544 4701 auctore
563 4651 617 4701 dixi
636 4649 706 4701 Proi.
731 4665 756 4715 p.
770 4645 848 4712 Ἰθοη.
863 4663 872 4698 ι
924 4650 1026 4699 Ηοστεο
1040 4644 1054 4714 Η
1070 4644 1105 4699 20
1117 4645 1252 4716 ἐνδελεχῶς
1264 4650 1301 4697 sic
1313 4649 1338 4696 Δ
1353 4643 1366 4713 ΙΙ
1380 4643 1414 4697 22
1427 4645 1528 4717 μορφὴν
1541 4645 1578 4699 ἐν·

218 4750 240 4786 11
255 4751 283 4786 ιν
298 4751 327 4787 vl
341 4751 384 4788 vn
404 4732 418 4803 ΙΙ
439 4736 472 4789 15
490 4734 655 4802 πολυώνυμον
677 4737 709 4787 ei.
733 4736 812 4786 Arius
840 4735 872 4785 du
923 4731 1035 4802 τιλίχτια
1045 4734 1078 4785 C:
1090 4733 1187 4803 τροφὴν
1200 4718 1366 4802 ἐνδελέχειαθ
1381 4731 1394 4800 ΙΙ
1409 4731 1442 4788 26
1455 4733 1501 4802 γὰρ
1514 4730 1528 4784 δ
1540 4736 1578 4785 Αι

216 4824 328 4875 Platone
347 4826 396 4876 οολ
415 4825 467 4876 eth.
487 4826 503 4879 6
521 4822 575 4890 3p.
589 4821 623 4878 68
636 4822 690 4874 ετ4
709 4839 734 4889 p.
746 4820 781 4874 82
805 4817 872 4875 Πλά-
924 4823 1033 4873 eorruxi.
1058 4823 1180 4872 articulus
1198 4830 1257 4872 antu
1275 4822 1410 4871 relativum
1428 4822 1476 4871 λιεο
1493 4830 1579 4872 aetate

216 4926 269 4960 των
286 4907 434 4978 πολὺφωνος
453 4908 497 4975 ὢν,
515 4908 564 4980 οὐχ
582 4907 618 4969 ῶς
635 4925 698 4968 τινες
716 4906 809 4961 οίονται
827 4925 871 4960 πο·
923 4924 977 4960 uon
989 4909 1137 4972 infrequens
1157 4904 1170 4975 ΙΙ
1191 4905 1225 4960 28
1243 4903 1344 4958 ἐδύνατο
1367 4908 1404 4958 1⁴¹:
1428 4903 1534 4959 ἀδίονατο
1556 4907 1579 4958 C
