3442 5588
524 339 733 392 PLUTAROHI
750 337 931 390 STROMAT.
948 334 1008 389 1.2.
1023 335 1041 388 θ

460 1044 507 1100 ΕΚ
526 1043 596 1100 ΤΩΝ
617 1042 847 1101 ΠΛΟΥΙἈΡΧΟῘ
865 1040 1102 1099 ΣΤΡΩΜΑΤΕΩΝ

190 1325 304 1375 Εοιοί).
324 1327 354 1375 P.
368 1326 400 1374 Ε.
413 1326 425 1374 1
438 1323 454 1375 ’ί
468 1333 491 1370 1ο
513 1320 595 1391 τούτῳ
618 1319 642 1373 δ’
663 1320 693 1373 ἀν
711 1318 791 1391 εὕροις
813 1318 961 1390 συμφώνους
984 1320 1029 1372 καὶ
1051 1319 1109 1377 τοὺς
1130 1317 1259 1378 πλείστους
1281 1325 1333 1373 τῶν
1350 1317 1410 1389 παρ’

96 1407 201 1480 Ἕλλησι
219 1409 376 1479 φιλοσόφων,
398 1408 435 1460 ὧν
458 1408 509 1477 ίηόι
529 1425 567 1461 σοι
589 1410 633 1467 τὰς
655 1410 710 1477 περὶ
728 1409 816 1480 ἀρχῶν
838 1406 910 1469 δόξας
932 1407 976 1458 καί
994 1407 1038 1465 τάς
1060 1405 1121 1476 πρὸς
1139 1405 1261 1476 ἀλλήλους
1279 1406 1414 1466 διαστάσεις

100 1497 145 1549 καί
158 1496 295 1565 διαφωνίας
313 1496 343 1549 ἐκ
362 1502 522 1567 στοχασμῶν,
541 1492 598 1547 ἀλλ’
614 1494 661 1548 οὑκ
680 1492 729 1546 ἀπὸ
740 1492 909 1563 καταλήψεως
922 1490 1073 1564 ὑρμηθείσας
1085 1493 1134 1546 ἀπὺ
1145 1500 1197 1546 τῶν
1211 1490 1413 1565 Πλουτάρχου

102 1581 320 1653 Στρωματίων
338 1584 378 1635 ίπί
396 1587 441 1636 τοῦ
460 1582 581 1653 παρόντος
598 1578 747 1649 ίκθήσομαι.

188 1759 207 1820 1
252 1755 391 1838 Θάλητα
421 1759 536 1839 πρῶτον
565 1758 680 1818 πάντων
707 1753 793 1838 φασίν
821 1754 917 1838 ἀρχὴν
945 1757 1004 1816 τῶν
1031 1755 1108 1817 ὅλων
1136 1753 1356 1838 ὑποστήσασθαι
1383 1755 1448 1816 τδι

106 1859 194 1941 ὕδωρ.
239 1856 269 1925 ἐξ
290 1857 380 1920 αὑτοῦ
403 1856 457 1940 γάρ
480 1856 552 1920 εἶναι
573 1857 610 1920 τά
631 1860 725 1919 πάντα
746 1855 794 1918 καί
816 1856 857 1925 είς
878 1855 951 1919 αὑτδ
972 1861 1089 1941 χωρεῖν.

189 1963 210 2026 2
256 1956 335 2022 Μεθ’
369 1960 401 2022 δν
431 1956 700 2043 Ἀναξίμανδρον
731 1956 891 2040 Θάλητος
919 1958 1032 2041 ἑταῖρον
1058 1957 1210 2041 γενόμενον
1239 1959 1273 2021 εδ
1302 1957 1419 2044 ἄπειρον

104 2064 192 2146 φάναι
215 2063 268 2144 τὴν
291 2065 386 2124 πᾶσαν
409 2060 501 2124 αἰτίαν
524 2059 604 2146 ἔχειν
625 2067 679 2145 τῆς
699 2064 752 2124 τοὺ
773 2061 880 2130 παντὸς
901 2060 1042 2143 γενέσεώς
1063 2083 1095 2122 τε
1117 2060 1165 2122 καί
1187 2059 1311 2145 φθορᾶς,
1332 2061 1362 2131 έΕ
1383 2061 1418 2126 οὑ

105 2167 142 2247 δή
165 2185 236 2248 φησι
265 2163 331 2232 τοὺς
358 2185 390 2226 τε
416 2164 555 2247 οὑρανοὺς
581 2162 792 2247 ἀποκεκρίσθαι
818 2163 866 2225 καί
893 2162 1024 2226 καθόλου
1045 2162 1113 2230 τοὺς
1134 2162 1263 2233 ἅπαντας
1284 2163 1420 2248 ἀπείρους

105 2266 189 2336 ὄντας
211 2266 347 2348 κόσμους,
392 2267 561 2351 ἀπεφήνατο
587 2265 621 2328 δὲ
649 2267 701 2349 τὴν
728 2265 841 2349 φθορὰν
865 2264 995 2346 γίνεσθαι
1022 2265 1071 2327 καί
1099 2266 1175 2328 πολὺ
1203 2266 1342 2350 πρότερον
1362 2267 1417 2349 τῆν
1436 2285 1459 2324 ιο

104 2369 214 2451 γένεσιν
237 2369 267 2438 ἐξ
289 2368 410 2451 ἀπείρου
432 2368 538 2438 αἰῶνος
560 2367 818 2451 ἀνακυκλουμένων
841 2369 955 2430 πάντων
978 2368 1085 2431 αὐτῶν.
1129 2367 1269 2452 ὑπάρχειν
1293 2367 1326 2430 δέ
1346 2388 1419 2452 φησι

103 2477 146 2556 τῷ
170 2472 222 2554 μὲν
246 2475 375 2556 σχήματι
397 2471 449 2553 τῆν
472 2475 526 2554 γῆν
547 2471 755 2553 κυλινδροειδῆ,
778 2467 857 2555 ἔχειν
880 2470 913 2533 δὲ
934 2473 1071 2533 τοσοὺτον
1094 2469 1196 2554 βάθος,
1220 2471 1287 2534 όσον
1314 2469 1349 2532 ἀν
1372 2469 1417 2552 είη

105 2575 197 2658 τρίτον
227 2577 299 2658 πρδς
329 2575 363 2636 τδ
393 2574 512 2642 πλάτος.
555 2574 626 2657 φησί
655 2573 689 2636 δὲ
717 2574 751 2635 τδ
780 2573 813 2636 έκ
839 2577 891 2636 τοῦ
917 2573 1013 2636 ἀιδίου
1038 2572 1155 2655 γόνιμον
1184 2573 1296 2656 θερμοῦ
1318 2595 1350 2635 τε
1372 2574 1420 2635 καί

104 2683 218 2762 ψυχροῦ
247 2677 321 2739 κατὰ
348 2677 401 2759 τῆν
429 2675 539 2757 γένεσιν
560 2677 646 2738 τοῦδε
667 2679 719 2738 τοῦ
740 2675 853 2758 κόσμου
875 2673 1070 2758 ἀποκριθῆναι
1100 2674 1151 2737 καί
1170 2697 1233 2737 τινα
1255 2674 1290 2737 ἐκ
1314 2675 1419 2738 τοὺτου

105 2780 212 2864 φλοηδς
242 2785 365 2863 σφαῖραν
395 2783 567 2862 περιφυῆναι
600 2782 642 2861 τῷ
673 2779 737 2861 περὶ
766 2780 819 2862 τῆν
848 2782 902 2861 γῆν
929 2776 993 2860 ἀέρι
1025 2778 1067 2844 ὑς
1092 2781 1135 2860 τῷ
1164 2777 1274 2860 δένδρῳ
1306 2777 1418 2862 φλοιόν.
1437 2797 1460 2834 1⁶

107 2881 222 2964 ἧστινος
244 2880 456 2964 ἀπορραγείσης
477 2881 525 2943 καὶ
549 2877 591 2948 εἴς
610 2902 690 2967 τινας
704 2880 948 2962 ἀποκλεισθείσης
961 2878 1084 2947 κὺκλους
1100 2876 1259 2962 ὑποστῆναι
1274 2881 1323 2942 τδν
1338 2882 1420 2964 ῆλιον

107 2983 156 3045 καί
178 2985 230 3065 τῆν
254 2985 377 3066 σελήνην
398 2983 533 3051 καὶτοὺς
559 2982 691 3066 ἀστέρας.
735 2981 777 3046 ἔτι
804 2982 902 3067 φησίν,
925 2982 969 3045 ὅτι
996 2977 1058 3044 κατ’
1086 2980 1181 3064 ἀρχὰς
1208 2978 1238 3048 ἐξ
1263 2983 1421 3045 ἀλλοειδῶν

106 3084 193 3170 ζῴων
223 3087 238 3148 ὑ
265 3085 420 3169 ἄνθρωπος
442 3084 584 3169 ἐγεννήθη
607 3084 640 3148 ἐκ
662 3089 713 3149 τοὺ
735 3086 772 3149 τά
795 3086 847 3166 μλν
870 3083 945 3147 ἄλλα
974 3081 1010 3146 δι’
1038 3083 1149 3145 ἑαυτῶν
1172 3084 1247 3168 ταχὺ
1270 3082 1421 3165 νέμεσθαι,

106 3188 194 3269 μόνον
210 3189 243 3252 δὲ
264 3189 312 3251 τδν
335 3187 490 3272 ἄνθρωπον
513 3187 706 3272 πολυχρονίου
729 3186 843 3251 δεῖσθαι
864 3185 1061 3270 τιθηνήσεως·
1095 3186 1141 3248 διδ
1163 3185 1210 3248 καί
1234 3184 1299 3248 κατ’
1327 3186 1422 3271 ἀρχάς

107 3290 161 3353 οὑκ
182 3289 216 3353 ἄν
239 3314 310 3354 ποτε
331 3295 460 3354 τοιοῦτον
483 3287 551 3352 ὄντα
574 3288 765 3372 διασωθῆναι.
809 3293 901 3352 ταῦτα
923 3288 975 3369 μὲν
997 3284 1048 3350 οὑν
1071 3290 1087 3351 ὑ
1106 3284 1334 3371 Ἀναξίμανδρος.
1438 3308 1463 3347 ιο

192 3394 211 3456 3
252 3390 476 3474 Ἀναξιμένην
506 3393 540 3456 δέ
569 3412 640 3476 φασι
670 3392 724 3475 τήν
752 3395 811 3454 τῶν
843 3392 920 3455 ὅλων
950 3390 1045 3473 ἀρχὴν
1073 3388 1123 3452 τδν
1145 3389 1218 3472 ἀέρα
1239 3389 1345 3466 εἰπεῖν,
1374 3393 1422 3453 καί

108 3498 209 3556 τοῦτον
232 3493 304 3557 είναι
326 3498 369 3579 τῷ
394 3496 446 3576 μέν
469 3494 586 3578 μαηέθει
606 3493 734 3576 ἄπειρον,
756 3497 819 3561 ταῖς
841 3493 874 3555 δὲ
894 3492 960 3575 περί
979 3490 1067 3554 αὑτὸν
1082 3491 1231 3575 ποιότησιν
1247 3491 1421 3574 ὡρισμένον·

111 3597 269 3677 γεννᾶσθαί
287 3621 319 3659 τε
341 3599 434 3660 πάντα
456 3599 530 3660 κατά
551 3620 613 3659 τινα
635 3595 780 3663 πὺκνωσιν
807 3593 910 3657 τοὺτου
933 3594 981 3657 καί
1009 3595 1095 3657 παλιν
1122 3592 1272 3676 ἀραίωσιν.
1315 3593 1368 3677 τῆν
1390 3617 1423 3676 γε

162 3800 178 3851 2
198 3798 234 3852 ὧν
248 3801 312 3871 ,ἔχων
323 3807 349 3855 in
368 3806 445 3855 litura
464 3806 488 3853 A
509 3799 522 3871 Η
543 3801 559 3853 3
576 3804 620 3855 καί
638 3813 696 3869 poet
714 3786 765 3853 δια-
816 3804 862 3853 sed
880 3820 893 3859 ς
910 3804 992 3853 altera
1010 3819 1043 3852 m.
1061 3818 1109 3852 σοι.
1129 3805 1153 3851 A
1174 3797 1187 3868 Η
1211 3800 1242 3853 16
1257 3797 1361 3869 ,ῆστινος
1383 3803 1475 3867 vulgo:

110 3889 205 3946 στάσεις
224 3892 311 3941 οω.Ε
338 3887 350 3957 Η
377 3887 495 3958 διαφορὰς
514 3889 543 3941 ἐκ
562 3893 584 3942 Β
606 3888 618 3957 Η
639 3885 695 3942 ἀλλ’
717 3886 766 3941 οὑκ
817 3888 886 3958 ῆςΔ
906 3886 919 3957 Η
940 3886 974 3946 είς
991 3890 1093 3944 τινοςί)
1112 3884 1125 3954 Η
1144 3903 1212 3944 τινας
1229 3888 1275 3937 sed
1292 3904 1308 3937 τ
1325 3891 1352 3938 in
1370 3886 1473 3957 ίίι.ΑΗ

110 3974 159 4027 ἀπό
173 3974 340 4046 καταλήψεως
360 3978 448 4030 nun-B
469 3974 481 4044 Η
502 3978 518 4030 4
537 3976 735 4046 στρωματίονί)
751 3973 764 4043 Η
820 3977 851 4028 17
872 3972 909 4028 ότι
927 3993 1003 4042 super
1022 3992 1123 4026 versum
1141 3992 1179 4040 ρτ.
1198 3972 1233 4038 [ί]
1253 3990 1330 4025 manu
1343 3977 1369 4024 A
1383 3972 1396 4043 Η
1411 3972 1471 4026 κατ’

112 4061 300 4133 ὑπλουτάρχου
318 4069 346 4116 in
363 4066 431 4117 καί)
451 4062 465 4133 Η
484 4061 594 4134 θάλητος
613 4069 640 4117 in
658 4083 691 4116 m.
705 4067 731 4114 A
750 4060 764 4131 Η
819 4064 898 4134 ἀρχάς
911 4080 962 4114 om.
975 4065 1001 4112 A
1012 4064 1123 4127 margini
1135 4071 1199 4113 ποτε
1216 4059 1243 4113 ν’-
1261 4062 1392 4126 adposita:
1412 4057 1473 4112 κατ’

112 4151 174 4219 φασὶ
193 4152 213 4202 C
234 4147 247 4219 Η
269 4151 284 4202 7
304 4149 483 4221 αναξιμανδρου
509 4156 535 4204 in
558 4170 592 4204 m.
615 4155 649 4203 A.
672 4153 704 4202 de
727 4149 768 4215 §2
820 4149 901 4220 ἀρχὰς
918 4159 1044 4203 testantur
1061 4152 1087 4201 H
1110 4153 1201 4211 οοεοτί,
1226 4150 1271 4200 sed
1290 4145 1326 4199 ίτι
1344 4148 1417 4218 φησί,
1439 4144 1478 4200 ότι

113 4241 145 4291 ef.
169 4241 241 4292 Ptol.
264 4257 289 4304 p.
304 4237 355 4290 133
375 4235 387 4306 Η
410 4237 492 4309 ίτιρον
516 4258 555 4307 pr.
574 4243 598 4290 A
620 4235 634 4307 Η
654 4235 770 4305 ..λητος
821 4234 883 4289 κατ’
904 4236 983 4308 ἀρχὰς
1001 4239 1029 4289 in
1046 4239 1084 4289 lit.
1103 4238 1125 4289 C
1146 4235 1159 4305 Η
1183 4237 1215 4289 18
1230 4231 1336 4305 ίχενήθη
1355 4237 1378 4286 Ε
1398 4231 1412 4303 Η
1432 4238 1478 4287 τοῦ

115 4327 383 4379 ιιίίειυτίοόοίοείοΒ
403 4320 417 4393 Η
438 4319 768 4395 9δήόιπ.1)ΗφασίΛΗ
822 4327 868 4378 uod
886 4342 900 4376 ο
918 4328 946 4376 in
964 4325 1002 4376 lit.
1020 4327 1046 4376 A
1068 4320 1081 4393 Η
1101 4320 1133 4376 δι’
1155 4321 1241 4376 αὑτῶν
1260 4328 1285 4374 A
1304 4317 1318 4392 Η
1341 4323 1372 4376 19
1391 4320 1418 4373 ὑί
1435 4319 1478 4374 τόν

112 4410 171 4471 τοὺς
191 4414 311 4476 (αριστι)
329 4431 361 4464 ex
379 4411 408 4464 τὸ
427 4416 471 4465 alt.
490 4431 523 4464 m.
542 4416 646 4464 συππλ
665 4409 677 4480 Η
700 4408 771 4463 ίθδί
823 4414 869 4464 sed
888 4411 901 4463 ὲ
917 4429 933 4462 τ
950 4415 979 4464 in
996 4413 1074 4463 litura
1091 4429 1170 4463 manu
1190 4414 1234 4464 ιίι.
1252 4414 1278 4463 A
1303 4408 1316 4477 Η
1341 4407 1374 4461 21
1398 4405 1480 4468 αναξι-

113 4500 170 4569 τῆν,
188 4499 287 4552 sedit
305 4504 331 4552 in
351 4503 428 4552 litura
445 4502 477 4551 ab
495 4503 541 4552 κίι.
559 4518 593 4551 m.
611 4503 736 4566 εοτὶμαΔ
757 4495 771 4568 Η
825 4499 914 4566 μένους
926 4502 952 4550 in
966 4516 1030 4565 mrg.
1043 4501 1077 4550 A.
1090 4498 1223 4563 όαξθοί.
1235 4500 1306 4551 Ρτοί.
1320 4514 1345 4564 ρ.
1359 4494 1478 4564 135εη.Η

116 4586 148 4639 13
161 4585 243 4655 τρίτον
261 4604 312 4638 om.
327 4588 395 4640 CFG
415 4584 428 4653 Η
449 4585 510 4656 πρὸς
527 4585 556 4640 τὺ
575 4590 633 4639 fort.
646 4604 678 4638 ex
696 4582 770 4654 πρδθ
823 4585 856 4638 22
882 4592 920 4657 τῷ
945 4586 990 4655 μίν
1017 4585 1081 4654 χίνιι
1107 4588 1178 4638 libri:
1208 4602 1273 4637 corr.
1301 4586 1386 4635 Zellor
1412 4586 1479 4655 οοιιί.

113 4691 180 4726 corr.
199 4679 223 4725 A
245 4672 258 4741 Η
278 4672 305 4725 δὲ
328 4677 373 4725 τοῦ
391 4673 421 4724 ἐκ
440 4678 484 4725 τοῦ
510 4676 540 4725 C.
564 4678 672 4726 ίοτιοοοο
696 4671 723 4724 δί
746 4689 771 4724 τι
822 4675 913 4740 Simpl.
923 4676 949 4725 in
962 4675 1035 4740 phys.
1048 4673 1152 4727 s.5v45
1165 4673 1209 4724 καλ
1221 4670 1281 4740 πρός
1292 4667 1481 4740 Ἀναξίμανδρον

115 4760 145 4811 ίκ
170 4764 216 4812 τοῦ
236 4760 249 4829 Η
269 4760 375 4830 ηόνυμον
395 4762 424 4812 C.
451 4758 554 4828 γονίμου
572 4757 665 4828 θερμόν
682 4777 710 4811 τε
727 4760 771 4811 καί
823 4760 867 4811 καί
890 4755 1047 4829 Ἀναξιμένην
1070 4758 1171 4830 ἁρμόζει
1193 4758 1220 4811 ἓν
1244 4759 1305 4826 μίν,
1331 4757 1432 4828 ἄπειρον
1454 4756 1481 4809 δί

114 4847 212 4916 ψυχρὸν
231 4852 297 4899 coni.
311 4851 427 4900 Mullach
446 4850 475 4900 F.
488 4851 538 4900 Ph.
555 4849 586 4900 G.
600 4849 614 4898 1
627 4846 678 4900 238
692 4849 735 4910 (ιι)
755 4844 769 4914 Η
823 4852 860 4916 τῷ
883 4843 982 4914 μιγίθιι
1003 4844 1033 4899 τό
1057 4852 1177 4918 στοιχεῖον
1201 4842 1393 4915 ὑποτιθεμένους
1413 4843 1427 4915 Η
1447 4844 1481 4898 23

118 4935 149 4986 15
168 4939 296 5004 περιφῦναι
323 4939 435 5001 vigel-us
460 4947 485 4985 et
509 4937 681 5002 Wyttenbach
702 4932 714 5000 Η
736 4931 771 4990 ὡς
823 4930 954 5002 γεννᾶσθαι
973 4933 999 4987 δὲ
1017 4937 1054 4986 Ει
1073 4929 1204 5003 γεννᾶσθαι
1222 4935 1316 5003 :epm

1210 5018 1276 5084 ὑί*
