3464 5586
275 302 339 366 ⁶250
564 302 658 352 XVIII
694 302 743 352 DE
764 302 902 353 GALENI
921 300 1094 353 HISTORIA
1113 301 1342 353 PHILOSOPHA

275 472 466 555 praesertim
488 471 596 539 Moobi
619 490 733 555 parum
757 474 939 555 opportuna
953 466 1085 535 mentio.
1115 473 1244 534 constat
1258 467 1343 535 enim
1359 468 1392 533 in
1408 469 1541 554 reliquis
1555 490 1638 537 sana

275 574 435 657 quaedam
464 573 607 640 brevitas
633 592 718 656 quae
745 591 766 639 a
798 571 938 637 verbosa
969 569 1205 655 disceptatione
1236 578 1269 638 et
1296 569 1484 654 opinionum
1511 579 1638 640 contro-

274 677 382 742 versia
410 676 573 742 abhorret.
615 674 741 741 accedit
771 674 946 740 memoriae
973 693 1075 758 parva
1103 672 1193 738 fides.
1240 672 1397 740 Heracliti
1427 695 1499 761 aer,
1532 675 1639 758 quode

275 779 399 863 pridem
422 778 653 845 dubitaverunt
673 777 734 842 viri
757 776 844 843 docti
868 772 1016 861 [Krische
1038 797 1069 859 p.
1086 775 1150 840 380
1171 775 1278 841 Zeller
1296 777 1345 842 111
1365 778 1456 862 aaa
1479 778 1638 846 Scbnster

275 904 306 965 p.
324 879 408 968 loll,
432 881 518 947 unde
540 880 656 946 ductus
671 879 723 964 sit,
745 878 922 945 secundum
936 897 977 943 ea
998 897 1083 961 quae
1098 898 1129 961 p.
1145 878 1210 943 210
1231 877 1336 963 docui,
1359 878 1500 945 dubitari
1515 881 1638 966 nequit.

274 983 480 1050 Aenesidemi
510 989 618 1048 autem
645 979 801 1046 memoria
828 979 871 1045 ab
893 999 933 1046 eo
961 979 1043 1046 libro
1070 1001 1133 1064 quo
1162 980 1308 1046 Galenus
1330 1001 1408 1046 usus
1435 989 1485 1048 est
1507 983 1638 1051 minime

274 1085 416 1168 sceptico
449 1085 559 1150 aliona
594 1090 652 1150 est.
705 1081 816 1165 quidni
847 1102 888 1147 ex
922 1082 1104 1161 matamoris
1136 1081 1283 1148 lectionis
1316 1080 1471 1150 fructibus
1498 1085 1638 1169 priorem

275 1187 540 1272 philosophorum
570 1185 731 1251 delectum
760 1184 890 1250 auxisse
916 1184 1088 1267 alienaque
1114 1183 1280 1250 intorsisse
1303 1183 1437 1251 Sextum
1463 1189 1639 1270 putamus?

274 1310 346 1372 ego.
359 1290 488 1373 quidem
514 1288 592 1372 quid
616 1287 724 1352 obstet
746 1306 812 1350 non
827 1285 933 1369 rideo,
956 1306 1027 1351 cum
1045 1285 1235 1370 praesertim
1251 1287 1434 1370 dogmatica
1448 1297 1522 1373 post
1537 1289 1638 1376 hypo·

275 1400 408 1478 typoses
440 1400 473 1459 et
501 1412 542 1458 ex
570 1388 757 1456 melioribus
785 1386 875 1453 libris
902 1395 1053 1453 contexta
1081 1408 1153 1454 esse
1173 1396 1333 1474 appareat
1353 1389 1409 1473 [cl.
1431 1392 1468 1457 Il.
1492 1392 1639 1476 Pappou-

273 1495 360 1562 bciur
388 1496 429 1561 de
452 1495 544 1560 Sexti
567 1495 604 1559 E.
628 1491 788 1556 librorum
810 1511 945 1556 numero
973 1496 1006 1555 ct
1029 1491 1141 1557 ordine
1162 1491 1268 1558 Berol.
1294 1492 1378 1558 1874
1404 1515 1436 1576 p.
1453 1495 1517 1578 15],
1554 1495 1639 1561 inter

272 1618 354 1680 quos
375 1597 435 1662 fuit
449 1596 697 1662 Aenesidemus.
731 1613 797 1659 una
821 1614 900 1660 sane
923 1593 1014 1659 Idaei
1036 1593 1192 1659 memoria
1213 1593 1424 1661 intermortua
1445 1595 1544 1661 altius
1566 1603 1637 1663 erat

274 1699 468 1784 repetenda,
491 1706 598 1766 cetera
622 1704 655 1764 et
676 1696 730 1762 vel
751 1695 860 1761 blachi
882 1695 1056 1761 Phoenicis
1077 1693 1165 1760 lama
1186 1694 1435 1782 haudquaquam
1459 1697 1605 1765 obscuro.
1629 1698 1637 1730 ¹

275 1801 383 1866 omnia
411 1801 507 1883 igitur
543 1799 677 1866 alterius
705 1799 767 1864 loci
800 1797 977 1882 peculiaria
1009 1796 1211 1863 vindicamus
1242 1797 1332 1864 Sexti
1360 1800 1485 1867 iteratis
1512 1799 1637 1867 euris¹

275 1903 390 1987 quibus
413 1902 525 1968 recisis
552 1902 713 1968 simillima
740 1902 819 1967 fiunt
841 1899 958 1966 Galcui
982 1898 1138 1983 Sextique
1161 1901 1372 1984 exemplaria.
1408 1902 1495 1969 unde
1517 1911 1637 1986 quanto

274 2026 372 2090 opere
387 2005 451 2069 sint
466 2005 602 2088 pristino
618 2003 795 2088 exemplari
811 2001 997 2086 mancipati,
1012 2001 1082 2066 iure
1097 2001 1234 2068 mireris.
1258 2010 1369 2070 tamen
1385 2010 1418 2071 et
1429 2011 1559 2090 poterat
1569 2006 1639 2072 fieri

273 2115 309 2173 ut
336 2128 414 2173 casu
439 2107 555 2174 eadem
583 2106 743 2190 utrimque
770 2105 994 2171 omitterentur
1024 2111 1057 2169 et
1079 2103 1218 2171 tortasse
1240 2104 1361 2172 factum
1386 2115 1445 2174 est.
1484 2107 1639 2190 singulari

274 2209 359 2274 enim
387 2209 518 2274 fortuna
547 2209 696 2293 contigit,
724 2214 759 2273 ut
786 2214 935 2291 quartum
964 2206 1145 2290 exemplum
1168 2206 1283 2273 eodem
1306 2211 1402 2276 modo
1426 2209 1638 2293 compositum

274 2311 332 2375 sed
360 2312 458 2393 praulo
486 2311 612 2375 auctius
639 2310 786 2376 conferre
812 2309 933 2376 liceret.
973 2309 1059 2392 quod
1090 2315 1302 2377 monstratum
1330 2313 1405 2378 olim
1434 2333 1456 2378 a
1487 2312 1637 2378 Fabricio

273 2431 358 2477 uurre
375 2413 524 2477 enodatis
539 2411 782 2478 difficultatibus
798 2411 935 2495 prodeat
950 2430 1087 2477 caussae
1102 2411 1299 2479 diiudicatae
1314 2415 1407 2480 testis
1422 2414 1637 2498 gratissimus.

274 2520 381 2578 exstat
409 2514 442 2578 in
465 2513 797 2580 Pseudo-Clementis
823 2514 1125 2599 Recognitionibus,
1158 2534 1239 2598 quas
1264 2536 1286 2581 a
1307 2514 1421 2581 Rufino
1449 2516 1637 2599 Aquilcensi

275 2615 465 2699 presbytero
500 2617 600 2682 latino
635 2635 764 2701 versas,
798 2623 936 2683 exeunte
969 2618 1099 2682 saeculo
1127 2638 1159 2700 p.
1182 2616 1257 2682 Chr.
1285 2619 1388 2684 altero
1416 2618 1539 2685 Romae
1566 2639 1638 2684 con·

274 2718 412 2803 scriptas
440 2738 512 2783 osso
539 2717 619 2783 satis
644 2725 773 2784 constat
796 2714 848 2805 [ef.
872 2719 1022 2785 Ublborn
1043 2719 1085 2785 de
1108 2719 1264 2786 Clement.
1287 2722 1379 2786 Rom.
1403 2720 1511 2787 homil.
1534 2729 1638 2787 etro

275 2840 368 2903 cogn.
392 2821 480 2886 Gott.
507 2818 610 2906 ltlbll.

473 2922 573 2987 Clam.
591 2922 668 2986 VIII
688 2924 727 2985 lb
955 2926 958 3009 l
1146 2924 1235 2991 Sext.
1254 2927 1290 2990 P.
1306 2926 1345 2989 ll.
1363 2926 1469 2990 [1130

317 3031 507 3089 Graecorum
537 3026 714 3106 philosophi
746 3027 784 3089 de
806 3022 958 3109 prinei-l

273 3131 336 3207 piis
359 3131 465 3192 meridi
488 3137 669 3210 quaerentes
692 3129 774 3191 alius
789 3132 856 3193 ulia
878 3134 931 3194 ia-
956 3194 958 3219 ,

275 3235 366 3294 cessit
401 3237 463 3295 oia.
528 3232 659 3311 deniqne
695 3230 930 3313 Pptbaqoraa
955 3254 958 3323 ρ
982 3236 1009 3295 οἱ
1033 3234 1066 3321 δὲ
1087 3234 1151 3316 περὶ
1175 3233 1384 3318 Πυθαγόραν
1408 3235 1474 3303 τοὺς
1496 3235 1636 3319 ἀριθμούς

274 3336 421 3396 eleraeata
446 3337 673 3416 prirreipioram
699 3353 842 3398 reomaus
865 3326 958 3399 csse'

274 3437 359 3512 dicit,

296 3539 569 3602 Callistratus⁸
593 3541 769 3621 qualitates,
955 3550 958 3623 l
983 3540 1148 3625 Στράτων
1171 3542 1204 3603 δὲ
1226 3542 1378 3625 describe
1396 3542 1447 3610 τάς
1469 3543 1623 3624 ποιότητας

295 3640 492 3703 Alcnraeoo
517 3644 763 3717 contrarietates,
877 3636 880 3641 ’
955 3626 958 3643 ’

296 3744 606 3807 Ariaaiaroodrus
628 3747 871 3819 inararertsitatem,
978 3744 1263 3830 Ἀναξίμανδρος
1286 3747 1318 3808 δὲ
1422 3748 1455 3809 τὸ
1478 3746 1595 3830 ἄπειρον

296 3847 547 3927 Aeraeaqoras
565 3849 769 3927 aequalitates
782 3849 929 3928 partiunt,
955 3872 958 3931 ρ
978 3845 1214 3931 ’Λναξαγόρας
1237 3848 1270 3910 δὲ
1293 3888 1350 3905 ...
1374 3850 1574 3933 ὁμοιομερείας

296 3950 482 4029 Epicurus
505 3959 634 4024 alorites,
955 3936 957 4033 l
981 3950 1161 4034 Δημόκριτος
1184 3949 1216 4010 δὲ
1238 3949 1286 4012 καὶ
1298 3946 1498 4035 Ἐπίκουρος
1514 3952 1639 4032 ἀτόμους

294 4051 489 4115 Diodorus
521 4054 616 4136 ἀμερῆ
643 4053 702 4113 doc
733 4060 777 4113 eet
812 4071 852 4112 ec
882 4055 930 4115 tte
955 4112 957 4129 ,
981 4052 1156 4135 Διόδωρος
1176 4052 1209 4114 δὲ
1229 4053 1244 4113 ὁ
1265 4051 1433 4134 ἐπικληθεὶς
1449 4051 1560 4136 Κρόνος
1575 4054 1638 4115 ἐλά-

317 4156 348 4215 ia
372 4157 479 4235 quibos
501 4165 610 4235 partes
632 4175 696 4219 riori
719 4163 801 4229 sterit,
955 4166 958 4223 l
1004 4175 1091 4239 χνστα
1113 4154 1161 4217 καὶ
1185 4155 1280 4237 ἀμερῆ
1304 4157 1429 4236 σώματα

347 4358 352 4386 ¹
373 4361 402 4408 el.
422 4360 522 4410 b'ubric.
535 4362 569 4409 ad
581 4362 653 4412 Sexti
667 4364 683 4411 l.
704 4380 728 4426 p.
740 4360 787 4413 (tlt
810 4365 851 4411 cul
863 4364 975 4413 addendi
993 4375 1054 4415 suut
1072 4366 1122 4413 loci
1135 4365 1231 4414 Laertil
1251 4378 1366 4428 proceru.
1383 4362 1392 4412 l
1416 4359 1469 4427 [nbi
1483 4364 1568 4426 inepto
1583 4365 1637 4412 rul-

273 4456 347 4501 gatrrr
359 4451 467 4508 arrthuo
480 4462 567 4497 crrrrrc
575 4441 651 4514 Ὦχον
670 4466 717 4513 pro
735 4444 853 4516 Ι11ῶχον],
871 4452 1002 4500 Damaseii
1021 4452 1051 4500 de
1066 4453 1144 4515 prior.
1164 4468 1188 4515 p.
1202 4448 1261 4511 335,
1281 4451 1558 4514 Anrpol.llb.1ncmor.
1574 4449 1598 4498 ll
1615 4447 1639 4498 ἵ.

345 4529 355 4560 ²
374 4536 540 4583 certissimum
560 4537 739 4586 testimonium
758 4537 817 4586 ludo
838 4539 950 4602 rapitur,
974 4537 1139 4600 quodetiam
1158 4540 1259 4586 tortium
1279 4538 1304 4586 Χ
1323 4535 1374 4587 313
1401 4539 1489 4587 similis
1508 4538 1640 4599 catalogus·

272 4628 377 4680 apparot
396 4620 438 4679 (rs.
458 4637 537 4684 surpra
555 4638 579 4685 p.
600 4621 645 4681 tl)
666 4624 713 4672 scd
734 4626 829 4673 mixtae
849 4634 875 4672 et
893 4625 936 4673 ille
953 4625 1113 4674 cruditionis.
1144 4625 1253 4674 indeed
1272 4624 1312 4673 1x
1325 4621 1385 4676 361.
1399 4623 1450 4678 362
1470 4624 1640 4686 Xenophanis

274 4704 492 4768 Empedoclisque
512 4724 599 4756 versus
619 4720 765 4759 manarunt.

344 4788 486 4856 ³eurrnpti
513 4795 625 4843 nominis
650 4796 756 4846 alteram
781 4806 879 4860 partem
902 4792 1022 4865 Στράτων
1044 4813 1099 4848 esse
1125 4808 1234 4848 corrstat.
1271 4792 1339 4846 Calli
1363 4813 1396 4848 ex
1419 4798 1546 4862 prioribus
1569 4799 1640 4847 velut

276 4872 421 4944 ΙΙοὶΙοράρος
440 4876 471 4926 τὰ
490 4883 542 4927 τῶν
561 4880 649 4949 ἀρχῶν
670 4885 780 4950 στοιχεῖα
799 4878 919 4950 ἀριθμοὺς
938 4882 1029 4936 καλεῖ
1047 4885 1174 4934 residuum
1194 4887 1318 4937 ridentur.
