3464 5586
292 323 333 388 42
540 324 569 372 ll
603 323 653 372 Dr:
672 320 940 373 PLUTARCHEAE
959 317 1145 369 EPITOMES
1163 313 1399 366 EDl'l'IONlBUS

292 493 499 558 Plutarchum
508 490 746 558 emendandum
754 487 924 554 contulerit
932 486 1028 552 homo
1039 485 1073 549 in
1085 483 1286 569 philosophis
1298 480 1429 549 minime
1441 480 1647 564 exercitatus,

291 595 358 661 fieri
382 615 447 661 non
475 601 582 679 potest
610 592 687 676 quin
713 590 813 657 divini
843 589 929 654 illius
955 587 1076 670 ingenii
1099 586 1287 657 felicitatem
1309 602 1375 661 non
1398 590 1567 655 laudemus
1589 585 1648 650 sed

291 697 494 763 admiremur.
529 696 672 762 concedo
687 712 839 777 magnam
855 696 980 775 partem
996 689 1250 758 coniecturarum
1268 701 1390 763 temere
1411 697 1528 773 fusam,
1551 688 1650 765 maio·

293 819 359 864 rem
381 818 402 863 a
423 797 584 883 prioribus
606 803 825 882 praereptam,
850 791 1003 878 plurimas
1025 812 1047 856 a
1068 792 1255 860 melioribus
1277 797 1367 864 libris
1389 799 1493 884 (utin
1515 803 1649 870 Placitis

290 920 312 965 a
332 898 531 985 Musqucnsi)
554 898 758 965 confirmatas
785 917 873 981 esse,
903 900 1027 960 restant
1055 900 1104 959 tot
1135 902 1168 960 θῖ
1193 897 1291 982 tales,
1320 907 1355 966 ut
1386 907 1419 966 ct
1445 904 1650 970 multitudine

291 1010 324 1068 θῖ
350 1004 528 1086 sagacitate
557 1000 732 1084 quemlibet
761 998 856 1064 facile
890 997 1073 1062 antecellat.
1108 998 1194 1082 quod
1223 1020 1265 1066 ne
1292 1009 1414 1070 temere
1442 1024 1494 1070 me
1523 1006 1650 1088 opinari

292 1113 395 1190 putes,
419 1105 579 1189 perlustra
601 1102 757 1168 Hercheri
784 1098 1028 1166 luculentissimi
1056 1098 1287 1168 existimatoris
1317 1106 1469 1172 volumen
1499 1108 1649 1191 primum:

289 1205 412 1274 centies
427 1206 559 1272 Reiskei
581 1211 691 1270 notam
712 1202 867 1284 invenies,
890 1200 1039 1283 sexagies
1062 1200 1130 1267 fere
1145 1223 1264 1269 nomen
1286 1206 1355 1272 eius
1375 1207 1447 1292 viri,
1470 1210 1525 1292 qui
1547 1216 1649 1276 totam

292 1311 391 1375 vitam
415 1308 590 1374 Plutarcho
613 1304 817 1373 emendando
847 1311 879 1370 et
906 1303 1098 1368 illustrando
1121 1303 1338 1375 dedicaverat
1384 1311 1443 1376 sed
1463 1312 1650 1396 priusquam

293 1410 623 1495 Wyttenhachianam
650 1405 836 1489 aggrediar,
868 1404 1033 1469 laudanda
1059 1412 1109 1471 est
1140 1404 1214 1471 Chr.
1237 1408 1365 1477 Daniel.
1393 1412 1532 1479 Bechii
1558 1416 1651 1481 scdu-

292 1514 375 1578 litas.
410 1512 464 1595 qui
494 1509 685 1576 Corsiniana
714 1507 853 1572 maxime
883 1514 916 1571 et
936 1506 1123 1573 Rciskeana
1151 1529 1228 1573 usus
1250 1509 1424 1577 editionem
1447 1516 1651 1599 compendia·

291 1616 371 1680 riam
408 1613 484 1680 feeit
512 1611 603 1677 hrevi
633 1610 845 1677 adnotatione
877 1608 1006 1674 adiecta
1037 1609 1125 1693 Lips.
1150 1612 1241 1676 1787.
1277 1613 1348 1694 quis
1374 1617 1485 1683 credat
1512 1619 1649 1685 eundem

294 1717 348 1801 qui
373 1715 528 1798 optimum
550 1713 692 1779 codicem
707 1713 736 1777 A
752 1732 817 1776 non
833 1712 937 1775 solum
959 1712 1174 1795 excerpsisset
1195 1715 1253 1779 sed
1276 1714 1373 1780 etiam
1396 1726 1482 1785 recte
1504 1721 1653 1786 aestima·

291 1820 407 1901 visset,
436 1818 569 1898 vulgata
591 1815 796 1898 acquiescere
818 1813 991 1881 maluisse?
1012 1835 1077 1879 non
1099 1816 1189 1881 nulla
1211 1824 1320 1883 tamen
1342 1817 1411 1885 eius
1432 1820 1561 1903 ingenio
1584 1825 1652 1889 lau·

290 1922 439 1987 (labiliter
461 1917 647 2002 excogitata
669 1924 753 2000 sunt,
783 1936 866 1999 quae
882 1916 1046 1999 pueriliter
1069 1938 1168 2002 saepe
1191 1919 1341 2002 peccarit,
1365 1927 1473 1989 tacere
1495 1933 1650 2006 praestat

364 2023 432 2087 Iam
449 2041 526 2087 vcro
541 2021 660 2086 Daniel
676 2018 1007 2105 wyttenbachius
1023 2027 1097 2102 post
1111 2021 1309 2087 indefessum
1325 2023 1465 2106 quinque
1480 2027 1651 2093 lustrorum

291 2127 437 2192 laborem
453 2123 661 2189 Plutarchum
676 2122 731 2187 diu
748 2128 972 2206 exspectatum
988 2120 1099 2205 edidit,
1123 2123 1213 2188 cuius
1236 2131 1258 2188 t.
1273 2124 1317 2189 IV
1334 2125 1461 2191 Placita
1483 2129 1652 2196 continens

290 2229 408 2312 prodiit
432 2227 525 2290 1797.
555 2231 686 2309 praeter
707 2225 889 2291 versionem
912 2224 1045 2288 latinam
1070 2231 1226 2307 quotquot
1248 2233 1314 2291 tum
1336 2233 1415 2293 nota
1439 2236 1533 2296 erant
1552 2252 1651 2298 mann

289 2331 410 2414 scripta
424 2329 595 2396 versiones
611 2327 770 2394 editiones
787 2325 1030 2393 emendationes
1045 2334 1200 2410 excerpta
1211 2328 1355 2394 subiecit.
1379 2330 1489 2396 nescio
1504 2332 1581 2414 quid
1595 2335 1651 2401 alii

292 2435 443 2516 sentiant,
465 2471 508 2480 -—
531 2454 637 2516 neque
659 2433 701 2498 de
723 2428 838 2496 ceteris
860 2428 1011 2494 iudicium
1034 2427 1103 2494 fero
1120 2430 1208 2494 —in
1231 2430 1409 2498 subditiciis
1431 2440 1539 2500 autem
1562 2435 1652 2502 libris

290 2537 479 2620 praesertim
507 2537 542 2601 in
571 2535 705 2601 Placitis
733 2533 833 2598 multo
862 2530 967 2595 minus
996 2531 1173 2614 praestitit,
1208 2552 1304 2614 quam
1338 2541 1371 2599 et
1398 2535 1510 2602 debuit
1533 2537 1589 2604 ille
1618 2547 1651 2605 et

291 2640 403 2722 potuit.
435 2640 480 2704 nil
503 2639 575 2704 dico
598 2638 640 2704 ‹le
661 2635 782 2718 ingenii
804 2633 979 2716 felicitate,
1006 2653 1089 2717 quae
1117 2653 1222 2716 neque
1249 2633 1327 2699 data
1353 2643 1403 2700 est
1430 2637 1561 2706 cuilibet
1588 2662 1649 2708 nec

290 2749 448 2825 perpetua
470 2761 542 2808 esse
565 2743 663 2824 solet,
686 2746 721 2804 at
743 2735 894 2802 iudicium
917 2735 1076 2819 desidero,
1099 2736 1186 2819 quod
1206 2736 1240 2800 in
1262 2735 1403 2804 Reisheo
1424 2759 1491 2805 non
1512 2741 1647 2811 infuisse

291 2845 362 2927 ipse
385 2843 656 2928 vituperaveratl
679 2863 710 2925 p.
727 2859 834 2902 oxxrx.
858 2856 901 2901 an
916 2837 996 2902 illud
1012 2846 1061 2904 cst
1074 2836 1237 2922 iudicium,
1259 2838 1432 2920 quodcum
1446 2841 1649 2928 Mosquensis

290 2947 480 3029 scripturam
505 2947 600 3012 toties
622 2943 830 3024 adscriberet,
852 2939 1002 3005 eximiam
1025 2940 1095 3005 eius
1110 2937 1343 3023 praestantiam
1363 2948 1517 3025 tanquam
1540 2946 1648 3030 lippus

289 3049 378 3112 nullo
412 3049 507 3113 modo
538 3045 727 3131 perspexit?
760 3049 932 3125 praeterea
962 3043 1154 3107 selectarum
1188 3041 1362 3107 lectionum
1398 3043 1647 3131 haudquaquam

291 3159 380 3216 certa
402 3158 451 3216 est
475 3149 565 3231 fides,
589 3148 675 3231 quod
698 3147 739 3210 de
755 3143 910 3209 Parisinis
929 3142 1092 3210 codicibus
1106 3162 1127 3207 a
1142 3144 1259 3209 Trevio
1276 3145 1297 3210 l.
1312 3165 1339 3210 c.
1363 3147 1518 3213 monitum
1540 3150 1647 3217 video.

289 3260 542 3319 consentaneum
565 3258 614 3317 est
636 3247 884 3314 eruditissimum
901 3244 1064 3311 hominem
1078 3245 1167 3310 haud
1181 3265 1286 3329 pauca
1301 3248 1431 3330 egregie
1447 3246 1647 3320 emendasse.

289 3353 346 3417 sed
363 3373 467 3435 neque
482 3360 608 3420 tanturn
630 3350 776 3434 profecit,
799 3354 953 3430 quantum
971 3348 1152 3430 exspectari
1167 3356 1295 3432 poterat
1317 3358 1350 3415 et
1372 3351 1429 3416 tali
1453 3355 1648 3421 verecundia

290 3464 388 3538 atque
411 3457 494 3523 adeo
519 3453 689 3520 timiditate
712 3451 873 3536 proponit,
896 3458 932 3515 ut
952 3449 1013 3533 ipsi
1037 3449 1161 3515 diffisus
1183 3471 1255 3517 esse
1278 3471 1376 3535 saepe
1399 3453 1557 3521 videatur.

380 3560 459 3622 Post
474 3556 759 3622 Tauchnituianam
776 3553 940 3637 perpetuis
956 3552 1042 3636 typis
1058 3573 1077 3617 e
1093 3552 1388 3637 Wyttenhachiana
1411 3575 1477 3621 non
1499 3557 1647 3642 imperite

287 3678 474 3742 expressam
498 3659 610 3724 rrldrno
634 3660 705 3723 loco
727 3656 904 3721 Didctiana
927 3655 1126 3720 nominanda
1148 3663 1206 3720 est.
1236 3655 1404 3721 Moralium
1429 3665 1451 3724 ῖ.
1474 3659 1506 3724 Il
1529 3661 1648 3743 prodiit

288 3762 421 3828 Parisiis
438 3763 529 3828 1856.
563 3760 755 3826 Duebnerus
770 3757 1066 3843 Wyttenhachiana
1083 3778 1159 3822 usus
1175 3764 1234 3841 est,
1262 3760 1415 3841 quemad
1432 3759 1526 3827 Conti
1547 3783 1646 3847 appa·

288 3869 390 3927 ratum
414 3864 586 3947 praecipue
609 3863 652 3927 ad
675 3862 698 3927 (l
722 3862 839 3944 [Paris.
859 3861 899 3942 E]
923 3860 1062 3926 correxit
1085 3861 1168 3924 ultra
1191 3860 1336 3925 codicum
1360 3861 1549 3945 scripturam
1573 3885 1646 3932 raro

288 3984 486 4046 progressus.
525 3985 565 4031 ca
588 3964 712 4028 ratione
735 3965 837 4028 multa
859 3962 1042 4044 castigavit,
1066 3962 1159 4046 plura
1181 3963 1384 4046 profecturus
1406 3965 1467 4029 nisi
1491 3973 1523 4031 θῖ
1546 3967 1646 4032 otium

286 4064 442 4130 defuisset
464 4075 496 4133 θῖ
519 4066 668 4133 editionis
689 4065 870 4130 institutum
893 4064 1120 4148 prohibuisset.

364 4168 442 4233 Post
459 4171 543 4235 tales
555 4176 690 4234 conatus
703 4167 730 4232 si
741 4167 819 4231 mihi
834 4187 940 4249 neque
951 4166 1081 4248 ingenio
1093 4187 1198 4250 neque
1210 4168 1390 4234 eruditione
1403 4189 1474 4233 cum
1486 4168 1552 4235 illis
1564 4190 1648 4237 com·

288 4270 435 4351 parando
451 4271 617 4353 aliquantu
634 4272 728 4354 plura
743 4269 918 4334 emendare
933 4269 1077 4352 contigit,
1099 4269 1203 4335 omnis
1220 4271 1291 4336 laus
1306 4269 1366 4336 erit
1381 4271 1414 4335 in
1430 4271 1645 4339 subsidiorum

287 4377 375 4436 recto
398 4393 468 4456 usu,
491 4373 607 4455 quiex
634 4372 694 4436 hac
717 4371 758 4436 de
781 4371 945 4436 Plutarchi
967 4371 1121 4436 memoria
1143 4371 1369 4456 disquisitione
1390 4372 1576 4438 utilissimus
1599 4397 1647 4442 re

286 4471 443 4538 dundavit
476 4473 607 4539 fructus.
658 4475 722 4538 duo
764 4481 872 4538 autem
906 4480 980 4537 sunt
1013 4473 1201 4539 recensendi
1235 4472 1400 4537 Plutarchi
1433 4473 1647 4542 instrumenta

231 4577 238 4587 ’
286 4610 328 4618 -
344 4583 473 4657 practer
489 4574 638 4640 similium
658 4575 812 4642 librorum
829 4584 863 4641 ut
879 4575 1012 4641 Stobaei
1028 4576 1227 4658 aliorumque
1242 4574 1515 4658 comparationem
1531 4577 1647 4658 quibus

287 4677 433 4741 dextram
457 4678 611 4761 cuiusque
634 4677 776 4762 paginae
799 4684 924 4761 partem
947 4677 1107 4743 destinavi
1130 4713 1173 4724 -
1195 4696 1293 4740 unum
1316 4674 1476 4742 recentius
1498 4697 1539 4743 ex
1562 4679 1648 4745 codi-

287 4778 377 4842 cibus
400 4781 585 4863 petendum,
610 4780 694 4845 inter
710 4801 790 4861 quos
805 4779 889 4844 ABC
905 4780 1083 4864 archetypo
1101 4779 1265 4863 proximos
1287 4799 1327 4844 ex
1350 4787 1529 4844 ceterorum
1552 4781 1647 4847 turba

286 4883 455 4964 segregavi
489 4892 521 4945 ct
555 4890 706 4946 accurate
732 4881 817 4945 infra
851 4882 980 4946 enotavi
1014 4880 1139 4945 omissis
1169 4885 1356 4969 plerumque
1389 4882 1648 4967 orthographicis
