3442 5588
618 286 755 337 ensem
774 284 913 338 nissen.
932 285 1101 341 ruinose
1478 287 1542 352 599

230 457 335 542 τρόπον
362 456 404 526 είς
430 456 497 526 τοὺς
519 454 835 540 Ἴωναςῒείσηγμένος
865 454 982 541 Θάλης
1009 460 1025 521 δ
1054 455 1217 544 Μιλήσιος,
1244 457 1281 522 δι’
1311 459 1343 523 δν
1369 459 1418 522 καὶ
1440 460 1492 544 τὴν

228 557 292 624 κατ’
320 559 429 623 ἐκεῖνον
451 560 622 644 φιλοσοφίαν
641 556 769 641 Ἰωνικὴν
792 557 914 629 ἅπαντες
937 560 1137 642 ὀνομάζουσιν.
1174 562 1278 625 τούτου
1300 561 1334 624 δὲ
1348 563 1491 646 γνώριμος

227 661 494 746 Ἀναξίμανδρος
522 667 647 746 γεγονὼς
677 663 786 746 δμοίως
808 662 976 745 φιλοσοφῶν
998 663 1096 745 γέγονε
1124 665 1171 726 καί
1198 665 1248 727 τὸν
1267 661 1492 747 Ἀναξιμένην

232 765 305 848 μετὰ
326 769 417 829 ταῦτα
440 765 574 849 ζηλωτὴν
595 764 667 829 εἶναι
690 770 742 850 τῆς
763 765 854 828 αὑτοῦ
868 764 1065 850 προαιρέσεως
1079 769 1247 849 πεποιηκὼς
1258 762 1492 849 Ἀναξαγόρου

198 866 400 952 οκαδηγητὴν
432 866 568 949 γενέσθαι
597 868 822 952 παρεσκεύασεν.
867 866 951 936 οὗτος
981 868 1014 930 δὲ
1042 868 1096 951 τὴν
1128 867 1259 952 Μίλητον
1289 869 1492 937 ἀπολελοιπὼς

233 971 302 1055 ἡκεν
324 971 366 1040 είς
389 969 440 1039 τὰς
458 966 585 1053 Ἀθήνας
608 969 656 1032 καὶ
675 966 866 1054 Ἀρχέλαον
888 970 938 1033 τὸν
956 966 1111 1053 Ἀῦηναῖυν
1134 976 1248 1056 πρῶτον
1264 971 1304 1041 εἰς
1319 969 1492 1056 φιλοσοφίαν

234 1070 450 1157 παρῶρμηίσεν.
501 1069 591 1156 οὗπερ
627 1071 817 1156 Σωκράτης
850 1072 995 1156 ἀκροατὴς
1027 1072 1172 1142 καταστὰς
1205 1076 1323 1143 πολλοῖς
1356 1074 1404 1136 καὶ
1436 1078 1495 1135 τῶν
1508 1091 1544 1130 ιω

233 1175 351 1261 ὕστερον
378 1174 536 1258 γεγονότων
563 1175 612 1238 καὶ
640 1178 698 1237 τῶν
726 1171 789 1238 κατ’
815 1174 904 1238 αὐτὸν
929 1172 1019 1244 αἴτιος
1046 1178 1098 1238 τοῦ
1130 1176 1297 1261 φιλοσοφεῖν
1332 1177 1493 1260 εἰλικρινῶς

232 1277 332 1360 γέγονε
353 1277 402 1340 καὶ
423 1277 489 1347 τοὺς
518 1275 735 1360 ἐπιγενομένους
761 1277 868 1362 σχεδὸν
895 1276 1023 1346 ἅπαντας
1051 1279 1091 1347 ῶς
1119 1276 1209 1340 εἰπεῖν
1237 1278 1409 1363 φιλοσοφίας
1434 1277 1493 1341 ἐπι-

192 1398 214 1435 1⁰
233 1378 365 1462 ουμητὰς
404 1379 544 1465 ἀπέφηνε
596 1381 655 1441 τῶν
687 1380 720 1443 δὲ
758 1377 953 1466 Σωκρατικῶν
991 1381 1107 1442 πολλῶν
1143 1379 1301 1464 γεγονότων
1337 1380 1493 1464 ἀναγκαῖόν

232 1483 293 1546 ἐστι
315 1486 365 1546 νῦν
388 1482 475 1564 μόνον
497 1482 676 1566 ποιησασδαι
692 1483 808 1567 μνήμην
822 1486 881 1546 τῶν
896 1481 1036 1568 διαδοχὴν
1052 1483 1312 1547 καταλελοιπότων.
1346 1483 1492 1548 Πλάτων

232 1586 324 1649 τοίνυν
359 1587 484 1668 μάλιστα
516 1587 692 1670 διενηνοχῶς
724 1588 783 1648 τῶν
817 1583 914 1650 ἄλλων
939 1583 1024 1668 (τῶν)
1052 1582 1100 1647 ἐπὶ
1131 1587 1303 1671 φιλοσοφίαν
1336 1586 1492 1664 ἐλθόντων,

230 1691 271 1756 ῶς
299 1687 333 1750 eis
358 1687 432 1772 φαίη
459 1711 511 1767 τις,
533 1686 726 1771 ἀνεπίφθονον
752 1689 806 1773 την
833 1687 1022 1772 Σωκρατικὴν
1045 1688 1202 1772 μαρτυρίαν
1220 1693 1417 1775 παρεσχηκὼς
1441 1694 1494 1775 τῆς

234 1790 358 1875 ἀρχαίας
395 1791 552 1875 λεγομένης
588 1790 752 1873 ἀκαδημίας
789 1791 913 1876 κατῆρξε
950 1789 1210 1877 [διαβεβοημένοςλ
1265 1790 1491 1861 Σπεύσιππος

193 1912 216 1950 ιι
235 1892 287 1974 μὲν
309 1890 360 1957 οὖν
382 1893 487 1979 χρόνον
508 1893 572 1956 τινὰ
594 1894 704 1979 βραχὺν
727 1894 774 1958 ἐπί
796 1898 849 1979 τῆς
870 1891 960 1957 αδτοδ
982 1893 1122 1978 αἱρέσεως
1144 1895 1375 1977 διαμεμενηκῶς,
1396 1894 1493 1978 άρορι-

232 2000 321 2064 τικοῖς
351 1996 384 2058 δὲ
411 1997 554 2080 νοσήμασι
588 2000 750 2081 περιπεσὼν
772 1995 998 2082 Ξενοκράτην
1029 1993 1091 2061 ἀντ’
1123 1994 1214 2060 αδτυδ
1243 1996 1404 2081 κατέστησε
1432 2000 1491 2061 τῶν

231 2097 466 2163 Πλατωνικῶν
490 2100 640 2182 δογμάτων
667 2097 818 2184 ἐξηγητήν.
863 2099 936 2183 μετὰ
958 2100 991 2163 δὲ
1012 2103 1113 2163 τοδτον
1136 2097 1305 2182 Πολέμων
1320 2099 1343 2182 †
1359 2100 1421 2163 ἐπεὶ
1443 2100 1493 2163 καί

232 2201 268 2287 ἦν
291 2201 379 2271 αδτδς
405 2202 452 2266 ἐπὶ
481 2201 548 2270 τοὺς
569 2201 671 2283 λόγους
695 2206 748 2265 τοῦ
770 2201 956 2273 Πλάτωνος
978 2202 1027 2266 καί
1049 2199 1251 2287 Κράντορος
1274 2202 1373 2286 γέγονε
1399 2202 1491 2287 καδη·

231 2307 332 2389 γητής,
353 2305 394 2374 είς
412 2305 444 2368 δν
460 2303 613 2389 κατέληξεν
634 2306 654 2388 ἡ
678 2304 789 2390 ἀρχαία
811 2306 970 2390 ἀκαδημία.
1005 2309 1057 2369 τοδ
1079 2305 1113 2368 δὲ
1132 2301 1333 2390 Κράντορος
1348 2305 1493 2407 άκουστης

187 2426 212 2463 κο
229 2406 265 2491 ἧν
295 2404 537 2491 Ἀρκεσίλαος,
577 2408 610 2476 ὃς
648 2407 701 2491 τὴν
739 2407 830 2491 μέσην
861 2409 1027 2492 ἀκαδημίαν
1061 2406 1258 2491 έπινενόηκεν,
1293 2410 1356 2494 ἥτις
1390 2408 1492 2494 μέχρις

178 2513 302 2520 -—--.-.—
314 2513 377 2520 ...-

179 2541 294 2615 Μίλητον
312 2545 460 2598 καταλιπὼν
478 2546 517 2598 ἐπὶ
536 2546 580 2603 τὰς
603 2542 708 2614 Ἀθήνας
729 2542 833 2613 ὥρμησε
880 2545 962 2612 pules
974 2547 1067 2614 sectus
1084 2546 1227 2599 mulsorum
1245 2550 1270 2601 N
1289 2546 1305 2615 ΙΙ
1325 2548 1340 2601 9
1358 2549 1416 2607 τοὺς
1429 2566 1480 2600 om.
1492 2551 1515 2601 B
1526 2547 1540 2616 ΙΙ

181 2635 224 2685 καὶ
243 2630 400 2702 Ἀρχαιόλαόν
423 2635 452 2698 [l.
471 2630 615 2702 Ἀρχέλαόν]
632 2650 687 2684 τινα
704 2628 833 2701 Ἀθηναῖον
888 2635 916 2686 11
930 2637 973 2686 νῦν
986 2653 1036 2687 om.
1050 2635 1099 2687 BN
1111 2631 1124 2702 ΙΙ
1136 2631 1220 2701 μόνων
1234 2639 1265 2687 ei.
1278 2638 1379 2689 Usener
1389 2633 1404 2705 ΙΙ
1414 2641 1467 2688 τῶν
1476 2635 1542 2688 κατά

180 2720 239 2773 ὄντα
259 2722 292 2779 τίς
309 2721 352 2773 τὸν
370 2720 445 2772 αὑτὸν
463 2725 509 2790 της
527 2719 672 2789 φιλοσοφίας
691 2718 766 2789 ζῆλον
784 2719 834 2772 ένέ-
885 2718 1004 2790 διαδοχὴν
1022 2720 1174 2774 λαλοιπότων
1194 2723 1256 2774 AB:
1276 2740 1341 2775 eorr.
1360 2726 1469 2776 Usener.
1497 2725 1543 2789 qus·

181 2807 263 2875 βαλεν,
282 2807 309 2860 ὃν
327 2808 358 2879 δὴ
377 2811 420 2861 καὶ
439 2806 577 2878 Σωκράτης
595 2806 742 2860 διδάσκαλον
760 2806 836 2877 έσχη-
883 2810 1141 2875 permansionem
1164 2809 1444 2874 discemtaverunsii
1469 2808 1482 2877 ΙΙ
1509 2809 1541 2863 12

179 2894 234 2953 κὼς
252 2893 359 2955 πολλοὺς
376 2903 429 2948 τῶν
447 2893 507 2947 κατ’
528 2895 608 2948 έκεῖνο
632 2896 722 2966 χρόνου
745 2894 835 2965 intpp·
887 2895 1018 2966 διενηνοχὴ
1036 2898 1058 2948 Β
1074 2893 1088 2964 ΙΙ
1101 2900 1175 2961 (τῶν)
1193 2901 1300 2950 inseruit
1311 2898 1415 2964 Sauppe
1430 2893 1445 2964 ΙΙ
1459 2892 1542 2949 έλδῶν

179 2979 837 3050 κόντισε...μεθ’δν[Ρ1αίυυυαι]κα1Σττεόσιππος
887 2986 949 3036 AB:
978 3002 1044 3037 corr.
1072 2989 1172 3057 Usener
1199 2981 1215 3054 ΙΙ
1245 2985 1277 3039 13
1306 2981 1469 3053 ἀνεπίφθονον
1495 2982 1542 3052 τὴν

178 3069 231 3121 εἶτα
251 3065 407 3139 Ξενοκράτης
430 3069 484 3124 ἀντ’
506 3069 584 3123 αὐτοῦ
606 3072 706 3140 ταχέως
723 3070 766 3122 τὸν
785 3069 837 3139 βίον
887 3074 922 3124 B:
942 3070 971 3124 δν
989 3068 1123 3140 έπίφοονον
1140 3075 1202 3136 (om.
1215 3072 1271 3141 τὴν)
1285 3075 1310 3123 A
1324 3068 1339 3141 ΙΙ
1355 3073 1387 3125 14
1400 3068 1543 3140 κατήρξατο

180 3154 346 3226 παρελθόντος
373 3163 425 3210 τῶν
448 3155 622 3211 Πλατωνικῶν
644 3157 776 3226 δογμάτων
798 3157 837 3226 γέ·
888 3162 911 3212 Β
943 3156 957 3228 ΙΙ
988 3159 1181 3229 διαβιβοημένος
1208 3164 1337 3228 glossema
1364 3162 1434 3211 vocis
1463 3156 1541 3227 διενη-

178 3263 248 3313 γονεν
271 3242 408 3315 ἐξηγητής,
436 3244 489 3298 εἶτα
512 3243 635 3314 Πολέμων
662 3246 706 3298 καὶ
728 3240 837 3313 Κάντωρ
888 3246 971 3317 νοχῶς
988 3246 1206 3301 v.12notevitD
1219 3250 1250 3299 ei.
1262 3249 1334 3300 l’roi.
1346 3266 1372 3314 p.
1380 3245 1440 3300 244.
1458 3245 1541 3315 διαβι-

178 3333 253 3397 [sie],
278 3332 312 3390 είς
337 3332 365 3385 ὃν
387 3333 404 3402 ἡ
427 3332 519 3404 ἀρχαία
542 3331 678 3402 κατέληξεν
699 3329 837 3402 Ἀκαδημία
890 3334 1015 3405 βοημίνης
1033 3352 1124 3388 censor
1141 3337 1213 3402 Lips.
1226 3337 1270 3401 qui
1282 3337 1399 3387 relietum
1411 3337 1438 3386 id
1450 3351 1483 3386 ex
1496 3336 1542 3386 sd·

181 3421 225 3472 κα1
244 3418 270 3478 ὃς
288 3419 335 3488 τὴν
353 3419 432 3489 μέσην
450 3416 601 3491 Ἀκαδημίαν
624 3419 735 3489 ἐξεῦρεν,
757 3416 786 3470 οὗ
805 3417 836 3487 δὴ
889 3425 948 3474 ditis
958 3420 1251 3491 εἰὶηυοιυόάκαδημίας
1261 3424 1346 3473 verbis
1356 3418 1542 3489 existimebstss

178 3508 223 3560 καὶ
242 3503 388 3577 Καρνεάδης
406 3507 533 3577 ἀκροατής
618 3508 681 3576 μετὰ
697 3504 838 3566 δὲτοίιτους
891 3508 923 3562 15
946 3508 1024 3562 αὐτοῦ
1046 3512 1082 3562 B:
1110 3506 1188 3578 αὑτῆς
1210 3511 1249 3561 A:
1275 3511 1303 3561 ι’τι
1321 3510 1371 3562 δυσ
1389 3511 1415 3561 N
1443 3506 1457 3576 ΙΙ
1483 3524 1542 3578 προ-

178 3590 354 3664 Κλειτόμαχος
377 3595 460 3664 γέγονε
479 3595 611 3665 φιλόσοφος
629 3596 673 3648 καὶ
692 3591 777 3647 Φίλων
794 3595 839 3647 καὶ
888 3598 1041 3668 αιρέσεωςΒ
1059 3599 1090 3650 ω’.
1109 3612 1187 3662 ευρτε
1204 3597 1258 3648 ν.4
1279 3593 1293 3664 ΙΙ
1312 3592 1469 3666 ἀρθριτικοὺς
1485 3597 1508 3648 Β
1526 3591 1542 3664 ΙΙ

176 3679 299 3752 Ἀντίοχος
385 3683 448 3751 μετὰ
466 3682 492 3735 ei
510 3681 612 3742 τοδτους
631 3683 794 3747 [Cleanthem
812 3692 839 3735 et
889 3685 922 3740 16
941 3690 1007 3738 νοσεῖ
1023 3693 1152 3748 extremo,
1170 3682 1293 3753 νοσήμασι
1310 3688 1448 3751 incipiente
1466 3700 1543 3736 versu

177 3772 361 3837 Chrysippum]
379 3767 496 3840 Διογένης
514 3771 558 3823 καί
575 3771 620 3834 [σί.
632 3773 665 3821 ad
684 3768 779 3836 φ.600,
793 3769 838 3834 10]
887 3775 913 3823 A
933 3769 948 3842 ΙΙ
967 3771 1050 3825 πεσῶν
1067 3772 1090 3823 Β
1104 3767 1119 3839 ΙΙ
1134 3770 1166 3823 17
1185 3767 1325 3840 Πολέμωνα
1337 3774 1385 3824 BN
1399 3769 1414 3839 ΙΙ
1427 3772 1481 3823 ἐπεὶ
1499 3773 1542 3824 καὶ

177 3853 340 3926 Βαβυλώνιος
363 3859 406 3910 καὶ
424 3855 579 3927 Ἀντίπατρος
597 3858 640 3909 καὶ
659 3855 719 3927 πρδς
741 3854 838 3914 τοὺτοις
888 3858 920 3929 ην
943 3858 1017 3918 αὐτὸς
1039 3860 1077 3910 A:
1103 3857 1155 3910 έπεὶ
1177 3858 1222 3910 καί
1244 3856 1318 3917 αδτδς
1336 3857 1368 3928 ην
1384 3861 1421 3911 B:
1444 3860 1488 3912 καί
1510 3858 1542 3928 ἦν

177 3941 341 4004 Ποσειδώνιος
365 3946 410 3998 καὶ
436 3942 589 4014 Ἀρίστιππος
615 3942 629 3996 δ
656 3940 797 4013 Κυρηναῖος
821 3941 836 4013 ΙΙ
886 3933 944 4000 δῖοι
967 3950 1011 4010 (ιε,
1031 3956 1136 4013 querius
1160 3944 1264 3997 sehoiee
1282 3948 1440 4010 moderator)
1463 3951 1541 4000 inter·

176 4039 277 4101 πρῶτον
287 4035 309 4085 Β
321 4030 334 4101 Η
343 4033 479 4100 physicum
488 4032 593 4084 modum
604 4035 629 4084 N
641 4028 654 4098 li
667 4032 681 4084 1
692 4031 835 4100 εἰσηγμένος
885 4037 1001 4102 polutum
1014 4035 1089 4085 duxit
1101 4035 1210 4096 Usener,
1223 4036 1290 4086 unde
1304 4035 1408 4102 Sauppe
1418 4031 1542 4103 Πολέμων

176 4123 238 4173 AB:
259 4118 576 4190 πρῶτος-ὑπειλημμένος
595 4123 665 4171 uncis
685 4122 788 4171 inclusit
799 4120 834 4181 1),
886 4121 963 4187 [ἐπεὶ]
972 4118 1060 4190 κατῄει
1069 4107 1159 4186 [δῖ-θη,
1173 4138 1265 4172 censor
1273 4124 1343 4189 Lips.
1352 4118 1474 4190 Πολέμων
1483 4123 1541 4175 έπο·

177 4211 281 4275 Sauppe
305 4211 355 4260 hoe
379 4211 476 4260 reiecto
494 4203 672 4277 είσηγήσασοαι
691 4209 832 4273 proposuit,
884 4205 960 4278 ρε1οη
979 4208 1023 4260 καὶ
1042 4206 1129 4273 αὐτός,
1147 4209 1289 4260 Buecheler
1307 4207 1378 4278 ἐπῄει
1397 4211 1440 4262 καὶ
1458 4208 1540 4269 αὐτὸς.

177 4314 269 4347 censor
299 4298 442 4363 Lipsiensis
472 4294 611 4364 είσηγέναι,
642 4297 710 4359 quod
741 4298 832 4345 ceteris
883 4308 953 4351 tento
972 4293 1092 4366 έπετιλίοη
1112 4306 1157 4349 sut
1174 4292 1303 4365 έπεκληδη
1323 4297 1366 4348 καὶ
1385 4296 1459 4357 αὐτὸς
1478 4295 1492 4366 ΙΙ
1509 4299 1542 4351 18

175 4393 290 4451 praestet
306 4387 337 4435 ci.
356 4382 524 4452 εἰσαγαγόντες
542 4401 566 4449 μ
580 4382 640 4445 508,
652 4382 684 4436 18
696 4391 723 4433 et
735 4401 760 4449 p·
771 4381 832 4445 610,
884 4381 1017 4455 Κράτητος
1034 4382 1078 4435 καὶ
1095 4392 1155 4436 ente
1168 4378 1311 4453 Κράντορος
1328 4389 1356 4437 in
1374 4386 1450 4436 codd.
1463 4388 1541 4437 omis·

176 4471 201 4524 3.
215 4474 232 4525 4
248 4470 261 4540 ΙΙ
280 4472 296 4524 2
316 4469 462 4540 φιλοσοφίαν
480 4473 513 4522 eb
533 4473 650 4523 Usenero
669 4471 832 4521 emendatum
885 4492 941 4525 sum
959 4490 1014 4525 esse
1032 4473 1086 4523 veri
1105 4473 1188 4523 simile
1200 4474 1231 4524 ci.
1243 4475 1313 4525 Psoi.
1333 4492 1357 4540 p.
1372 4470 1423 4524 244
1439 4469 1451 4540 Η
1467 4471 1540 4541 κράν-

175 4561 328 4612 confirment
338 4560 385 4611 BN
392 4578 398 4609 ι
412 4558 500 4626 σοφίαν
509 4561 534 4609 A
545 4554 559 4626 ΙΙ
570 4557 596 4610 ei
605 4575 655 4610 om.
665 4559 687 4609 B
699 4554 712 4623 ΙΙ
724 4556 740 4611 3
750 4554 834 4624 ὅμοιος
1047 4604 1076 4642 η

175 4648 198 4699 Β
213 4643 226 4714 ΙΙ
241 4647 257 4699 4
270 4644 348 4698 αδτοῡ
359 4651 398 4697 A:
417 4642 535 4714 τοιαδτης
547 4648 581 4698 B:
602 4645 676 4698 ἰιίίυν
689 4649 714 4698 N
729 4644 742 4712 ΙΙ
757 4645 773 4699 5
785 4663 831 4697 κα·
883 4646 997 4713 τοροςΒτ
1015 4646 1084 4715 κραν’
1099 4648 1141 4698 hie
1151 4654 1177 4697 et
1187 4645 1219 4700 19
1229 4647 1253 4696 A
1262 4643 1276 4714 ΙΙ
1285 4643 1447 4714 γέγονε-19
1458 4639 1540 4712 Κράν·

175 4731 291 4803 οηγητὴν
300 4737 363 4786 AN:
374 4731 523 4803 μαθητηνΒ
535 4731 548 4802 Η
561 4735 576 4788 6
588 4732 630 4785 τὸν
639 4743 698 4786 ente
709 4730 832 4802 άργέλαον
883 4749 955 4800 τορος
965 4750 1015 4784 om.
1029 4735 1077 4785 BN
1090 4729 1102 4801 Η
1114 4729 1285 4802 καθηγητικός
1295 4739 1319 4786 A
1332 4729 1386 4801 ΙΙ10
1395 4729 1540 4801 άριιεσίλαος

176 4824 237 4874 AB:
256 4831 352 4888 trensp.
371 4824 396 4873 D
412 4817 425 4889 ΙΙ
440 4821 455 4873 7
474 4820 599 4880 καταστὰς
618 4819 717 4880 πολλοῖς
728 4823 752 4874 Β
763 4822 833 4888 quod
884 4818 910 4879 δς
920 4821 943 4872 Β
954 4824 1059 4872 uteoni.
1070 4822 1107 4872 D:
1125 4818 1268 4890 άργεσίλαος
1278 4839 1329 4875 orn.
1342 4819 1369 4880 δς
1383 4823 1408 4871 A
1420 4816 1432 4887 ίΙ
1444 4817 1539 4889 ἀκαδη-

176 4912 321 4961 conieeeret
333 4912 445 4963 Usener:
464 4908 530 4960 κατὰ
547 4907 592 4967 τὰς
610 4904 678 4962 rei*
693 4913 732 4961 A:
752 4908 832 4961 disei-
884 4906 943 4976 μίαν
953 4905 1108 4977 έπινενόηιιιν
1118 4903 1183 4965 όστις
1193 4908 1268 4980 μέχρι
1276 4913 1346 4980 σιγῆς
1356 4905 1540 4977 ἐπινενόηκτλι
