3464 5586
266 293 329 356 ‘214
497 293 578 341 xvrr
613 292 662 340 nn
683 289 931 342 vnrusronunr
949 289 1188 340 rnnorronuu
1208 287 1385 340 ronrmus

266 460 354 526 haud
382 467 514 526 cunctor
540 478 580 525 ex
608 456 745 523 vetustis
774 455 908 522 Placitis
934 455 1116 524 derivatum
1144 456 1295 524 arbitrari
1323 456 1410 540 quod
1435 477 1480 523 ne
1504 464 1627 525 temere

267 563 446 628 coniectum
469 562 584 628 credas
606 559 834 643 Asclepiadem
858 566 891 624 et
906 559 1115 626 Posidonium
1133 558 1329 625 Placitorum
1351 558 1545 625 novissimos
1558 558 1627 644 phi

266 663 421 748 losophos
443 664 509 729 illic
529 664 620 728 iuxta
641 661 765 746 positos
787 680 858 726 esso
882 670 1054 728 memento.
1088 663 1146 729 sed
1169 662 1307 728 certiora
1329 661 1384 726 vix
1406 660 1529 727 efficias
1550 661 1628 745 quia

268 766 383 849 quibus
409 765 522 832 rivulis
545 762 708 829 Macrobio
740 769 807 826 tam
833 763 937 846 proba
969 764 1107 830 materia
1129 763 1291 830 affluxerit
1312 763 1456 829 nondum
1478 762 1558 828 sctis
1579 769 1630 829 est

269 875 476 953 compertum.
512 865 657 933 eiusdem
680 864 869 931 eruditionis
897 865 1008 930 tenuia
1033 866 1173 948 vestigia
1198 865 1232 930 in
1254 863 1428 948 Philoponi
1456 863 1499 931 de
1518 864 1629 931 anima

268 977 384 1053 arguta
405 969 509 1053 magis
531 987 627 1051 quam
650 967 733 1032 scita
755 967 975 1050 disputatione
997 966 1218 1051 dispiciuntur.

311 1071 333 1135 f.
348 1072 418 1135 Α“ν
441 1073 486 1155 [p.
502 1071 536 1153 4]
560 1070 674 1136 Veuct.
699 1071 793 1135 1535.

355 1172 495 1238 Καθόλου
517 1173 551 1235 δὲ
573 1173 625 1254 τὴν
648 1174 746 1258 ψυχὴν
768 1174 796 1235 οἱ
820 1171 871 1254 μέν
894 1194 981 1256 φασιν
1003 1173 1158 1255 ἀσώματον
1181 1170 1263 1248 εἶναι,
1287 1175 1314 1235 οἱ
1338 1173 1371 1236 δὲ
1386 1176 1483 1254 σῶμα,
1505 1172 1628 1236 καὶτῶν

269 1283 366 1359 σῶμα,
390 1279 416 1339 οἱ
440 1277 492 1358 μὲν
514 1276 623 1337 ἁπλοῦν
647 1277 673 1338 oi
696 1277 729 1339 δὲ
751 1276 904 1345 σύνθετον,
927 1275 1055 1338 καὶτῶν
1079 1274 1282 1349 novissumi
1306 1276 1358 1358 μὲν
1381 1276 1415 1339 ἐκ
1437 1275 1628 1357 συνημμένων

269 1382 413 1461 σωμάτων
436 1381 462 1442 οἱ
486 1379 519 1440 δὲ
541 1379 722 1441 αἰσυνοίπτων.
753 1382 812 1441 τῶν
835 1379 867 1440 δὲ
890 1379 999 1440 ἁπλοῦν
1023 1382 1109 1458 σῶμα
1131 1377 1290 1461 εἰρηκότων
1312 1378 1366 1461 τὴν
1390 1378 1489 1462 ψυχὴν
1511 1376 1583 1441 εἶναι

355 1484 381 1543 oi
405 1483 457 1563 μὲν
479 1481 626 1565 εἰρήκασιν
649 1481 777 1565 αἰθέριον
793 1480 865 1544 εἶναι
881 1485 968 1561 σῶμα
990 1478 1107 1563 (ταύτὸν
1124 1480 1156 1542 δέ
1171 1480 1247 1543 ἐστιν
1262 1480 1352 1543 εἰπεῖν
1367 1476 1513 1564 οὐράνιον)
1529 1480 1629 1563 ὥσπερ

264 1583 490 1667 Ἡρακλείδης
512 1586 528 1647 ὁ
551 1583 700 1653 Ποντικός.

357 1686 383 1750 οἱ
407 1686 440 1748 δὲ
462 1689 518 1770 πῦρ
542 1689 583 1755 ὡς
599 1685 823 1770 Ἡράκλειτος
850 1683 950 1766 ἐπειδὴ
977 1684 1026 1747 καὶ
1053 1688 1110 1768 πῦρ
1137 1681 1233 1767 ἔλεγεν
1261 1683 1333 1746 εἶναι
1363 1684 1416 1768 τὴν
1445 1685 1541 1769 ἀρχὴν
1571 1688 1630 1747 τῶν

273 1788 373 1852 ὄντων.
400 1789 492 1856 οὕτως
514 1786 564 1850 οὖν
587 1788 635 1851 καὶ
658 1789 710 1871 τὴν
734 1788 831 1872 ψυχὴν
854 1787 956 1870 πυρίαν
979 1786 1050 1850 εἶναι
1073 1788 1120 1849 διὰ
1141 1788 1174 1848 τὸ
1196 1786 1353 1869 εὐκίνητον.

355 1893 382 1953 οἱ
407 1890 439 1952 δὲ
461 1890 560 1973 ἀερίαν
584 1893 624 1959 ὡς
643 1888 865 1971 Ἀναξιμένης
887 1890 938 1952 καί
958 1913 1031 1958 τινας
1053 1893 1112 1952 τῶν
1135 1888 1282 1952 Στωικῶν.

356 1996 382 2055 οἱ
407 1993 439 2055 δὲ
461 1991 490 2060 ἐξ
513 1993 616 2061 ὕδατος
639 1996 679 2061 ὡς
702 1990 819 2073 Θαλῆς
848 1993 896 2055 καί
917 1987 1042 2056 Ἵππων
1066 1995 1082 2057 ὁ
1105 1992 1225 2075 ἐπίκλην
1252 1990 1341 2060 ἄθεος
1368 1990 1469 2074 ἐπειδὴ
1496 1991 1550 2075 γὰρ
1578 1993 1632 2076 τὴν

270 2096 356 2177 γονὴν
379 2095 480 2176 ἑώρων
503 2093 533 2163 ἐξ
557 2096 644 2178 ὑγρᾶς
667 2092 756 2158 οὖσαν
779 2093 879 2163 οὐσίας
901 2094 948 2158 διὰ
970 2098 1055 2157 τοῦτο
1078 2097 1126 2159 καὶ
1150 2096 1227 2178 ὕδωρ
1254 2095 1306 2178 τὴν
1333 2094 1429 2177 ἀρχὴν
1455 2098 1514 2156 τῶν
1540 2093 1632 2158 ὄντων

271 2198 406 2278 ἐνόμισαν
430 2195 482 2278 [cf.
507 2196 604 2260 Arist.
627 2197 711 2260 loth
733 2196 766 2278 2]
790 2242 797 2258 .
822 2242 829 2258 .
853 2243 861 2259 .

357 2303 414 2361 τῶν
444 2299 476 2361 δὲ
507 2299 643 2362 σύνθετον
675 2303 762 2380 σῶμα
791 2299 992 2382 ὑπειληφύτων
1019 2302 1046 2362 ol
1076 2300 1128 2382 μὲν
1157 2297 1187 2366 ἐξ
1213 2298 1385 2361 ἀσυνάπτων
1412 2295 1564 2380 στοιχείων
1592 2301 1634 2367 ὡς

271 2402 489 2485 Δημόκριτος
512 2402 560 2463 καὶ
584 2400 781 2468 Λεύκιππος
805 2402 852 2464 καὶ
881 2403 982 2470 ἁπλῶς
1010 2403 1037 2464 οἱ
1064 2403 1100 2465 τὰ
1126 2400 1221 2482 ἄτομα
1251 2400 1421 2483 εἰσάγοντες.
1455 2396 1553 2482 ἔλεγον
1580 2400 1633 2481 μὲν

270 2505 324 2586 γὰρ
346 2504 441 2587 ἀρχὰς
461 2508 520 2566 τῶν
550 2501 640 2566 ὄντων
663 2503 698 2564 τὰ
721 2501 816 2584 ἄτομα
839 2503 888 2566 καί
910 2504 943 2566 τὸ
966 2505 1059 2567 κενόν.
1092 2502 1164 2567 είναι
1179 2502 1230 2567 οὐν
1245 2504 1297 2587 τὴν
1312 2504 1410 2588 ψυχὴν
1425 2502 1459 2565 ἐκ
1474 2506 1634 2587 σφαιρικῶν

271 2606 388 2688 ἀτόμων
412 2607 459 2668 διὰ
481 2607 514 2668 τὸ
536 2604 697 2686 εὐκίνητον.
736 2601 787 2690 [cf.
811 2604 945 2670 Aristot.
968 2606 1049 2670 404·
1072 2603 1113 2691 5].

358 2709 385 2769 οἱ
402 2708 434 2769 δὲ
450 2708 482 2771 ἐκ
499 2706 690 2791 συνημμένων
713 2710 753 2774 ὡς
776 2704 922 2790 Κριτίας
945 2711 961 2771 ὁ
983 2707 1024 2777 εἷς
1045 2713 1104 2771 τῶν
1126 2709 1277 2790 τριάκοντα
1292 2708 1366 2791 αἷμα
1380 2710 1434 2794 γὰρ
1450 2707 1546 2792 ἔλεγεν
1560 2707 1633 2772 εἶναι

273 2812 325 2892 τὴν
348 2813 455 2894 ψυχήν.
491 2810 594 2892 [(αἴμα
608 2811 672 2892 γάρ,
694 2809 792 2891 φησίν,
815 2810 981 2895 ἀνθρώποις
1002 2811 1185 2894 περικάρδιὸν
1207 2811 1268 2873 ἐστι
1290 2810 1414 2893 νόημοί]

273 2920 359 2978 totus
385 2914 475 2977 locus
498 2910 606 2977 verbis
630 2909 699 2977 fere
722 2911 843 2977 eisdem
872 2913 1048 2979 translatus
1075 2919 1125 2978 est
1146 2931 1168 2976 a
1188 2912 1372 2995 Philopono
1394 2933 1435 2978 ex
1456 2913 1634 2980 vetustiore

272 3035 438 3099 anonymo
460 3016 495 3081 in
517 3014 615 3080 Arist.
640 3014 681 3079 de
704 3012 801 3079 anim.
825 3015 1070 3098 commentario,
1098 3014 1188 3080 cuius
1216 3013 1350 3096 eclogae
1378 3035 1419 3081 ex
1441 3015 1552 3082 codice
1573 3016 1634 3080 Pa·

273 3118 374 3182 latino
405 3115 673 3199 Heidelbergeusi
700 3115 760 3180 281
792 3136 816 3179 s.
839 3117 887 3180 XI
917 3136 938 3181 a
965 3116 1003 3182 G.
1033 3116 1207 3182 Strchllreo
1236 3114 1376 3202 (Godan.
1401 3119 1498 3202 1876)
1525 3118 1633 3185 editae

273 3227 356 3285 sunt.
392 3220 431 3284 cf.
455 3240 482 3285 c.
498 3220 575 3285 XIV
600 3241 632 3303 p.
649 3218 773 3300 38qu
808 3218 950 3284 Thales
973 3225 1006 3284 et
1027 3218 1180 3302 Hippon
1204 3217 1302 3284 otiam
1324 3217 1377 3285 hic
1398 3226 1434 3285 ut
1455 3220 1488 3285 in
1508 3220 1633 3287 Sorano

274 3325 317 3405 [p.
335 3323 411 3404 212]
435 3322 597 3387 coniuncti
620 3327 704 3405 sunt,
727 3328 899 3404 praeterea
922 3319 1069 3387 Critias
1091 3319 1267 3386 accersitur
1289 3340 1331 3387 ox
1352 3322 1450 3388 Arist.
1466 3324 1497 3389 d.
1513 3343 1565 3388 au.
1581 3323 1633 3388 Ι2

272 3444 304 3507 p.
320 3425 438 3488 405¹)ss
461 3425 552 3508 ἕτεροι
576 3423 601 3488 δ’
630 3425 703 3506 αἷμα
726 3424 859 3507 καθάπερ
882 3421 1011 3507 Κριτίας.
1048 3430 1121 3505 post
1143 3425 1195 3507 τὴν
1218 3426 1316 3509 ψυχήν
1339 3423 1434 3490 finem
1457 3424 1535 3491 facit
1549 3428 1635 3490 caia-

273 3526 338 3608 logi
367 3546 548 3611 anonymus
570 3525 839 3608 Heidelbergenis
865 3522 909 3611 [in
932 3524 1034 3590 Vatic.
1058 3523 1184 3589 initium
1206 3526 1320 3609 deest}
1359 3545 1436 3609 ergo
1459 3526 1634 3611 Philoponi

273 3629 366 3693 unius
393 3629 521 3695 inscitia
543 3629 661 3696 lactum
685 3628 771 3712 quod
794 3626 999 3711 Empedoclis
1021 3646 1136 3692 versus
1158 3629 1221 3693 329
1244 3629 1292 3694 St.
1313 3629 1387 3712 αἷμα
1402 3631 1557 3713 -νόημα
1579 3629 1633 3712 [cf.

273 3751 371 3813 supra
393 3753 424 3814 p.
441 3733 517 3816 204]
543 3754 601 3816 pro
618 3731 738 3797 Critiae
752 3730 871 3814 placito
893 3730 1088 3795 venditatur.
1122 3730 1338 3796 Heraclidis
1362 3731 1469 3815 opinio
1492 3751 1564 3796 cum
1586 3751 1635 3797 re-

273 3833 360 3915 liqua
385 3834 470 3899 nerii
493 3835 608 3900 Sorani
632 3832 788 3899 Macrobii
819 3832 973 3898 memoria
1002 3832 1182 3917 discrepat,
1215 3839 1324 3900 cetera
1352 3841 1409 3900 aut
1438 3833 1634 3899 Aristotelea

274 3944 348 4000 sunt
370 3943 426 4001 cut
450 3938 579 4002 omnino
603 3937 760 4020 vulgaria.

513 4246 597 4300 xv11
632 4245 681 4300 llll
700 4241 943 4300 VETUSTOBUM
961 4240 1195 4300 ruscluunull
1213 4244 1393 4301 nonninus

359 4449 429 4527 Quo
459 4452 562 4534 magis
589 4473 610 4516 a
632 4451 877 4534 compilatorum
901 4450 1063 4517 aetatffius
1086 4452 1128 4516 ad
1149 4452 1239 4536 ipsos
1267 4451 1374 4518 fontes
1396 4451 1633 4535 cdscemlimus,

272 4573 311 4618 co
335 4553 495 4618 difficilior
517 4554 551 4620 fit
573 4553 720 4637 quaestio
743 4559 775 4618 ot
789 4552 916 4635 plenior
931 4553 1152 4621 dubitationis.
1186 4575 1207 4620 a
1222 4555 1395 4621 Plutarcho
1412 4554 1498 4621 enirn
1514 4560 1547 4620 et
1563 4553 1634 4620 Sto·

272 4655 354 4720 baeo
378 4662 466 4720 certa
487 4657 612 4722 rationo
627 4657 670 4721 ad
684 4653 811 4718 Attium
827 4656 1021 4737 transgressi
1039 4678 1158 4741 sumus,
1181 4658 1256 4723 <lein
1274 4658 1459 4723 coniectura
1473 4656 1634 4741 probabili

271 4802 523 4813 .·-.-..—.-.------
534 4804 672 4811 -—-—.-.

344 4880 350 4909 ¹
370 4885 496 4944 integrum
519 4887 729 4933 commentarium
747 4885 793 4934 sed
812 4885 886 4934 initio
906 4898 935 4933 ac
954 4884 1006 4933 fine
1026 4889 1168 4937 mutilatum
1186 4892 1299 4937 continet
1313 4889 1370 4937 cod.
1385 4889 1467 4937 Vatia.
1485 4884 1538 4939 268
1550 4902 1571 4935 s.
1584 4887 1632 4940 xl.
