3442 5588
431 351 1133 457 &Q
1407 352 1468 417 ευ

261 458 469 509 Ρουτλοοιιι
491 455 654 510 ειυιιιυε
973 444 1317 510 ετουλωιοσο.ιοιε

150 599 201 678 κἠ.
239 592 323 679 Περὶ
346 596 470 666 οὐσίας
492 596 721 682 εἱμαρμένης.

189 714 509 799 Ἡράκλειτοςόσ
455 737 509 780 οσ
511 716 796 802 ίανεὶμαρμένηςΙ
855 715 1081 801 Ηράκλειτος
1116 717 1216 782 οὐσίαν
1253 718 1428 803 εἱμαρμένης

150 818 236 902 λόγον
258 819 308 882 τὸν
330 818 433 882 διὰ
398 842 452 903 της
473 817 573 889 οόσίας
591 842 642 883 του
626 819 765 889 παντὸς
816 819 990 905 ἀπεφαίνετο
1012 821 1097 904 λόγον
1119 822 1168 884 τνδ
1191 822 1238 885 διὰ
1259 821 1357 890 οὐσίας
1376 825 1427 884 τοῦ

151 923 303 1005 διήκοντα·
333 921 408 1005 αότη
434 919 467 985 δέ
493 922 613 986 ἐστιδ
579 946 596 985 τ
636 920 764 1007 αἰθέριον
816 923 922 992 παντὸς
955 924 1103 1008 διήκοντα.
1139 925 1213 1007 αὕτη
1247 921 1267 986 δ
1301 923 1361 987 ἐστὶ
1394 924 1427 985 τὸ

128 1027 252 1105 υσιῖιμα,
277 1024 393 1108 σπέρμα
414 1029 467 1108 τῆς
488 1028 540 1087 τοῦ
562 1025 669 1095 παντδς
689 1022 765 1108 γενέ·
816 1024 944 1110 αἰθέριον
967 1030 1064 1109 σῶμα,
1087 1025 1202 1110 σπέρμα
1223 1030 1276 1109 τῆς
1294 1032 1346 1090 τοῦ
1360 1050 1428 1090 παν-

154 1147 240 1197 own·
816 1127 866 1198 τὸς
896 1127 1036 1210 γενέσεως
1075 1129 1123 1193 καὶ
1156 1129 1293 1213 περιόδου
1325 1128 1428 1213 μέτρον
1452 1149 1464 1184 ο

817 1231 1001 1316 τεταγμένης.

196 1332 341 1398 Πλάτων
368 1333 453 1417 λόγον
485 1331 576 1395 ἀίδιον
602 1330 651 1395 καί
677 1329 799 1415 νόμονῖ
861 1330 1009 1396 Πλάτων
1030 1334 1115 1416 λόγον
1138 1332 1229 1397 α’ίδιον
1255 1334 1308 1417 τήν
1330 1331 1429 1396 οὐσίαν

155 1436 244 1499 άὶδιον
266 1441 319 1520 τῆς
340 1441 392 1499 τοῦ
413 1435 519 1506 παντὸς
541 1433 665 1520 μίσεος.
817 1438 870 1518 τῆς
892 1435 1068 1520 εἱμαρμένης
1090 1436 1139 1500 καί
1160 1436 1247 1519 νόμον
1267 1435 1358 1499 ἀίδιον
1377 1441 1430 1518 τῆς

817 1540 869 1600 τοῦ
891 1539 997 1610 παντδς
1019 1540 1145 1625 ρόσεως.

199 1638 412 1725 Χρύσιππος
434 1641 553 1725 δύναμιν
572 1640 767 1724 πνευματικὴν
785 1655 801 1708 3
863 1637 1072 1726 Χρόσιππος
1092 1640 1212 1725 δόναμιν
1234 1640 1429 1723 πνευματικήν
1442 1658 1466 1696 1⁰

124 1763 148 1801 ιο
159 1741 235 1811 τάξει
257 1748 309 1807 τοῦ
324 1746 431 1814 παντὸς
446 1746 631 1828 διοικητικήν·
655 1744 703 1807 καὶ
719 1745 771 1807 πά·
821 1743 874 1828 τὴν
896 1743 997 1808 οὐσίαν
1010 1748 1064 1827 τῆς
1080 1743 1267 1829 εἱμαρμένης,
1288 1741 1365 1811 τάξει
1379 1746 1431 1805 τοῦ

156 1851 200 1910 λιν
221 1847 251 1910 ἐν
273 1851 334 1918 τοῖς
350 1844 455 1933 Ὅροις·
477 1847 637 1931 εἱμαρμένη
662 1846 771 1910 ἐστὶνό
821 1848 928 1917 παντός
942 1848 1129 1932 διοικητικήν.
1160 1847 1315 1928 τοῦτομὲν
1335 1843 1431 1908 οόνέν

155 1956 207 2016 τοῦ
229 1950 341 2035 κόσμου
363 1948 504 2034 λόγος,ή
484 1947 615 2032 ἢνόμος
635 1953 694 2012 τῶν
716 1942 772 2033 [όν
821 1955 864 2037 τῷ
887 1949 1014 2037 δευτέρῳ
1035 1949 1106 2036 Περὶ
1129 1950 1254 2034 κόσμου·
1282 1947 1312 2012 ἐν
1335 1947 1367 2011 δὲ
1388 1953 1431 2032 τῷ

156 2051 226 2141 των]
255 2053 286 2118 ἐν
311 2057 366 2219 τιή6
383 2052 486 2137 κόσρκρ
508 2050 629 2135 προνοίη
650 2050 770 2114 διοικου·
821 2052 948 2140 δευτέρῳ
964 2053 1036 2140 Περὶ
1058 2053 1134 2139 όμων
1156 2052 1204 2116 καί
1227 2051 1257 2114 ἐν
1279 2054 1338 2121 τοῖς
1361 2048 1432 2173 Περὶ

158 2157 261 2240 μένων·
288 2154 366 2240 ἥλό
366 2178 426 2240 γος,
448 2150 572 2218 καδδν
594 2152 631 2216 τά
652 2152 705 2236 μὲν
725 2173 769 2234 γε·
820 2158 873 2241 τής
894 2155 1070 2241 εἱμαρμένης
1092 2156 1140 2220 καί
1163 2154 1193 2219 ἐν
1213 2152 1311 2223 ἄλλοις
1326 2151 1431 2236 σπορά-
1444 2169 1467 2208 υ

123 2279 147 2317 υ
158 2281 206 2341 γον
208 2257 261 2322 ότα
281 2256 381 2340 γέγονε
402 2256 439 2320 τά
460 2255 493 2319 δὲ
511 2253 646 2337 γινόμενα
664 2251 769 2336 γίνεται
821 2261 874 2343 δην
900 2258 1090 2344 πολυτρόπως
1116 2255 1306 2342 ἀποφαίνεται
1329 2251 1431 2337 λέγων·

156 2360 193 2423 τὰ
215 2359 248 2422 δὲ
269 2359 448 2443 γενησόμενα
469 2357 630 2441 γενήσεται.
821 2361 981 2446 εἱμαρμένη
1003 2361 1080 2426 ἐστὶν
1104 2362 1120 2425 6
1142 2384 1194 2424 του
1213 2358 1324 2441 κόσμου
1338 2355 1433 2437 λόγος,

821 2465 842 2548 ή
868 2463 953 2547 λόγος
978 2467 1037 2526 τῶν
1059 2462 1089 2526 ἐν
1118 2468 1161 2548 τῷ
1184 2461 1287 2544 κόσμῳ
1313 2458 1434 2542 προνοίη

820 2565 1043 2648 διοικουμένων,
1069 2565 1091 2649 ἢ
1116 2564 1217 2647 λόγος,
1244 2558 1314 2626 καθ’
1343 2561 1375 2624 ὃν
1397 2559 1434 2622 τὰ

822 2669 874 2751 μὶν
896 2668 1032 2751 γεγονότα
1053 2666 1152 2750 γέγονε
1177 2665 1213 2727 τὰ
1239 2663 1273 2726 δὲ
1298 2661 1469 2745 γινόμεναοο

821 2771 926 2854 γίνεται
947 2770 984 2834 τά
1011 2769 1043 2833 δὲ
1071 2766 1250 2851 γενησόμενα
1275 2766 1435 2849 γενήσεται.

823 2873 1036 2959 μεταλαμβάνει
1064 2867 1087 2934 δ’
1114 2869 1176 2933 ἀντὶ
1199 2870 1250 2931 τοῦ
1272 2867 1360 2949 λόγου
1382 2868 1434 2951 τὴν

822 2975 963 3060 ἀλήθειαν
990 2974 1043 3058 τὴν
1068 2971 1162 3036 αἰτίαν
1188 2971 1241 3054 τὴν
1268 2969 1353 3054 φύσιν
1382 2970 1435 3053 τὴν

822 3077 965 3161 ἀνάγκην,
990 3074 1156 3161 προστιθείς
1181 3073 1230 3137 καί
1252 3071 1353 3156 ἑτέρας
1375 3072 1436 3135 όνο-

823 3179 928 3264 μασίας
967 3180 1008 3251 όις
1040 3178 1087 3243 έπὶ
1120 3180 1174 3261 τῆς
1206 3173 1298 3258 αὐτῆς
1334 3172 1470 3244 οόσὶαςνο

822 3283 1002 3366 τασσομένας
1030 3277 1094 3345 καθ’
1129 3276 1230 3360 ἑτέρας
1259 3276 1307 3341 καὶ
1337 3275 1438 3362 ἑτέρας

823 3387 969 3473 ἐπιβολάς.
1004 3380 1117 3467 Μοίρας
1147 3381 1180 3445 δὲ
1202 3378 1355 3443 καλεῖσθαι
1377 3378 1436 3442 άπδ

822 3493 875 3553 τοῦ
902 3485 962 3552 κατ’
988 3484 1077 3554 αότάς
1103 3484 1292 3566 διαμερισμοῢ
1315 3477 1437 3543 Κλωδιδ

824 3592 872 3656 καὶ
900 3591 1028 3677 Λάχεσιν
1055 3585 1104 3650 καὶ
1124 3583 1276 3669 Ἄτροπον.
1309 3581 1437 3668 Λάχεσιν

825 3694 893 3777 μέν,
920 3695 963 3757 ότι
987 3693 1019 3756 ὃν
1045 3691 1152 3773 κλῆρον
1174 3685 1346 3771 λελόγχασιν
1370 3685 1434 3749 ἕκα-
1448 3703 1472 3742 ιο

117 3819 319 3826 -.-——-
825 3816 1025 3823 --.--—....-—

155 3869 187 3921 10
204 3865 274 3927 τάξιν
292 3870 316 3920 G
334 3872 365 3920 cs.
384 3871 418 3920 ad
436 3869 509 3920 Stob.
860 3863 876 3914 2
895 3860 979 3920 οόσὶας
1000 3864 1075 3931 (τῆς)
1099 3863 1144 3912 τοῦ
1169 3860 1273 3910 volebat
1294 3858 1425 3924 Bywater.
1449 3862 1481 3911 ef.

157 3956 187 4007 10
206 3953 279 4006 πάλιν
297 3957 380 4008 ΘΒΟτ
398 3955 480 4025 πάγην
499 3958 523 4005 A
825 3954 893 4002 Plut.
909 3947 921 4018 ἱὶ
939 3951 968 4001 11
982 3947 1077 4009 τάξεως
1087 3946 1216 3999 Meineke.
1229 3948 1320 3996 melius
1335 3957 1403 4000 esset
1413 3945 1482 4007 τάξιν

155 4041 187 4093 12
205 4046 251 4093 τοῦ
269 4040 346 4109 νόμου
364 4041 457 4111 κόσμος
475 4041 492 4111 ή
509 4039 581 4110 λόγος
599 4037 616 4107 ή
635 4035 744 4104 νόμοςΒ
826 4035 923 4101 ολξό.
941 4039 987 4088 sed
1000 4038 1064 4087 nihil
1076 4037 1226 4086 mutandum
1241 4032 1254 4104 Η
1270 4034 1302 4087 13
1319 4034 1345 4087 ἐν
1357 4033 1383 4086 δέ
1398 4036 1435 4084 A:
1455 4031 1482 4084 δὲ

157 4130 188 4182 13
207 4128 286 4181 όντων
305 4132 389 4182 delevi
408 4135 439 4183 cf.
458 4132 531 4183 Stob.
550 4127 682 4180 Theodor.
826 4128 904 4191 vulgo
917 4133 976 4191 post
987 4121 1095 4193 δευτέρῳ
1109 4123 1264 4174 collocatum
1279 4119 1290 4189 ss
1312 4122 1343 4174 14
1356 4119 1431 4190 ὡρῶν
1443 4121 1481 4169 A:

825 4230 890 4266 corr.
901 4215 1002 4264 Ηεετευ
1014 4208 1028 4278 Η
1039 4210 1073 4264 27
1083 4207 1216 4278 ἱπιβουλάς
1226 4210 1251 4260 A
1265 4205 1277 4276 Η
1293 4208 1328 4261 30
1337 4206 1374 4260 ότι
1384 4206 1410 4258 δν
1419 4203 1482 4275 κλῆ-

825 4319 868 4372 ρον
880 4303 981 4367 scripsi:
995 4295 1047 4349 οἱον
1060 4295 1148 4366 κλήρῳ
1162 4300 1198 4348 A:
1211 4293 1249 4347 ότι
1261 4293 1300 4346 οἱα
1314 4292 1402 4363 κλήρῳ
1414 4297 1481 4345 Hee-

824 4408 871 4443 τεο
887 4386 899 4458 Η
914 4385 1008 4439 ἱκαστα
1025 4388 1064 4436 A:
1083 4401 1149 4436 corr.
1163 4386 1263 4434 Heeren
1282 4386 1314 4434 cf.
1325 4383 1483 4446 Diogenian.

826 4479 936 4545 αρ.Ειιε.
946 4477 977 4528 P.
988 4476 1020 4524 Ε.
1031 4472 1096 4523 VIS
1107 4482 1130 4519 ιυ
1142 4469 1311 4535 [Theodoret.
1323 4470 1362 4520 Vl
1375 4465 1419 4531 12]
1431 4462 1482 4516 Λά-

827 4579 894 4634 χεσιν
907 4598 914 4610 .
928 4600 935 4615 .
948 4559 1015 4631 παρὰ
1026 4557 1055 4610 τό
1067 4556 1198 4627 λαγχάνειν
1210 4556 1309 4624 ἱκάστιμ
1323 4555 1353 4619 [1.
1367 4553 1484 4618 ἕκαστον]

826 4649 1049 4720 τόπεπρωνκμέο
1078 4648 1108 4697 αἱ.
1137 4647 1264 4711 Porphyr.
1292 4641 1485 4695 Stob.ecL11

828 4757 852 4805 p.
866 4737 957 4793 38211.
977 4738 1075 4788 Platr
1063 4750 1115 4800 περ
1129 4736 1155 4784 X
1174 4751 1198 4798 p.
1211 4730 1289 4786 6171>
1309 4727 1412 4784 62ουιε

1065 4817 1484 4831 ———--.———-—--—-

829 4859 997 4911 ALIORUM
1016 4859 1067 4908 Ex
1086 4857 1198 4906 AETIO
1218 4854 1414 4906 EXCERPTA

864 4943 900 4997 28
918 4944 935 4996 3
953 4941 1118 4999 Τλυυόυῑοὶ.
1142 4944 1198 4993 Le.
1224 4939 1247 4991 οἱ
1269 4938 1328 4991 δὶτ
1314 4941 1374 4991 τοῦτ
1344 4956 1402 4990 υτνο
1389 4933 1486 5005 ν-(Ζή

1215 5025 1283 5091 21*
