3442 5588
639 349 916 400 Pnonnconnux
1412 353 1451 414 61

91 520 250 603 scriptore
272 525 372 584 antea
387 538 412 582 c.
429 519 450 583 8
468 527 484 578 2
500 517 665 582 iudicetur.
690 517 804 599 quihus
820 516 921 581 turbis
935 537 1011 581 num
1029 516 1109 581 illud
1125 536 1251 598 quoque
1266 516 1385 582 factum
1402 520 1453 602 sit,

91 630 128 686 ut
149 619 257 703 quarti
280 616 470 702 principium
493 616 547 703 (de
570 619 635 683 Nili
661 618 886 703 inundatione)
918 639 936 684 e
964 626 1172 700 cognatorum
1203 618 1287 682 tertii
1311 621 1453 703 capitum

89 722 210 787 vicinia
231 719 472 802 trausiceretur,
494 719 556 784 hoc
578 720 726 788 conicere
751 722 853 804 magis
876 742 972 803 quarn
995 721 1132 804 probare
1156 740 1296 803 possum.
1330 730 1453 788 tautum

89 823 166 888 hinc
179 842 310 905 quoque
325 823 439 905 elucet,
462 820 548 903 quod
564 842 663 906 supra
685 843 725 888 ex
747 823 851 906 quarti
871 824 1036 906 prooemio
1061 823 1291 906 demonstravi,
1315 826 1453 890 eundem

90 925 260 1009 prooemia
281 923 469 1008 praefixisse
492 930 525 989 61
547 923 768 990 diversissima
789 924 950 1007 genuinae
968 925 1164 990 Placitorum
1184 925 1340 990 materiae
1355 928 1453 991 admi-

88 1027 223 1094 scuisse.
246 1027 453 1110 quamohrem
465 1026 526 1092 etsi
538 1026 669 1093 Stohaei
683 1046 766 1110 quae
778 1026 908 1109 quidem
919 1049 1005 1092 uuuc
1017 1033 1189 1094 servantur
1200 1028 1350 1110 exempla
1365 1028 1454 1110 iguo·

89 1137 164 1195 rant
194 1129 386 1196 brevissima
411 1130 519 1214 capita
540 1129 630 1194 1116
657 1130 752 1194 6118
777 1128 920 1211 itemque
943 1130 987 1195 IV
1010 1133 1043 1214 1,
1074 1135 1183 1194 tamen
1213 1128 1352 1193 aetiana
1380 1139 1453 1197 sunt

94 1253 162 1297 non
188 1230 395 1297 Plutarchea.

177 1334 274 1399 Haud
296 1354 390 1399 secus
411 1334 625 1399 iudicabimus
647 1335 689 1400 de
711 1335 839 1417 quarti
862 1335 1096 1418 supplementis
1118 1335 1307 1418 plerumque
1325 1335 1451 1402 Stoicis.

90 1457 229 1520 quorum
257 1435 405 1501 doctriua
430 1437 471 1502 de
498 1457 595 1503 sensu
616 1437 661 1502 IV
684 1440 721 1501 ll
752 1438 920 1503 enucleate
942 1436 1123 1519 exponitur,
1145 1437 1186 1501 de
1209 1437 1382 1519 phantasia
1405 1447 1454 1506 est

90 1538 270 1624 Chrysippi
300 1538 448 1604 doctrina
476 1559 502 1604 c.
527 1541 576 1604 12.
623 1547 791 1622 utrumque
817 1546 914 1622 caput
936 1537 1042 1602 omisit
1072 1537 1241 1604 Stobacus.
1286 1559 1324 1604 66
1352 1541 1453 1623 pluris

88 1641 277 1708 faciendum
291 1640 433 1707 Nemesii
450 1641 678 1725 testimonium,
710 1643 795 1724 quod
818 1660 916 1724 supra
939 1641 1196 1705 commemoravi.
1242 1644 1452 1724 nequeenim

88 1745 169 1810 illuc
195 1743 370 1826 confugere
396 1743 556 1829 quispiam
582 1745 698 1829 possit,
727 1753 762 1810 ut
789 1765 810 1810 a
832 1743 984 1809 Nemesio
1006 1741 1091 1806 Astii
1114 1743 1238 1808 Placita
1261 1743 1305 1807 lV
1328 1746 1357 1808 2.
1380 1747 1409 1810 3.
1432 1747 1452 1808 8

90 1853 259 1931 excerpta,
284 1847 474 1912 accersitum
497 1855 606 1913 auteur
628 1847 673 1912 lV
689 1848 729 1912 12
752 1867 770 1912 6
792 1844 951 1911 communi
974 1844 1113 1926 quodam
1136 1845 1226 1911 fonte
1249 1848 1337 1911 velut
1354 1846 1454 1932 Chry-

89 1945 186 2029 sippo
208 1947 280 2031 ipso
304 1947 463 2031 opinetur.
496 1950 558 2016 hoc
577 1950 663 2016 enim
684 1949 833 2015 fortunae
855 1947 987 2013 nimium
1010 1946 1164 2013 tribueret
1185 1968 1290 2030 neque
1311 1949 1454 2015 similitu-

89 2046 201 2113 dinem
234 2056 475 2136 excerptorum,
502 2072 586 2135 quae
612 2058 662 2119 est
688 2072 822 2135 summa,
849 2049 928 2115 satis
960 2050 1146 2133 explicaret.
1192 2051 1370 2116 Stoicorum
1397 2053 1453 2119 illo

89 2149 173 2215 libor
195 2150 295 2216 etiam
316 2151 349 2216 in
365 2153 521 2235 proximis
544 2156 602 2238 [lV
618 2157 660 2221 20
677 2163 702 2216 2.
718 2155 772 2235 21]
796 2152 947 2218 abactio
971 2152 1134 2217 adhibitus
1149 2152 1286 2218 vitietur.
1321 2154 1452 2220 Stobaei

87 2252 276 2317 testimonia
306 2254 453 2320 mutilata
485 2257 544 2323 illa
576 2258 649 2323 libri
680 2263 773 2341 parte
802 2254 940 2320 conferri
969 2275 1034 2319 nou
1064 2261 1208 2337 possunt.
1254 2257 1312 2321 sed
1342 2263 1454 2322 extant

91 2353 191 2420 tituli.

179 2457 304 2523 Eadem
332 2460 496 2526 titulorum
520 2483 581 2546 ope
607 2462 774 2545 quintum
796 2460 883 2526 Astii
908 2460 1024 2525 librum
1051 2479 1071 2524 a
1098 2458 1240 2525 Stohaeo
1267 2467 1453 2545 excerptum

89 2567 230 2626 66116161
276 2581 352 2627 nam
380 2584 421 2630 ex
447 2572 537 2631 tauto
568 2564 731 2630 volumine
757 2563 864 2628 miseri
892 2562 991 2647 panni
1017 2561 1220 2644 naufragium
1251 2572 1453 2646 superarunt.

90 2663 118 2726 V
144 2666 174 2728 l.
200 2665 265 2748 napi
290 2671 430 2750 μαντικῆς
458 2667 669 2750 probabiliter
690 2686 761 2731 cum
785 2667 843 2731 ecl.
866 2666 897 2730 Il
922 2667 962 2730 13
989 2666 1052 2749 περὶ
1076 2672 1214 2750 μαντικῆς
1241 2665 1453 2748 comparabis,

92 2784 171 2828 num
193 2765 309 2831 eodem
336 2769 497 2852 pertineat
524 2771 551 2835 V
574 2773 593 2835 2
620 2775 683 2838 πῶς
710 2768 814 2853 ὄνειροι
836 2770 958 2851 γίνονται
985 2787 1045 2832 uec
1067 2767 1229 2831 affirmare
1251 2787 1312 2831 uec
1335 2787 1455 2850 negare

90 2888 235 2950 possum.
280 2868 437 2935 incertum
464 2893 531 2938 non
560 2872 678 2954 minus,
706 2869 783 2953 quid
814 2869 856 2935 sit
883 2870 1249 2936 61116.3.21).21)116
1276 2869 1359 2934 tituli
1388 2870 1456 2952 qui-

89 2970 166 3035 dem
199 2970 320 3053 cogniti
348 2972 425 3056 6111,
458 2974 567 3057 utique
594 2994 634 3040 ex
661 2973 797 3039 vetustis
826 2973 958 3039 Placitis
987 2972 1161 3055 compilata
1190 2978 1265 3036 sunt
1299 2978 1455 3054 quotquot

91 3073 206 3156 capita
228 3073 262 3138 in
285 3075 451 3140 Plutarchi
473 3077 585 3159 quinto
607 3084 729 3142 extant.

182 3173 319 3242 Omnino
342 3178 450 3263 igitur,
477 3187 512 3244 ut
534 3179 638 3244 dicam
654 3179 739 3260 quod
755 3176 971 3260 consequitur,
994 3176 1158 3241 Plutarchi
1182 3175 1322 3260 epitome
1345 3196 1455 3242 veram

89 3277 179 3342 Accii
200 3277 375 3361 imaginem
399 3280 506 3347 reddit
527 3281 586 3347 sed
607 3281 641 3345 iu
660 3281 882 3363 augustiorem
901 3280 1001 3343 multo
1022 3278 1157 3344 formam
1177 3277 1353 3343 redactam.
1377 3278 1456 3342 difli-

88 3380 153 3445 teri
175 3387 286 3445 tamen
312 3382 388 3445 uolo
410 3381 616 3449 breviuscula
637 3384 798 3466 quaedam
824 3402 845 3447 a
872 3381 1055 3447 breviatore
1081 3381 1278 3464 interpolata
1300 3400 1381 3446 esse.
1413 3380 1455 3446 de

88 3481 195 3545 1316
217 3481 290 3546 εἶναι
313 3482 335 3547 δ’
362 3486 437 3549 αὐτὰ
454 3524 490 3533 -
509 3490 649 3572 σχήματα
670 3486 749 3570 λόγῳ
773 3485 909 3567 θεωρητά
930 3483 1070 3566 ambigo.
1104 3503 1180 3546 nam
1203 3490 1235 3547 61
1254 3483 1338 3548 inest
1360 3504 1456 3566 quae·

89 3583 169 3647 (lam
191 3583 339 3649 doctriua
361 3593 394 3652 61
415 3587 485 3672 ipse
507 3607 597 3652 error
618 3588 660 3653 de
681 3585 856 3651 Democriti
880 3586 1041 3668 gravitate
1063 3583 1246 3650 carentibus
1270 3586 1386 3650 atomis
1408 3605 1455 3650 re-

91 3684 216 3769 petitur
229 3686 246 3749 1
264 3687 303 3751 12
323 3698 348 3771 6,
372 3688 427 3753 uhi
441 3689 527 3754 aetii
542 3689 719 3754 auctoritas
733 3688 917 3754 addubitari
932 3688 1052 3770 nequit.
1087 3687 1145 3752 sed
1161 3688 1297 3752 alcestin
1313 3688 1454 3753 Stohaeo

89 3797 124 3856 et
139 3789 349 3856 Theodoreto
365 3797 398 3856 et
412 3791 579 3875 aliquanto
595 3792 708 3858 melior
723 3791 824 3874 116161,
841 3790 868 3855 si
883 3791 1101 3856 eximerentur
1115 3789 1182 3872 illa,
1199 3789 1313 3854 oratio.
1342 3789 1455 3853 ultima

87 3912 169 3958 vero
192 3894 272 3956 ὥστε
292 3930 326 3938 -
344 3895 364 3976 ἡ
381 3896 469 3974 μονάς
492 3899 558 3958 tam
581 3901 655 3959 sunt
679 3893 783 3958 otiosa
805 3901 839 3959 et
859 3893 971 3977 inepta
993 3898 1029 3957 ut
1043 3891 1131 3956 haud
1146 3898 1276 3956 cuncter
1291 3891 1454 3956 Plutarchi

87 4002 147 4060 aut
169 3994 294 4059 librarii
317 3999 428 4058 notam
448 4014 520 4060 earn
536 3995 688 4061 iudicare.
721 3995 867 4061 eiusdem
889 3994 1013 4060 formae
1036 4001 1109 4059 sunt
1125 3993 1237 4058 addita
1253 3993 1333 4059 haec
1356 3995 1452 4058 1311

87 4098 199 4162 1113
232 4097 345 4161 1117.
387 4096 537 4178 graviora
559 4102 634 4161 sunt
656 4097 747 4162 haec.

173 4200 227 4264 13
247 4211 256 4261 1
279 4198 441 4266 Siobaeus
456 4198 646 4282 simpliciter
667 4200 767 4283 Θαλῆς
783 4203 798 4264 ὁ
815 4199 958 4285 Μιλήσιος
981 4202 1077 4285 ἀρχὴν
1099 4204 1157 4261 τῶν
1180 4199 1270 4262 ὄντων
1286 4201 1454 4284 ἀπεφήνατο

87 4305 122 4366 τὸ
146 4303 238 4386 ὕδωρ,
262 4301 292 4371 ἐξ
315 4303 417 4370 ὕδατος
438 4302 492 4386 γάρ
514 4323 585 4385 φησι
608 4304 701 4365 πάντα
723 4303 794 4367 εἶναι
818 4303 866 4366 καὶ
888 4304 929 4372 εἰς
952 4303 1029 4386 ὕδωρ
1052 4305 1146 4366 πάντα
1167 4302 1353 4365 ἀναλύεσθαι.
1383 4303 1455 4366 Plu-

87 4404 222 4470 tarchus
245 4411 280 4469 nt
304 4403 460 4488 principio
488 4403 597 4468 statim
624 4423 716 4468 suam
744 4403 937 4488 sapientiam
967 4410 1146 4470 ostentaret
1171 4404 1353 4486 importune
1382 4412 1455 4488 post

88 4509 167 4593 ὕδωρ
196 4507 279 4572 haee
307 4506 530 4591 interpolavit:
563 4509 644 4570 δοκεῖ
664 4508 697 4570 δὲ
721 4508 736 4570 ὁ
759 4509 832 4591 ἀνὴρ
855 4507 939 4576 οὗτος
961 4506 1042 4591 ἄρξαι
1065 4513 1117 4591 τῆς
1139 4508 1310 4592 φιλοσοφίας
1333 4508 1380 4570 καὶ
1402 4507 1449 4570 ἀπ’

88 4611 178 4674 αὐτοῦ
201 4613 221 4693 i,
242 4609 356 4692 Ἰωνικὴ
379 4611 488 4694 αἵρεσις
510 4610 743 4694 προσηγορεύθη.
777 4609 906 4692 ἐγένοντο
934 4609 988 4692 γὰρ
1015 4613 1147 4673 πλεῖσται
1175 4610 1309 4694 διαδοχαὶ
1341 4614 1454 4695 φιλοσο-

88 4713 164 4797 φίας.
191 4716 396 4797 φιλοσοφήσας
411 4710 433 4774 δ’
454 4713 484 4774 ἐν
501 4710 640 4795 Αἰγύπτῳ
655 4712 746 4796 ἦλθεν
762 4713 803 4781 εἰς
821 4710 950 4792 Μιλητον
966 4714 1166 4797 πρεσβύτερος.
1200 4712 1345 4792 arguitur
1366 4713 1455 4777 fraus

89 4814 226 4880 maxime
247 4815 329 4880 inde
352 4813 441 4898 quod
462 4813 492 4883 ἐξ
514 4816 617 4883 ὕδατος
643 4817 697 4898 γάρ
719 4820 793 4896 post
815 4819 881 4877 tam
909 4813 1039 4897 longum
1066 4812 1239 4879 embolium
1266 4832 1331 4877 nou
1358 4814 1455 4879 habet

90 4936 150 4997 qno
173 4916 345 4982 referatur.
381 4917 466 4999 quorl
490 4915 607 4980 callido
623 4915 907 4980 dissimulaverunt
923 4917 1128 5000 posteriores.
1163 4913 1323 4979 Eusebius
1344 4915 1454 4997 inepte
