3464 5586
261 342 324 407 222
500 344 579 394 XVII
616 343 664 393 DE
683 342 931 394 VETUSTORUM
948 342 1186 395 Pnacrrosom
1204 340 1384 395 FONTIBUS

262 511 302 578 de
333 513 439 576 soluta
468 511 572 577 forma
600 519 727 577 constat
754 532 794 577 ex
822 509 997 576 Plutarcho
1026 511 1131 576 ateis
1158 528 1242 592 quae
1269 530 1368 595 supra
1389 532 1420 595 p.
1438 510 1501 576 180
1524 510 1619 576 attuli

262 613 475 679 testimoniis?
507 615 653 678 clausula
675 620 783 678 autem
810 633 893 695 quae
920 611 1100 678 hexametri
1127 610 1264 676 formam
1290 612 1422 678 simulat
1448 632 1489 678 ex
1511 611 1620 677 Xeno-

261 715 380 798 phanei
404 736 516 781 versus
538 716 746 781 similitudine
769 715 840 779 Aet.
856 714 871 778 I
888 714 907 778 3
926 722 957 774 lt
979 712 1088 780 afficta
1109 713 1246 780 videtur.
1282 715 1358 799 quid
1376 715 1410 781 in
1432 716 1522 799 πορδς
1536 715 1620 797 dper-

262 819 316 903 βὴν
343 818 428 899 quod
455 818 611 902 repetitur
637 818 670 882 in
696 816 804 882 multis
826 815 1042 900 Theophrasti
1069 815 1230 900 excerptis
1251 813 1301 902 [cf.
1325 819 1369 883 ad
1390 816 1428 882 lr.
1446 814 1476 904 1]
1500 824 1620 900 poetae

261 919 415 985 fabricam
432 921 578 986 redoleat
593 917 644 1006 [cs.
659 919 765 985 Zeller
776 917 810 984 Ι*
821 915 927 1005 5851]τ
941 917 1065 1000 ignoro.
1093 923 1219 983 constat
1233 917 1424 1004 Scythinum
1438 919 1621 985 iamborum

260 1023 448 1107 scriptorem
471 1021 626 1089 Heracliti
648 1022 765 1087 librum
786 1020 820 1086 in
843 1040 973 1087 carmen
996 1019 1209 1087 transfudisse
1231 1022 1339 1105 [Diog.
1363 1023 1411 1087 IX
1433 1023 1503 1107 86],
1533 1023 1621 1089 unde

261 1147 345 1210 quae
371 1124 496 1206 reliqua
522 1132 597 1190 sunt
622 1124 709 1208 apud
732 1124 909 1191 stobaeum
932 1125 1004 1208 [ecl.
1028 1122 1122 1208 phys.
1145 1124 1161 1188 Ι
1183 1123 1203 1188 8
1226 1143 1258 1207 p.
1274 1124 1397 1207 264H.]
1428 1125 1621 1211 Bywatenrs

262 1227 428 1317 [Heraclit.
444 1227 555 1310 reliqu.
579 1249 611 1312 p.
626 1225 679 1314 68]
701 1226 828 1294 felicius
849 1246 946 1310 quam
962 1225 1153 1292 Mainakeus
1175 1225 1229 1292 vel
1251 1224 1445 1295 Schnsterus
1466 1227 1621 1296 reiecisse

262 1332 400 1397 videtur.
445 1329 503 1395 sed
525 1330 606 1395 haec
628 1330 681 1395 vcl
703 1328 797 1393 metri
819 1348 918 1394 causa
941 1329 974 1393 in
998 1346 1128 1394 censum
1150 1326 1262 1392 venire
1283 1338 1457 1413 nequeunt.

347 1432 391 1498 Ut
424 1431 648 1516 intellegatur,
687 1430 955 1514 quemadmodum
989 1431 1023 1494 in
1056 1427 1335 1512 Theophrasteum
1373 1432 1620 1501 fundamentum

261 1536 389 1602 alienae
411 1540 590 1601 structurae
612 1533 838 1600 inaedificatae
859 1534 933 1618 sint,
955 1552 1021 1598 non
1043 1530 1166 1597 inutilis
1188 1538 1238 1597 est
1259 1531 1432 1617 fragmenti
1454 1535 1496 1602 de
1522 1557 1620 1604 sensu

259 1635 467 1720 comparatio.
497 1635 741 1720 Empedoclis
763 1635 805 1701 de
827 1636 989 1702 coloribus
1012 1633 1121 1718 opinio
1144 1639 1251 1700 exstm
1273 1637 1362 1702 Plac.
1384 1638 1493 1703 1153
1515 1637 1619 1723 Ἐμπε-

260 1744 367 1824 δοκλῆς
388 1741 422 1803 τδ
444 1743 503 1808 τοῖς
523 1739 624 1823 πόροις
644 1745 697 1824 τῆς
721 1738 816 1824 ὄψεως
842 1739 1051 1824 ἐναρμόττον
1080 1756 1125 1802 so.
1147 1737 1288 1803 colorem
1310 1758 1391 1805 esse.
1437 1740 1620 1824 adgnosces

260 1840 477 1925 Theophrasti
500 1847 566 1905 tarn
589 1862 689 1926 saepe
711 1841 883 1925 repetitum
906 1842 949 1906 δτι
971 1846 1013 1926 τῷ
1037 1838 1263 1924 ἐναρμόττειν
1285 1846 1346 1912 τοῖς
1367 1841 1467 1929 πόροις
1482 1844 1620 1930 αἴσθησίς

260 1946 335 2009 ἐστιν
359 1940 409 2028 [ef.
432 1941 476 2008 ad
498 1946 517 2023 ξ
534 1946 554 2009 9
574 1940 753 2030 adnotatal.
788 1945 846 2009 sed
868 1942 1072 2009 desideratur
1093 1939 1146 2005 hic
1160 1948 1315 2007 accurata
1330 1945 1448 2012 coloris
1463 1945 1620 2013 definitio.

261 2045 360 2128 quid?
392 2062 476 2126 quae
504 2045 693 2111 continuant
720 2045 846 2111 Placita
871 2045 993 2130 τέτταρα
1019 2044 1052 2107 δέ
1077 2046 1138 2113 τοῖς
1165 2045 1320 2129 στοιχείοις
1348 2046 1490 2132 ἰσάριθμα
1516 2048 1621 2112 λεοκδν

262 2148 351 2230 μέλαν
373 2145 495 2230 ἐρυῦρδν
519 2147 617 2233 ὠχρόν
640 2148 674 2230 [l.
697 2148 845 2232 χλωρόν],
867 2164 908 2214 oo
930 2166 996 2211 non
1019 2146 1123 2210 solum
1144 2163 1211 2209 non
1233 2144 1440 2212 inveniuntur
1461 2148 1494 2212 in
1516 2147 1621 2214 Theo

261 2248 408 2333 phrasto,
439 2248 497 2313 sed
523 2248 621 2315 etiam
649 2249 826 2334 contraria,
854 2249 881 2314 si
908 2247 1037 2331 quidem
1064 2247 1106 2312 de
1128 2246 1315 2314 Democrito
1337 2248 1464 2314 locutus
1486 2249 1563 2329 §79
1585 2250 1620 2312 τδ

261 2351 376 2420 πλείους
398 2351 556 2415 ἀποδοῦναι
571 2351 622 2421 τὰς
637 2352 731 2436 ἀρχὰς
753 2350 937 2434 [primarios
952 2349 1090 2430 colores]
1112 2347 1176 2434 ἔχει
1191 2350 1254 2413 τινὰ
1268 2351 1401 2436 ἀπορίαν,
1423 2353 1450 2416 oi
1466 2351 1520 2436 γὰρ
1535 2350 1620 2416 ἄλλοι

260 2456 293 2518 τδ
317 2454 418 2517 λευκὸν
441 2455 489 2517 καὶ
511 2455 545 2517 τδ
568 2454 657 2536 μίλαν
681 2457 722 2522 ὡς
743 2453 853 2517 τούτων
875 2455 977 2516 ἁπλῶν
998 2450 1089 2515 ὄντων
1112 2450 1219 2532 μόνων,
1240 2458 1392 2535 quattuor
1413 2453 1622 2537 Empedoclis

261 2556 386 2621 colores
415 2574 480 2619 non
511 2554 707 2637 adgnouisse
740 2554 908 2621 ridetur.¹
954 2551 1169 2634 Theophrasti
1195 2553 1334 2637 vestigia
1356 2560 1517 2639 apparent
1547 2556 1620 2620 Aet

258 2657 304 2722 IV
319 2660 339 2723 5
362 2666 392 2718 1‘2
416 2656 598 2741 Παρμενίδης
624 2659 672 2722 καὶ
691 2655 926 2741 Ἐμπεδοκλῆς
952 2657 1000 2721 καί
1027 2655 1218 2740 Δημόκριτος·
1240 2656 1345 2721 ταότδν
1367 2662 1433 2727 νοῦς
1454 2656 1503 2720 καί
1524 2660 1620 2743 ψυχή,

259 2759 285 2824 si
313 2759 461 2825 conferas
487 2779 560 2825 eum
586 2758 673 2824 illius
698 2759 740 2824 de
767 2762 895 2825 sens.4
924 2760 957 2822 τδ
985 2758 1039 2841 γὰρ
1070 2757 1263 2823 αἰσθάνεσθαι
1295 2761 1343 2823 καὶ
1371 2761 1405 2823 τὸ
1433 2763 1547 2844 φρονεῖν
1578 2763 1620 2831 ὡς

259 2861 347 2925 ταῦτδ
369 2862 457 2944 λέγει.
491 2861 609 2926 similia
632 2869 706 2927 sunt
729 2883 824 2944 porro
843 2858 1059 2943 Theophrasti
1082 2860 1160 2939 §16
1181 2861 1257 2924 ἀλλὰ
1281 2862 1337 2944 μὴν
1360 2860 1429 2924 οὐδὲ
1443 2863 1496 2945 τὴν
1511 2864 1621 2948 ἡδονὴν

259 2966 307 3028 καὶ
331 2964 424 3047 λύπην
447 2964 686 3046 ὁμολογουμένως
708 2965 883 3029 ἀποδίδωσιν
905 2962 1031 3049 ἥδεσθαι
1054 2961 1106 3044 μὲν
1128 2967 1220 3025 ποιῶν
1242 2967 1301 3033 τοῖς
1321 2964 1442 3046 ὁμοίοις,
1464 2966 1620 3031 λυπεῖσθαι

259 3068 293 3130 δέ
314 3071 373 3136 τοῖς
395 3066 531 3136 ἐναντίοις
554 3072 587 3130 et
608 3064 804 3131 Placitorum
826 3066 907 3131 1V9
925 3075 956 3128 15
975 3063 1174 3147 Ἐμπεδοκλῆς
1199 3065 1251 3134 τὰς
1281 3066 1386 3148 ἡδονὰς
1407 3067 1537 3150 γίνεσθαι
1559 3074 1621 3141 τοῖς

260 3169 312 3251 μὲν
335 3168 446 3250 ὁμοίοις
468 3167 527 3251 <ἐκ>
549 3173 607 3229 τῶν
629 3167 750 3249 ὁμοίων,
771 3170 823 3239 τὰς
845 3169 870 3232 δ’
892 3169 1052 3254 ἀλγηδόνας
1073 3171 1134 3235 τοῖς
1155 3167 1303 3237 ἐναντίοις.
1336 3168 1394 3234 sed
1417 3188 1501 3252 quae
1524 3171 1623 3238 inter·

260 3270 368 3354 posit-a
383 3275 457 3333 sunt
472 3271 546 3333 κατὰ
561 3270 594 3333 δέ
610 3271 643 3333 τδ
658 3269 790 3335 ἐλλεῖπον
806 3273 877 3357 πρὸς
892 3273 944 3356 τὴν
967 3271 1150 3354 ἐκπλήρωσιν
1173 3272 1235 3332 κτλ.
1258 3267 1308 3356 [of.
1325 3269 1353 3335 V
1368 3267 1422 3357 28]
1445 3270 1511 3337 illic
1533 3281 1622 3340 certe

259 3391 280 3437 a
302 3372 527 3455 Theophrasto
550 3389 616 3435 non
638 3377 725 3437 tacta
747 3382 831 3440 sunt.
875 3373 933 3438 sed
960 3379 1069 3439 tamen
1099 3371 1222 3456 optima
1244 3378 1294 3436 est
1315 3372 1471 3438 memoria
1492 3381 1526 3439 et
1547 3395 1621 3440 cum

259 3473 478 3556 Empedoclea
492 3470 640 3538 doctrina
654 3475 784 3557 egregie
801 3475 1008 3542 consentiens
1030 3480 1066 3538 ut
1082 3473 1127 3538 IV
1142 3474 1185 3538 14
1204 3483 1217 3535 1
1243 3479 1276 3539 et
1290 3473 1335 3538 IV
1352 3477 1391 3541 17
1413 3483 1439 3539 ν.
1462 3495 1539 3558 ergo
1557 3476 1620 3541 nisi

259 3574 336 3639 alibi
366 3575 610 3658 Theophrastus
639 3574 697 3640 illa
725 3578 913 3661 repetierat,
942 3576 1043 3660 ipsius
1070 3574 1256 3660 philosophi
1286 3576 1388 3643 verba
1417 3576 1526 3643 nescio
1556 3599 1621 3661 quo

259 3684 354 3761 pacto
388 3677 566 3743 innotuisse
599 3675 759 3744 videntur.
803 3678 964 3744 norisium
992 3685 1042 3744 est
1064 3677 1109 3743 IV
1131 3662 1187 3741 58
1210 3675 1408 3764 Ἐμπεδοκλῆς
1438 3679 1469 3743 ἐν
1500 3685 1538 3763 τῇ
1568 3686 1622 3746 τοῦ

259 3781 380 3863 αἵματος
409 3783 543 3846 συστάσει
571 3799 614 3844 so.
638 3781 809 3863 ἡγεμονικὸν
837 3780 918 3845 εἶναι.
953 3800 1029 3845 nam
1056 3779 1236 3846 reoentiore
1259 3800 1409 3846 sermone
1431 3801 1622 3865 expressum

259 3888 309 3947 est
335 3882 421 3964 quod
448 3881 662 3965 Theophrast.
686 3883 764 3965 §10
784 3883 862 3949 dicit
886 3890 928 3970 τῷ
961 3885 1061 3966 αἵματι
1091 3886 1216 3966 μαλιστα
1241 3889 1367 3969 φρονεῖν.
1407 3903 1503 3967 porro
1530 3884 1622 3952 Plaa

258 3984 302 4048 IV
319 3986 360 4049 1ss
382 3995 392 4044 1
414 3982 612 4068 Ἐμπεδοκλῆς
635 3985 687 4067 τὴν
710 3985 802 4070 ἀκοὴν
824 3987 954 4070 γίνεσθαι
977 3987 1051 4050 κατὰ
1068 3985 1253 4069 πρόσπτωσιν
1268 3986 1430 4068 πνεύματος
1444 3991 1487 4071 τῷ
1503 3987 1622 4074 χόνδρφ

260 4088 346 4171 ὅνπερ
373 4089 461 4173 φησὶν
487 4087 663 4171 ἐξηρτῆσθαι
691 4087 772 4158 ἐντδς
793 4095 844 4153 τοῦ
868 4091 943 4159 ὠτὸς
965 4090 1102 4157 κώδωνος
1124 4089 1206 4170 δίκην
1228 4087 1425 4172 αἰωρούμενον
1447 4089 1496 4153 καὶ
1519 4093 1622 4157 τυπτό

260 4212 344 4270 μενον
372 4188 625 4273 Theophrasteis
647 4189 703 4272 §9
725 4191 898 4257 convenire
922 4190 1088 4273 videntur,
1119 4189 1178 4255 sed
1204 4208 1276 4255 cum
1304 4189 1421 4256 misere
1449 4190 1532 4257 haec
1553 4213 1623 4259 cor·

258 4297 355 4374 rupta
377 4290 450 4373 sint,
473 4291 658 4357 adscribere
681 4292 765 4355 nolo.
803 4310 824 4356 a
846 4292 973 4356 Zellcro
995 4291 1032 4355 1⁴
1055 4290 1138 4356 724⁸
1159 4290 1362 4376 vituperatur
1384 4293 1471 4374 quod
1492 4292 1526 4358 in
1548 4295 1623 4361 Pla·

260 4392 331 4458 citis
358 4395 461 4455 κώδων
488 4392 811 4475 tintinnabulum,
838 4413 902 4458 non
930 4391 1022 4457 tuba
1049 4393 1133 4476 [siva
1159 4395 1250 4457 tuboe
1269 4397 1429 4475 patentior
1450 4397 1551 4458 mam
1580 4396 1621 4463 ci.

260 4493 375 4559 Seuer.
399 4494 491 4579 epist
509 4496 582 4578 108,
604 4495 653 4559 1o.
683 4493 816 4558 Aristot.
839 4494 942 4577 probl.
967 4496 1008 4560 33
1032 4504 1064 4556 14
1089 4516 1121 4579 p.
1137 4495 1219 4560 963·
1242 4495 1275 4576 3]
1297 4495 1515 4580 intellegatur.
1562 4500 1623 4566 sed

260 4614 301 4659 ex
324 4597 481 4680 corruptis
503 4596 611 4663 serbis
633 4595 712 4662 certi
734 4594 908 4676 quidquam
930 4596 965 4662 in
980 4603 1128 4663 neutram
1144 4603 1271 4680 partem
1287 4596 1370 4664 effici
1393 4606 1510 4683 potest.
1533 4608 1623 4668 recte

333 4819 339 4849 ¹
359 4823 389 4870 ut.
412 4821 575 4872 Banmhauer
595 4829 705 4870 mutent
735 4827 813 4870 veter.
836 4822 928 4886 philos.
953 4838 1038 4889 graec.
1057 4822 1089 4872 dc
1113 4824 1161 4872 ria.
1179 4822 1241 4872 lum.
1261 4823 1341 4873 color.
1359 4839 1384 4886 p.
1399 4821 1442 4885 71,
1471 4829 1515 4889 qni
1535 4838 1622 4879 tamen

260 4903 393 4956 ἀποδοῦναι
411 4906 455 4963 τὰς
474 4906 569 4975 χρόας
587 4924 633 4973 pro
652 4903 731 4974 όρχός
749 4909 838 4958 inscite
857 4913 977 4960 correxit.
1002 4911 1034 4960 et
1046 4908 1060 4971 ξ
1073 4907 1107 4960 59
1126 4906 1154 4960 τό
1165 4925 1193 4960 τι
1204 4906 1293 4960 λεικδν
1311 4908 1354 4960 καὶ
1371 4906 1400 4960 τὸ
1418 4909 1497 4976 μέλαν
1515 4913 1621 4983 ἀρχαί.
