3442 5588
195 346 257 410 lffl
557 346 609 396 VII
645 345 694 395 DE
714 343 816 393 ABTll
834 342 949 393 SBOTA
968 344 1016 394 ET
1036 344 1183 394 AETATE

193 515 257 597 psit
280 519 312 578 et
336 521 370 579 ut
391 514 448 580 ille
471 513 610 598 optimos
635 514 794 598 pessimos
822 520 971 577 auctores
999 510 1181 596 promiscue
1207 509 1358 594 adscivit,
1388 509 1437 575 ita
1457 511 1556 577 Arius

192 635 404 699 quaecunque
419 618 453 682 in
468 637 584 682 manus
598 623 757 681 venerant
779 614 933 698 primaria
954 613 1108 707 cuiusque
1122 617 1232 678 sectae
1246 631 1312 677 non
1326 612 1433 678 minus
1455 632 1554 697 quam

192 718 324 802 quintae
353 720 467 785 classis
494 719 614 802 scripta
636 718 788 802 respexit.
831 723 1001 800 praeterea
1033 714 1185 782 eclectico
1208 733 1337 799 genere,
1364 714 1393 780 si
1420 716 1498 799 quid
1519 716 1554 782 in

191 820 365 903 prooemiis
388 821 537 904 propriae
564 821 731 887 doctrinae
758 821 907 905 pellucet,
936 826 1071 900 uterque
1098 836 1174 881 usus
1204 823 1264 883 est.
1296 818 1335 883 In
1361 817 1439 884 Ario
1467 818 1554 885 inter

192 922 373 987 Stoicorum
395 923 544 989 notiones
568 923 814 1005 Aristotelisque
839 921 1020 1004 categorias
1043 938 1108 1003 pax
1131 918 1303 985 conciliata
1324 928 1374 985 est
1396 919 1437 987 cf.
1461 920 1552 987 Stoh.

191 1026 249 1090 ecl.
262 1025 295 1090 II
311 1046 341 1109 p.
352 1026 441 1091 46Η.
466 1045 564 1110 supra
579 1047 610 1109 p.
629 1026 679 1090 70.
711 1026 812 1090 multo
829 1025 926 1090 etiarn
941 1021 1046 1106 magis
1061 1022 1193 1087 decolor
1208 1021 1293 1086 Astii
1308 1023 1422 1089 oratio.
1455 1023 1553 1090 modo

191 1127 441 1211 Peripateticum
472 1129 566 1193 audis
594 1129 686 1193 velut
713 1128 802 1193 Plao.
826 1128 841 1192 I
863 1128 918 1192 Μ
945 1128 979 1189 τὸ
1007 1125 1082 1195 εἶδος
1108 1126 1125 1188 ὃ
1152 1128 1332 1209 καλοῦμεν
1360 1126 1552 1212 ἐντελέχειαν,

190 1228 286 1294 modo
309 1228 450 1295 Stoicum
474 1231 565 1297 velut
593 1229 712 1296 ibidem
740 1232 834 1316 ἀρχάς
861 1254 955 1315 φαμεν
982 1227 1054 1292 εἶναι
1080 1226 1147 1291 οὔτε
1174 1228 1330 1298 συνθέτους
1355 1227 1423 1293 αὔτα
1451 1230 1553 1293 ἀττατα-

190 1332 332 1414 λέσματα,
354 1332 412 1397 sed
435 1339 470 1397 ut
491 1332 548 1398 ille
570 1331 698 1415 Stoicis,
720 1332 895 1398 itatenus
917 1329 1141 1414 Peripateticis
1163 1329 1378 1415 principatum
1400 1329 1551 1398 tribuisse

189 1433 327 1518 videtur,
350 1437 377 1499 si
398 1435 529 1518 quidem
550 1434 584 1499 in
605 1434 769 1517 prooemio
792 1433 856 1500 etl
872 1436 900 1498 1.
917 1434 937 1498 2
959 1431 1144 1498 Aristotelis
1164 1438 1214 1497 ter
1235 1452 1307 1497 cum
1323 1433 1551 1517 Theophrasto

189 1544 222 1602 et
244 1536 479 1621 Peripateticis,
502 1538 605 1604 semel
629 1536 809 1603 Stoicorum
830 1536 883 1601 vel
905 1534 1051 1599 Platonis
1073 1532 1255 1600 sententiae
1275 1544 1447 1618 apparent.
1477 1535 1552 1602 hinc

188 1641 373 1706 coniectura
400 1640 489 1704 valet
514 1639 548 1704 in
575 1639 863 1723 Peripateticorum
890 1657 963 1702 eum
999 1636 1112 1702 schola
1143 1635 1292 1701 tirocinia
1323 1637 1551 1723 philosophiae

187 1743 344 1826 posuisse.
382 1760 458 1806 nam
485 1761 584 1825 supra
611 1741 760 1807 tirocinia
786 1740 842 1806 ille
873 1739 1002 1821 quidem
1029 1758 1203 1821 numquam
1229 1744 1361 1804 evectus
1383 1748 1442 1806 est
1488 1760 1549 1807 nec

187 1845 339 1926 graviora
360 1843 478 1909 desunt
500 1843 628 1908 indicis.
652 1850 780 1908 constat
806 1848 880 1925 post
901 1840 1121 1906 Andronicum
1143 1840 1197 1923 qui
1220 1840 1395 1907 extiterunt
1417 1842 1549 1927 Peripa-

186 1946 273 2010 tetici
302 1966 357 2012 eos
385 1946 519 2011 scholae
545 1947 659 2011 umbra
686 1967 751 2012 non
780 1963 928 2027 egressos
950 1961 1039 2026 esse,
1062 1948 1097 2007 ut
1127 1962 1168 2008 ex
1194 1942 1267 2008 unis
1294 1943 1363 2011 iere
1390 1965 1550 2012 commcn-

186 2047 277 2112 tariis
311 2049 500 2118 tenuissima
529 2049 644 2114 notitia
670 2048 792 2114 hauriri
824 2045 936 2130 possit.
966 2044 1079 2110 Aetius
1111 2051 1230 2129 autem,
1264 2046 1316 2129 qui
1340 2047 1550 2114 Posidonium

185 2150 307 2233 alioqui
338 2151 508 2216 ultimum¹
539 2151 690 2234 cognovit
721 2147 1002 2236 philosophorum,
1033 2146 1284 2230 Peripateticum
1318 2157 1550 2215 commemorat

185 2253 431 2318 Xenarchum
458 2255 596 2319 amicum
619 2253 687 2317 Arii
714 2260 747 2319 ct
769 2251 918 2335 Augusti,
942 2249 1032 2314 cuius
1062 2249 1103 2314 de
1130 2249 1240 2315 anima
1262 2251 1372 2335 opinio
1394 2251 1477 2319 haec
1498 2259 1550 2319 est

184 2355 229 2421 IV
252 2357 272 2419 3
298 2365 329 2418 10
358 2356 506 2442 Ξέναρχος
533 2359 549 2420 ὁ
580 2357 808 2443 Περιπατητικὸς
839 2354 889 2418 καί
913 2377 986 2422 τινες
1014 2352 1105 2435 ἕτεραι
1132 2357 1184 2437 τῆς
1211 2354 1301 2439 αὐτῆς
1329 2355 1469 2441 αἱρέσεως
1493 2356 1548 2440 τὴν

185 2458 259 2521 κατὰ
280 2460 314 2521 τὸ
342 2457 417 2528 εἶδος
438 2458 604 2542 τελειότητα
630 2461 677 2523 καὶ
701 2459 879 2544 ἐντελέχειαν
906 2455 977 2520 καθ’
1000 2456 1106 2538 ἑαυτὴν
1134 2455 1222 2520 οὖσαν
1245 2457 1307 2540 ἅμα
1328 2459 1377 2523 καὶ
1400 2459 1473 2542 μετὰ
1494 2463 1547 2524 ταῦ

185 2565 321 2644 σώματος
350 2562 611 2646 συντεταγμένην·
653 2561 730 2645 quid
755 2562 874 2645 igitur?
903 2581 1011 2627 nonne
1038 2559 1192 2626 credibile
1218 2560 1366 2626 notitiam
1387 2561 1477 2627 illam
1500 2581 1549 2628 re

184 2671 310 2730 centem
326 2684 367 2729 ex
382 2663 454 2747 ipsa
469 2663 677 2748 Peripatetici
699 2666 812 2731 schola
835 2670 999 2749 receptam
1021 2663 1116 2730 esse?
1137 2663 1292 2730 credibile
1315 2683 1394 2730 sane
1417 2665 1476 2730 sed
1491 2663 1548 2730 mi·

182 2767 270 2832 nime
292 2765 521 2850 necessarium,
545 2775 579 2831 ut
601 2776 745 2852 praestet
766 2787 850 2851 quae
872 2775 961 2834 certa
982 2774 1057 2833 sunt
1079 2767 1155 2833 inde
1177 2766 1380 2834 concludere.
1417 2768 1547 2852 scripsit

182 2869 295 2934 Attius
317 2891 382 2934 non
405 2877 482 2934 ante
496 2870 686 2955 Augustum,
709 2869 859 2953 idemque
881 2891 946 2934 non
968 2877 1043 2953 post
1061 2869 1254 2953 Antoninos,
1276 2889 1413 2952 qnorum
1434 2877 1547 2936 aetate

183 2973 385 3055 excerpsisse
407 2971 535 3038 videtur
559 2971 761 3038 Plutarchus.
796 2973 960 3055 quaeritur
982 2980 1053 3039 uter
1076 2971 1231 3038 terminus
1254 2973 1386 3057 propius
1400 2972 1443 3038 ab
1458 2973 1547 3038 illins

182 3074 283 3138 natali
306 3073 400 3139 absit.
436 3094 500 3157 qua
522 3075 555 3138 in
579 3095 614 3139 re
636 3094 697 3141 nec
718 3083 784 3140 tam
806 3075 922 3159 inopes
943 3096 1053 3140 sumus
1075 3082 1337 3158 argumentorum
1360 3083 1394 3141 ut
1414 3096 1458 3142 ne
1472 3095 1547 3141 ocn-

180 3173 337 3240 iccturam
359 3175 488 3259 quidem
511 3176 688 3260 periclitari
711 3178 809 3244 liceat
830 3198 891 3244 nec
913 3185 980 3243 tam
994 3177 1141 3243 instructi
1158 3177 1345 3242 ssuhsidiis
1359 3184 1395 3243 ut
1410 3177 1548 3244 ulterius

180 3278 316 3361 provehi
341 3277 391 3342 fas
413 3279 463 3344 sit.
507 3277 656 3344 nimirum
678 3280 797 3346 frustra
819 3281 904 3345 Astii
925 3280 1065 3347 rhetoris
1087 3279 1244 3345 memoria
1265 3279 1425 3365 citabitur,
1448 3300 1545 3363 quem

181 3401 211 3462 p.
219 3381 261 3445 49
273 3381 409 3464 Augusti
422 3381 522 3448 aetati
535 3403 709 3466 supparem
717 3382 793 3448 dixi.
810 3382 886 3466 quid
899 3383 984 3449 enim
997 3382 1117 3448 rhetori
1129 3381 1361 3447 communionis
1370 3402 1442 3447 cum
1455 3382 1547 3448 echo

181 3482 294 3548 lastico
311 3483 506 3549 Placitorum
529 3491 727 3569 enarratore,
750 3485 812 3550 nisi
834 3485 917 3551 forte
939 3485 972 3550 in
992 3484 1148 3551 materiae
1163 3484 1308 3550 siccitate
1323 3483 1547 3568 dispositionis

179 3585 281 3651 turbis
298 3586 452 3652 orationis
468 3588 612 3654 exilitate
629 3587 782 3653 novitatis
798 3606 872 3652 eum
886 3586 1050 3670 quandam
1065 3586 1203 3670 gratiam
1218 3595 1413 3671 aucupatum
1426 3587 1547 3672 putas?

179 3708 284 3771 neque
306 3710 348 3755 ex
370 3691 566 3773 astrologiae
589 3691 754 3758 mentione
776 3691 804 3757 V
827 3690 867 3754 18
887 3701 902 3753 c
926 3687 978 3771 [cf.
995 3689 1028 3754 II
1047 3710 1189 3772 prooem.
1205 3696 1263 3753 τῶν
1286 3688 1545 3778 ἀποτελεσμάτων]

180 3797 321 3856 aetatem
352 3793 535 3857 accuratius
568 3793 873 3861 circumscrihemus.
923 3812 999 3861 nam
1032 3792 1210 3875 astrologia
1243 3793 1304 3859 etsi
1337 3793 1396 3859 sub
1431 3793 1546 3878 primis

255 3980 262 4011 ¹
282 3983 399 4033 Ocellam
418 3981 492 4035 1125
507 3995 529 4032 rs
551 3986 641 4034 omitto
665 4000 741 4047 quem
765 4001 822 4034 cum
840 3984 995 4036 Plutarchus
1014 3992 1040 4034 et
1057 3983 1237 4035 Theodorems
1256 3988 1376 4048 ignorent
1393 4001 1409 4035 a
1427 3985 1544 4037 samso

179 4072 306 4120 invectum
325 4087 381 4121 esse
400 4072 542 4136 probabile.
575 4075 665 4136 ignota
683 4082 755 4122 aetas
774 4081 812 4121 est
832 4066 1035 4137 Apollojdori
1054 4071 1193 4137 Corcyraei
1212 4070 1266 4134 [111
1281 4068 1337 4122 12⁸
1353 4073 1464 4123 somne
1483 4083 1543 4123 sats

176 4157 340 4222 Pamphilum
359 4163 552 4224 grammaticum
565 4160 661 4209 Athen.
675 4160 715 4209 XI
734 4176 758 4223 p.
773 4157 825 4210 478
837 4159 874 4222 s],
894 4159 1034 4208 Dictimi
1052 4159 1124 4224 Tyrii
1137 4160 1169 4208 ci.
1181 4159 1214 4209 sd
1226 4158 1254 4208 11
1268 4158 1299 4209 17
1309 4167 1327 4220 t,
1347 4160 1486 4224 Epidici
1498 4157 1542 4223 [i]

174 4245 203 4294 11
221 4244 275 4295 tc.
303 4255 363 4297 ante
387 4249 545 4298 Antiochum
571 4257 610 4298 est
628 4249 821 4311 Timagoras
839 4247 982 4312 Epicureus
1010 4243 1053 4307 [ci.
1079 4245 1133 4295 Cic.
1152 4247 1252 4295 Lucull.
1272 4242 1305 4298 25
1323 4244 1367 4310 sc].
1395 4247 1429 4297 de
1452 4246 1541 4299 Stoico

175 4333 302 4382 Boetho
320 4335 429 4385 ridicule
448 4337 543 4386 erravit
562 4335 686 4385 Corsinus
705 4351 729 4399 p.
743 4335 851 4384 XXVII
870 4349 945 4398 quem
963 4343 1065 4384 secutus
1083 4342 1121 4383 est
1139 4333 1259 4383 Bcckius.

245 4416 256 4448 ²
276 4419 393 4471 definitio
407 4437 460 4472 non
473 4423 567 4481 verbis,
586 4431 614 4472 st
626 4439 653 4472 re
666 4423 823 4472 Aristotelea
836 4431 882 4472 est.
905 4436 956 4486 quo
968 4423 1050 4485 magis
1068 4421 1220 4482 mirandum,
1239 4421 1309 4484 quod
1328 4424 1432 4472 animae
1451 4422 1539 4474 defini·

176 4508 273 4556 tionem
287 4523 303 4557 a
316 4508 498 4572 Theophrasto
512 4525 542 4559 ac
559 4511 645 4560 multis
664 4511 785 4575 deinceps
797 4511 977 4574 Peripateticis
996 4513 1122 4560 rariamm
1141 4526 1193 4561 nco
1212 4513 1366 4572 attrectavit,
1384 4526 1444 4559 curn
1456 4519 1539 4562 umen

175 4608 259 4643 arcem
278 4598 402 4646 natrrralis
416 4597 562 4647 Aristotelis
576 4598 717 4657 doctrinae,
735 4597 846 4647 aetheris
864 4600 1005 4648 motionem
1020 4594 1045 4646 έν
1057 4598 1111 4652 ταῖς
1123 4594 1184 4664 πρὸς
1194 4594 1241 4665 τὴν
1253 4595 1371 4665 πέμπτην
1382 4593 1471 4647 obolos
1482 4596 1538 4649 dcc

174 4679 237 4749 ρέαις
256 4680 383 4747 [Simplic.
396 4683 422 4734 d.
437 4685 500 4734 cael.
513 4701 538 4749 p.
553 4683 580 4734 ll
591 4692 604 4731 t
616 4684 659 4745 41,
675 4680 726 4734 lib
736 4680 771 4734 14
781 4683 881 4747 Karst]
899 4686 1083 4749 impugnasset.
1104 4685 1147 4746 qui
1159 4685 1254 4735 fuerint
1266 4683 1310 4735 acl
1327 4700 1392 4741 τινας
1417 4680 1497 4753 impet
1514 4688 1538 4737 in

172 4778 244 4819 tanta
261 4769 352 4820 harum
366 4786 452 4820 remor
466 4771 621 4821 obscuritate
634 4773 776 4834 ignoratur.
795 4787 852 4820 cum
866 4771 968 4822 Boetho
981 4772 1083 4835 aequali
1097 4772 1314 4836 Peripatetico-
1328 4787 1390 4822 nam
1403 4780 1537 4836 unumque

172 4857 272 4906 audivit
290 4857 384 4908 Strabo
406 4884 435 4893 -
457 4861 585 4907 corruentit
603 4860 635 4909 de
655 4861 737 4924 primo
757 4859 902 4923 expetendo
922 4856 1035 4926 [πρῶτον
1053 4857 1144 4908 οἰκεῖον
1162 4860 1240 4909 Alex.
1258 4859 1283 4908 d.
1303 4861 1382 4911 anim.
1406 4857 1456 4911 154
1467 4858 1539 4925 nm.

170 4945 216 4992 sed
229 4944 261 4992 dc
274 4944 367 4994 Boethi
380 4945 548 5009 psychologis
567 4947 631 4997 nihil
652 4955 810 5012 compertum
824 4947 946 4997 habemus
958 4950 1007 4997 nisi
1023 4949 1093 5011 quod
1106 4949 1322 4998 immortalitatem
1341 4949 1423 4999 anlml
1442 4949 1538 4999 reiecit.
