<?xml version="1.0" encoding="UTF-8"?>
<!DOCTYPE html PUBLIC "-//W3C//DTD XHTML 1.0 Transitional//EN"
    "http://www.w3.org/TR/xhtml1/DTD/xhtml1-transitional.dtd">
<html xmlns="http://www.w3.org/1999/xhtml" xml:lang="en" lang="en">
 <head>
  <title>
</title>
<meta http-equiv="Content-Type" content="text/html;charset=utf-8" />
  <meta name='ocr-system' content='tesseract 3.04.00' />
  <meta name='ocr-capabilities' content='ocr_page ocr_carea ocr_par ocr_line ocrx_word'/>
</head>
<body>
  <div class='ocr_page' id='page_1' title='image "./doxographigraec00dielgoog/doxographigraec00dielgoog_0034.png"; bbox 0 0 3442 5588; ppageno 0'>
   <div class='ocr_carea' id='block_1_1' title="bbox 637 324 1451 388">
    <p class='ocr_par' dir='ltr' id='par_1_1' title="bbox 637 324 1451 388">
     <span class='ocr_line' id='line_1_1' title="bbox 637 324 1451 388; baseline -0.006 -13"><span class='ocrx_word' id='word_1_1' title='bbox 637 324 913 376; x_wconf 77' lang='lat' dir='ltr'><strong>reoneoouann</strong></span> <span class='ocrx_word' id='word_1_2' title='bbox 1413 325 1451 388; x_wconf 81' lang='lat'><strong>11</strong></span> 
     </span>
    </p>
   </div>
   <div class='ocr_carea' id='block_1_2' title="bbox 86 493 1457 4362">
    <p class='ocr_par' dir='ltr' id='par_1_2' title="bbox 87 493 1456 3235">
     <span class='ocr_line' id='line_1_2' title="bbox 94 493 1455 578; baseline -0.004 -16"><span class='ocrx_word' id='word_1_3' title='bbox 94 506 125 562; x_wconf 90' lang='lat' dir='ltr'><strong>et</strong></span> <span class='ocrx_word' id='word_1_4' title='bbox 147 495 293 578; x_wconf 90' lang='lat' dir='ltr'><strong>perbono</strong></span> <span class='ocrx_word' id='word_1_5' title='bbox 316 502 349 559; x_wconf 86' lang='lat' dir='ltr'><strong>ct</strong></span> <span class='ocrx_word' id='word_1_6' title='bbox 371 493 544 577; x_wconf 77' lang='lat' dir='ltr'>diligenter</span> <span class='ocrx_word' id='word_1_7' title='bbox 565 514 643 559; x_wconf 73' lang='lat' dir='ltr'><strong>ursus</strong></span> <span class='ocrx_word' id='word_1_8' title='bbox 664 493 746 557; x_wconf 89' lang='lat' dir='ltr'><strong>est.¹</strong></span> <span class='ocrx_word' id='word_1_9' title='bbox 782 493 902 559; x_wconf 90' lang='lat' dir='ltr'><strong>multus</strong></span> <span class='ocrx_word' id='word_1_10' title='bbox 925 495 1000 559; x_wconf 90' lang='lat' dir='ltr'><strong>olim</strong></span> <span class='ocrx_word' id='word_1_11' title='bbox 1022 494 1082 560; x_wconf 83' lang='lat' dir='ltr'><strong>fuit</strong></span> <span class='ocrx_word' id='word_1_12' title='bbox 1098 494 1273 558; x_wconf 81' lang='lat' dir='ltr'><strong>Krischeus</strong></span> <span class='ocrx_word' id='word_1_13' title='bbox 1288 493 1455 574; x_wconf 86' lang='lat' dir='ltr'><strong>sagacissi-</strong></span> 
     </span>
     <span class='ocr_line' id='line_1_3' title="bbox 93 595 1455 679; baseline -0.001 -17"><span class='ocrx_word' id='word_1_14' title='bbox 93 619 163 662; x_wconf 89' lang='lat' dir='ltr'><strong>mus</strong></span> <span class='ocrx_word' id='word_1_15' title='bbox 194 596 390 663; x_wconf 88' lang='lat' dir='ltr'><strong>Placitorum</strong></span> <span class='ocrx_word' id='word_1_16' title='bbox 424 603 595 662; x_wconf 78' lang='lat' dir='ltr'><strong>enarrator</strong></span> <span class='ocrx_word' id='word_1_17' title='bbox 631 595 664 660; x_wconf 94' lang='lat' dir='ltr'><strong>in</strong></span> <span class='ocrx_word' id='word_1_18' title='bbox 699 595 892 679; x_wconf 81' lang='lat' dir='ltr'><strong>explicando</strong></span> <span class='ocrx_word' id='word_1_19' title='bbox 923 596 1063 678; x_wconf 90' lang='lat' dir='ltr'><strong>quodam</strong></span> <span class='ocrx_word' id='word_1_20' title='bbox 1094 597 1178 662; x_wconf 89' lang='lat' dir='ltr'><strong>inter</strong></span> <span class='ocrx_word' id='word_1_21' title='bbox 1209 596 1384 661; x_wconf 81' lang='lat' dir='ltr'><strong>Stobaeum</strong></span> <span class='ocrx_word' id='word_1_22' title='bbox 1415 615 1455 660; x_wconf 90' lang='lat' dir='ltr'><strong>aa</strong></span> 
     </span>
     <span class='ocr_line' id='line_1_4' title="bbox 94 697 1454 783; baseline -0.003 -18"><span class='ocrx_word' id='word_1_23' title='bbox 94 698 301 765; x_wconf 79' lang='lat' dir='ltr'><strong>Plutarchum</strong></span> <span class='ocrx_word' id='word_1_24' title='bbox 329 697 522 765; x_wconf 82' lang='lat' dir='ltr'><strong>discrimine.</strong></span> <span class='ocrx_word' id='word_1_25' title='bbox 561 699 616 764; x_wconf 88' lang='lat' dir='ltr'><strong>ille</strong></span> <span class='ocrx_word' id='word_1_26' title='bbox 641 698 777 782; x_wconf 75' lang='lat' dir='ltr'><strong>praebet</strong></span> <span class='ocrx_word' id='word_1_27' title='bbox 796 697 1014 782; x_wconf 75' lang='grc' dir='ltr'>Ἀναξίμανδρος</span> <span class='ocrx_word' id='word_1_28' title='bbox 1037 700 1205 783; x_wconf 78' lang='grc' dir='ltr'><strong>ἀπεφήνατο</strong></span> <span class='ocrx_word' id='word_1_29' title='bbox 1230 699 1297 767; x_wconf 78' lang='grc' dir='ltr'><strong>τοὺς</strong></span> <span class='ocrx_word' id='word_1_30' title='bbox 1319 699 1454 781; x_wconf 80' lang='grc' dir='ltr'>ἀπείρους</span> 
     </span>
     <span class='ocr_line' id='line_1_5' title="bbox 91 799 1454 886; baseline 0 -22"><span class='ocrx_word' id='word_1_31' title='bbox 91 803 232 884; x_wconf 76' lang='grc' dir='ltr'><strong>οὐρανοὺς</strong></span> <span class='ocrx_word' id='word_1_32' title='bbox 259 802 365 873; x_wconf 80' lang='grc' dir='ltr'><strong>θεούς,</strong></span> <span class='ocrx_word' id='word_1_33' title='bbox 390 800 555 866; x_wconf 76' lang='lat' dir='ltr'><strong>Plutarchi</strong></span> <span class='ocrx_word' id='word_1_34' title='bbox 575 800 603 884; x_wconf 90' lang='lat'><strong>(1</strong></span> <span class='ocrx_word' id='word_1_35' title='bbox 626 801 642 864; x_wconf 80' lang='lat'><strong>7</strong></span> <span class='ocrx_word' id='word_1_36' title='bbox 666 800 712 886; x_wconf 72' lang='grc' dir='ltr'><strong>ιν)</strong></span> <span class='ocrx_word' id='word_1_37' title='bbox 737 800 879 884; x_wconf 87' lang='lat' dir='ltr'><strong>codices,</strong></span> <span class='ocrx_word' id='word_1_38' title='bbox 910 800 1025 883; x_wconf 89' lang='lat' dir='ltr'><strong>quibus</strong></span> <span class='ocrx_word' id='word_1_39' title='bbox 1051 799 1182 864; x_wconf 85' lang='lat' dir='ltr'><strong>Eusebii</strong></span> <span class='ocrx_word' id='word_1_40' title='bbox 1208 799 1334 865; x_wconf 89' lang='lat' dir='ltr'><strong>accedit</strong></span> <span class='ocrx_word' id='word_1_41' title='bbox 1364 799 1454 881; x_wconf 85' lang='lat' dir='ltr'><strong>fides,</strong></span> 
     </span>
     <span class='ocr_line' id='line_1_6' title="bbox 194 898 1454 987; baseline -0.001 -23.076"><span class='ocrx_word' id='word_1_42' title='bbox 194 905 262 974; x_wconf 80' lang='grc' dir='ltr'><strong>τοὺς</strong></span> <span class='ocrx_word' id='word_1_43' title='bbox 293 903 415 987; x_wconf 79' lang='grc' dir='ltr'><strong><em>ἀστέρας</em></strong></span> <span class='ocrx_word' id='word_1_44' title='bbox 446 903 596 987; x_wconf 77' lang='grc' dir='ltr'>οὐρανίους</span> <span class='ocrx_word' id='word_1_45' title='bbox 626 903 721 973; x_wconf 76' lang='grc' dir='ltr'><strong>θεούς.</strong></span> <span class='ocrx_word' id='word_1_46' title='bbox 770 904 847 967; x_wconf 90' lang='lat' dir='ltr'><strong>nolo</strong></span> <span class='ocrx_word' id='word_1_47' title='bbox 883 900 1049 986; x_wconf 79' lang='lat' dir='ltr'><strong>persequi,</strong></span> <span class='ocrx_word' id='word_1_48' title='bbox 1084 907 1237 983; x_wconf 90' lang='lat' dir='ltr'><strong>quantam</strong></span> <span class='ocrx_word' id='word_1_49' title='bbox 1270 898 1454 984; x_wconf 79' lang='lat' dir='ltr'><strong>explicandi</strong></span> 
     </span>
     <span class='ocr_line' id='line_1_7' title="bbox 90 1003 1453 1088; baseline -0.001 -19"><span class='ocrx_word' id='word_1_50' title='bbox 90 1004 304 1072; x_wconf 74' lang='lat' dir='ltr'><strong>subtilitatem</strong></span> <span class='ocrx_word' id='word_1_51' title='bbox 337 1003 412 1069; x_wconf 91' lang='lat' dir='ltr'><strong>huic</strong></span> <span class='ocrx_word' id='word_1_52' title='bbox 444 1003 687 1088; x_wconf 86' lang='lat' dir='ltr'><strong>discrepantiae</strong></span> <span class='ocrx_word' id='word_1_53' title='bbox 720 1003 980 1087; x_wconf 85' lang='lat' dir='ltr'><strong>supershuxerit.</strong></span> <span class='ocrx_word' id='word_1_54' title='bbox 1014 1022 1097 1086; x_wconf 75' lang='lat' dir='ltr'><strong>(luae</strong></span> <span class='ocrx_word' id='word_1_55' title='bbox 1129 1022 1245 1068; x_wconf 87' lang='lat' dir='ltr'><strong>revera</strong></span> <span class='ocrx_word' id='word_1_56' title='bbox 1277 1004 1368 1067; x_wconf 92' lang='lat' dir='ltr'><strong>nulla</strong></span> <span class='ocrx_word' id='word_1_57' title='bbox 1394 1009 1453 1068; x_wconf 88' lang='lat' dir='ltr'><strong>est</strong></span> 
     </span>
     <span class='ocr_line' id='line_1_8' title="bbox 90 1102 1455 1189; baseline -0.001 -18"><span class='ocrx_word' id='word_1_58' title='bbox 90 1127 166 1171; x_wconf 91' lang='lat' dir='ltr'><strong>nam</strong></span> <span class='ocrx_word' id='word_1_59' title='bbox 192 1105 249 1172; x_wconf 93' lang='lat' dir='ltr'><strong>ille</strong></span> <span class='ocrx_word' id='word_1_60' title='bbox 275 1106 351 1170; x_wconf 91' lang='lat' dir='ltr'><strong>dum</strong></span> <span class='ocrx_word' id='word_1_61' title='bbox 381 1106 424 1171; x_wconf 88' lang='lat' dir='ltr'><strong>ad</strong></span> <span class='ocrx_word' id='word_1_62' title='bbox 452 1105 618 1172; x_wconf 75' lang='lat' dir='ltr'><strong>Ciceronis</strong></span> <span class='ocrx_word' id='word_1_63' title='bbox 642 1106 785 1189; x_wconf 87' lang='lat' dir='ltr'><strong>ineptias</strong></span> <span class='ocrx_word' id='word_1_64' title='bbox 812 1105 1032 1171; x_wconf 88' lang='lat' dir='ltr'><strong>enucleandas</strong></span> <span class='ocrx_word' id='word_1_65' title='bbox 1058 1104 1195 1171; x_wconf 81' lang='lat' dir='ltr'><strong>calidius</strong></span> <span class='ocrx_word' id='word_1_66' title='bbox 1221 1102 1367 1187; x_wconf 87' lang='lat' dir='ltr'><strong>enititur,</strong></span> <span class='ocrx_word' id='word_1_67' title='bbox 1394 1102 1455 1188; x_wconf 81' lang='lat' dir='ltr'><strong>Cy·</strong></span> 
     </span>
     <span class='ocr_line' id='line_1_9' title="bbox 90 1205 1453 1291; baseline -0.003 -19"><span class='ocrx_word' id='word_1_68' title='bbox 90 1208 198 1272; x_wconf 89' lang='lat' dir='ltr'><strong>rillum</strong></span> <span class='ocrx_word' id='word_1_69' title='bbox 220 1208 368 1290; x_wconf 83' lang='lat' dir='ltr'><strong>neglexit</strong></span> <span class='ocrx_word' id='word_1_70' title='bbox 391 1207 579 1273; x_wconf 90' lang='lat' dir='ltr'><strong>Plutarchei</strong></span> <span class='ocrx_word' id='word_1_71' title='bbox 601 1208 663 1273; x_wconf 91' lang='lat' dir='ltr'><strong>loci</strong></span> <span class='ocrx_word' id='word_1_72' title='bbox 685 1207 906 1291; x_wconf 88' lang='lat' dir='ltr'><strong>incorruptum</strong></span> <span class='ocrx_word' id='word_1_73' title='bbox 928 1214 1053 1273; x_wconf 89' lang='lat' dir='ltr'><strong>testem.</strong></span> <span class='ocrx_word' id='word_1_74' title='bbox 1099 1227 1193 1289; x_wconf 92' lang='lat' dir='ltr'><strong>quem</strong></span> <span class='ocrx_word' id='word_1_75' title='bbox 1216 1205 1292 1271; x_wconf 87' lang='lat' dir='ltr'><strong>audi</strong></span> <span class='ocrx_word' id='word_1_76' title='bbox 1317 1227 1347 1288; x_wconf 90' lang='lat' dir='ltr'><strong>p.</strong></span> <span class='ocrx_word' id='word_1_77' title='bbox 1371 1205 1453 1269; x_wconf 77' lang='lat'><strong>280:</strong></span> 
     </span>
     <span class='ocr_line' id='line_1_10' title="bbox 87 1307 1455 1394; baseline -0.001 -21"><span class='ocrx_word' id='word_1_78' title='bbox 87 1309 358 1394; x_wconf 68' lang='grc' dir='ltr'><strong>Ἀναξίμανδρος</strong></span> <span class='ocrx_word' id='word_1_79' title='bbox 385 1312 418 1374; x_wconf 84' lang='grc' dir='ltr'><strong>δὲ</strong></span> <span class='ocrx_word' id='word_1_80' title='bbox 445 1310 528 1393; x_wconf 85' lang='grc' dir='ltr'><strong>οἷμον</strong></span> <span class='ocrx_word' id='word_1_81' title='bbox 556 1311 655 1394; x_wconf 80' lang='grc' dir='ltr'><strong>ὥσπερ</strong></span> <span class='ocrx_word' id='word_1_82' title='bbox 681 1311 782 1394; x_wconf 80' lang='grc' dir='ltr'><strong>ἑτέραν</strong></span> <span class='ocrx_word' id='word_1_83' title='bbox 811 1311 976 1394; x_wconf 78' lang='grc' dir='ltr'><strong>όλοτρόπως</strong></span> <span class='ocrx_word' id='word_1_84' title='bbox 1010 1309 1061 1373; x_wconf 83' lang='grc' dir='ltr'><strong>ἰὼν</strong></span> <span class='ocrx_word' id='word_1_85' title='bbox 1095 1307 1303 1394; x_wconf 83' lang='lat' dir='ltr'><strong>[antecedunt</strong></span> <span class='ocrx_word' id='word_1_86' title='bbox 1335 1307 1455 1372; x_wconf 84' lang='lat' dir='ltr'><strong>Thales</strong></span> 
     </span>
     <span class='ocr_line' id='line_1_11' title="bbox 90 1409 1455 1500; baseline -0.002 -23"><span class='ocrx_word' id='word_1_87' title='bbox 90 1411 372 1500; x_wconf 83' lang='lat' dir='ltr'><strong>Democritusque]</strong></span> <span class='ocrx_word' id='word_1_88' title='bbox 397 1414 479 1476; x_wconf 83' lang='grc' dir='ltr'><strong>θεὸν</strong></span> <span class='ocrx_word' id='word_1_89' title='bbox 502 1413 656 1496; x_wconf 73' lang='grc' dir='ltr'><strong>διορίζεται</strong></span> <span class='ocrx_word' id='word_1_90' title='bbox 678 1413 766 1477; x_wconf 84' lang='grc' dir='ltr'><strong>εἶναι</strong></span> <span class='ocrx_word' id='word_1_91' title='bbox 793 1415 872 1484; x_wconf 81' lang='grc' dir='ltr'><strong>τοὺς</strong></span> <span class='ocrx_word' id='word_1_92' title='bbox 898 1413 1059 1496; x_wconf 80' lang='grc' dir='ltr'><strong>ἀπείρους</strong></span> <span class='ocrx_word' id='word_1_93' title='bbox 1086 1413 1245 1494; x_wconf 85' lang='grc' dir='ltr'><strong>κόσμους.</strong></span> <span class='ocrx_word' id='word_1_94' title='bbox 1283 1429 1359 1475; x_wconf 87' lang='lat' dir='ltr'><strong>ecce</strong></span> <span class='ocrx_word' id='word_1_95' title='bbox 1385 1409 1455 1475; x_wconf 88' lang='lat' dir='ltr'><strong>Sto·</strong></span> 
     </span>
     <span class='ocr_line' id='line_1_12' title="bbox 91 1512 1454 1598; baseline -0.001 -21"><span class='ocrx_word' id='word_1_96' title='bbox 91 1514 165 1579; x_wconf 87' lang='lat' dir='ltr'><strong>baei</strong></span> <span class='ocrx_word' id='word_1_97' title='bbox 192 1515 350 1581; x_wconf 89' lang='lat' dir='ltr'><strong>memoria</strong></span> <span class='ocrx_word' id='word_1_98' title='bbox 377 1521 583 1598; x_wconf 85' lang='lat' dir='ltr'><strong>recuperata,</strong></span> <span class='ocrx_word' id='word_1_99' title='bbox 614 1513 674 1579; x_wconf 87' lang='lat' dir='ltr'><strong>nisi</strong></span> <span class='ocrx_word' id='word_1_100' title='bbox 705 1516 792 1598; x_wconf 92' lang='lat' dir='ltr'><strong>qnod</strong></span> <span class='ocrx_word' id='word_1_101' title='bbox 822 1514 984 1582; x_wconf 84' lang='lat' dir='ltr'><strong>inferioris</strong></span> <span class='ocrx_word' id='word_1_102' title='bbox 1013 1513 1132 1577; x_wconf 89' lang='lat' dir='ltr'><strong>aetatis</strong></span> <span class='ocrx_word' id='word_1_103' title='bbox 1157 1533 1217 1577; x_wconf 89' lang='lat' dir='ltr'><strong>usn</strong></span> <span class='ocrx_word' id='word_1_104' title='bbox 1243 1512 1369 1593; x_wconf 81' lang='grc' dir='ltr'><strong>κόσμους</strong></span> <span class='ocrx_word' id='word_1_105' title='bbox 1396 1532 1454 1595; x_wconf 94' lang='lat' dir='ltr'><strong>pro</strong></span> 
     </span>
     <span class='ocr_line' id='line_1_13' title="bbox 90 1608 1453 1702; baseline -0.001 -23"><span class='ocrx_word' id='word_1_106' title='bbox 90 1618 230 1700; x_wconf 77' lang='grc' dir='ltr'><strong>οὐρανούς</strong></span> <span class='ocrx_word' id='word_1_107' title='bbox 246 1616 445 1682; x_wconf 87' lang='lat' dir='ltr'><strong>substituere</strong></span> <span class='ocrx_word' id='word_1_108' title='bbox 461 1616 564 1682; x_wconf 90' lang='lat' dir='ltr'><strong>libuit.</strong></span> <span class='ocrx_word' id='word_1_109' title='bbox 588 1608 756 1683; x_wconf 84' lang='lat' dir='ltr'><strong>confirmat</strong></span> <span class='ocrx_word' id='word_1_110' title='bbox 773 1617 887 1702; x_wconf 77' lang='lat' dir='ltr'><strong>Cyrilli</strong></span> <span class='ocrx_word' id='word_1_111' title='bbox 905 1616 1098 1698; x_wconf 84' lang='lat' dir='ltr'><strong>exemplum,</strong></span> <span class='ocrx_word' id='word_1_112' title='bbox 1121 1613 1146 1678; x_wconf 92' lang='lat' dir='ltr'><strong>si</strong></span> <span class='ocrx_word' id='word_1_113' title='bbox 1170 1614 1266 1678; x_wconf 89' lang='lat' dir='ltr'><strong>modo</strong></span> <span class='ocrx_word' id='word_1_114' title='bbox 1290 1634 1372 1697; x_wconf 91' lang='lat' dir='ltr'><strong>opus</strong></span> <span class='ocrx_word' id='word_1_115' title='bbox 1394 1620 1453 1695; x_wconf 87' lang='lat' dir='ltr'><strong>est,</strong></span> 
     </span>
     <span class='ocr_line' id='line_1_14' title="bbox 91 1714 1455 1803; baseline -0.003 -19"><span class='ocrx_word' id='word_1_116' title='bbox 91 1719 210 1784; x_wconf 89' lang='lat' dir='ltr'><strong>Galeni</strong></span> <span class='ocrx_word' id='word_1_117' title='bbox 234 1721 371 1803; x_wconf 77' lang='grc' dir='ltr'><strong>ἀπείρους</strong></span> <span class='ocrx_word' id='word_1_118' title='bbox 394 1725 460 1788; x_wconf 82' lang='grc' dir='ltr'><strong>νοῦς</strong></span> <span class='ocrx_word' id='word_1_119' title='bbox 486 1718 646 1802; x_wconf 90' lang='lat' dir='ltr'><strong>scriptura</strong></span> <span class='ocrx_word' id='word_1_120' title='bbox 670 1740 711 1785; x_wconf 85' lang='lat' dir='ltr'><strong>ex</strong></span> <span class='ocrx_word' id='word_1_121' title='bbox 737 1719 928 1803; x_wconf 89' lang='lat' dir='ltr'><strong>compendio</strong></span> <span class='ocrx_word' id='word_1_122' title='bbox 949 1719 1053 1788; x_wconf 64' lang='lat' dir='ltr'><strong>aemi&lt;</strong></span> <span class='ocrx_word' id='word_1_123' title='bbox 1074 1715 1188 1781; x_wconf 82' lang='lat' dir='ltr'><strong>leviter</strong></span> <span class='ocrx_word' id='word_1_124' title='bbox 1209 1716 1390 1781; x_wconf 86' lang='lat' dir='ltr'><strong>obscurata.</strong></span> <span class='ocrx_word' id='word_1_125' title='bbox 1413 1714 1455 1780; x_wconf 89' lang='lat' dir='ltr'><strong>de</strong></span> 
     </span>
     <span class='ocr_line' id='line_1_15' title="bbox 90 1817 1454 1904; baseline -0.004 -18"><span class='ocrx_word' id='word_1_126' title='bbox 90 1820 258 1886; x_wconf 88' lang='lat' dir='ltr'><strong>Plutarchi</strong></span> <span class='ocrx_word' id='word_1_127' title='bbox 284 1821 382 1904; x_wconf 86' lang='lat' dir='ltr'><strong>igitur</strong></span> <span class='ocrx_word' id='word_1_128' title='bbox 408 1821 547 1886; x_wconf 90' lang='lat' dir='ltr'><strong>lectione</strong></span> <span class='ocrx_word' id='word_1_129' title='bbox 573 1821 732 1888; x_wconf 88' lang='lat' dir='ltr'><strong>dubitatio</strong></span> <span class='ocrx_word' id='word_1_130' title='bbox 759 1822 863 1888; x_wconf 92' lang='lat' dir='ltr'><strong>omnis</strong></span> <span class='ocrx_word' id='word_1_131' title='bbox 889 1821 1018 1886; x_wconf 86' lang='lat' dir='ltr'><strong>sublata</strong></span> <span class='ocrx_word' id='word_1_132' title='bbox 1044 1826 1107 1902; x_wconf 87' lang='lat' dir='ltr'><strong>est,</strong></span> <span class='ocrx_word' id='word_1_133' title='bbox 1134 1819 1192 1885; x_wconf 89' lang='lat' dir='ltr'><strong>sed</strong></span> <span class='ocrx_word' id='word_1_134' title='bbox 1212 1825 1339 1884; x_wconf 90' lang='lat' dir='ltr'><strong>constat</strong></span> <span class='ocrx_word' id='word_1_135' title='bbox 1360 1817 1454 1882; x_wconf 91' lang='lat' dir='ltr'><strong>simul</strong></span> 
     </span>
     <span class='ocr_line' id='line_1_16' title="bbox 90 1920 1454 2008; baseline -0.003 -20"><span class='ocrx_word' id='word_1_136' title='bbox 90 1924 132 1988; x_wconf 90' lang='lat' dir='ltr'><strong>de</strong></span> <span class='ocrx_word' id='word_1_137' title='bbox 160 1922 314 1988; x_wconf 81' lang='lat' dir='ltr'><strong>ritiomm</strong></span> <span class='ocrx_word' id='word_1_138' title='bbox 340 1923 579 2007; x_wconf 89' lang='lat' dir='ltr'><strong>communione,</strong></span> <span class='ocrx_word' id='word_1_139' title='bbox 611 1944 707 2008; x_wconf 88' lang='lat' dir='ltr'><strong>quam</strong></span> <span class='ocrx_word' id='word_1_140' title='bbox 742 1924 827 1990; x_wconf 92' lang='lat' dir='ltr'><strong>inter</strong></span> <span class='ocrx_word' id='word_1_141' title='bbox 852 1922 983 1990; x_wconf 86' lang='lat' dir='ltr'><strong>Eusebii</strong></span> <span class='ocrx_word' id='word_1_142' title='bbox 1009 1921 1325 2006; x_wconf 86' lang='lat' dir='ltr'><strong>Byzantinorumque</strong></span> <span class='ocrx_word' id='word_1_143' title='bbox 1355 1920 1454 1985; x_wconf 91' lang='lat' dir='ltr'><strong>libros</strong></span> 
     </span>
     <span class='ocr_line' id='line_1_17' title="bbox 89 2022 1453 2111; baseline -0.002 -23"><span class='ocrx_word' id='word_1_144' title='bbox 89 2025 294 2091; x_wconf 78' lang='lat' dir='ltr'><strong>intercedere</strong></span> <span class='ocrx_word' id='word_1_145' title='bbox 324 2045 423 2109; x_wconf 89' lang='lat' dir='ltr'><strong>supra</strong></span> <span class='ocrx_word' id='word_1_146' title='bbox 448 2025 553 2091; x_wconf 91' lang='lat' dir='ltr'><strong>docui.</strong></span> <span class='ocrx_word' id='word_1_147' title='bbox 595 2027 736 2111; x_wconf 89' lang='lat' dir='ltr'><strong>optimae</strong></span> <span class='ocrx_word' id='word_1_148' title='bbox 767 2048 864 2110; x_wconf 91' lang='lat' dir='ltr'><strong>porro</strong></span> <span class='ocrx_word' id='word_1_149' title='bbox 890 2025 992 2108; x_wconf 67' lang='lat' dir='ltr'><strong>frugis</strong></span> <span class='ocrx_word' id='word_1_150' title='bbox 1019 2030 1094 2089; x_wconf 90' lang='lat' dir='ltr'><strong>sunt</strong></span> <span class='ocrx_word' id='word_1_151' title='bbox 1118 2025 1252 2106; x_wconf 87' lang='lat' dir='ltr'><strong>eclogae</strong></span> <span class='ocrx_word' id='word_1_152' title='bbox 1279 2043 1320 2088; x_wconf 79' lang='lat' dir='ltr'><strong>ex</strong></span> <span class='ocrx_word' id='word_1_153' title='bbox 1349 2022 1453 2088; x_wconf 91' lang='lat' dir='ltr'><strong>altero</strong></span> 
     </span>
     <span class='ocr_line' id='line_1_18' title="bbox 91 2123 1455 2211; baseline -0.003 -19"><span class='ocrx_word' id='word_1_154' title='bbox 91 2127 259 2192; x_wconf 89' lang='lat' dir='ltr'><strong>Plutarchi</strong></span> <span class='ocrx_word' id='word_1_155' title='bbox 289 2127 371 2192; x_wconf 92' lang='lat' dir='ltr'><strong>libro</strong></span> <span class='ocrx_word' id='word_1_156' title='bbox 398 2148 533 2211; x_wconf 89' lang='lat' dir='ltr'><strong>paucae.</strong></span> <span class='ocrx_word' id='word_1_157' title='bbox 577 2128 661 2193; x_wconf 90' lang='lat' dir='ltr'><strong>istuc</strong></span> <span class='ocrx_word' id='word_1_158' title='bbox 691 2128 820 2211; x_wconf 90' lang='lat' dir='ltr'><strong>quidem</strong></span> <span class='ocrx_word' id='word_1_159' title='bbox 849 2147 1018 2196; x_wconf 90' lang='lat' dir='ltr'><strong>commune</strong></span> <span class='ocrx_word' id='word_1_160' title='bbox 1048 2147 1120 2192; x_wconf 86' lang='lat' dir='ltr'><strong>cunr</strong></span> <span class='ocrx_word' id='word_1_161' title='bbox 1148 2126 1273 2209; x_wconf 86' lang='lat' dir='ltr'><strong>reliqua</strong></span> <span class='ocrx_word' id='word_1_162' title='bbox 1299 2123 1455 2190; x_wconf 87' lang='lat' dir='ltr'><strong>memoria</strong></span> 
     </span>
     <span class='ocr_line' id='line_1_19' title="bbox 88 2226 1453 2317; baseline -0.003 -25"><span class='ocrx_word' id='word_1_163' title='bbox 88 2227 179 2312; x_wconf 92' lang='lat' dir='ltr'><strong>quod</strong></span> <span class='ocrx_word' id='word_1_164' title='bbox 202 2229 234 2294; x_wconf 87' lang='lat' dir='ltr'><strong>ll</strong></span> <span class='ocrx_word' id='word_1_165' title='bbox 254 2233 269 2294; x_wconf 95' lang='lat' dir='ltr'><strong>l</strong></span> <span class='ocrx_word' id='word_1_166' title='bbox 291 2237 308 2290; x_wconf 86' lang='lat'><strong>3</strong></span> <span class='ocrx_word' id='word_1_167' title='bbox 329 2230 548 2296; x_wconf 84' lang='lat' dir='ltr'><strong>Metrodorum</strong></span> <span class='ocrx_word' id='word_1_168' title='bbox 571 2230 655 2296; x_wconf 83' lang='lat' dir='ltr'><strong>falso</strong></span> <span class='ocrx_word' id='word_1_169' title='bbox 677 2231 808 2316; x_wconf 84' lang='lat' dir='ltr'><strong>Epicuri</strong></span> <span class='ocrx_word' id='word_1_170' title='bbox 834 2232 1026 2317; x_wconf 91' lang='lat' dir='ltr'><strong>discipulum</strong></span> <span class='ocrx_word' id='word_1_171' title='bbox 1049 2228 1198 2312; x_wconf 84' lang='lat' dir='ltr'><strong>perhibet</strong></span> <span class='ocrx_word' id='word_1_172' title='bbox 1219 2227 1370 2312; x_wconf 80' lang='lat' dir='ltr'><strong>Oyrillus,</strong></span> <span class='ocrx_word' id='word_1_173' title='bbox 1391 2226 1453 2289; x_wconf 81' lang='grc' dir='ltr'><strong>τού·</strong></span> 
     </span>
     <span class='ocr_line' id='line_1_20' title="bbox 88 2328 1453 2418; baseline -0.001 -24"><span class='ocrx_word' id='word_1_174' title='bbox 88 2355 142 2395; x_wconf 75' lang='grc' dir='ltr'><strong>σου</strong></span> <span class='ocrx_word' id='word_1_175' title='bbox 169 2332 285 2397; x_wconf 90' lang='lat' dir='ltr'><strong>saltem</strong></span> <span class='ocrx_word' id='word_1_176' title='bbox 313 2331 431 2397; x_wconf 90' lang='lat' dir='ltr'><strong>rectius</strong></span> <span class='ocrx_word' id='word_1_177' title='bbox 460 2340 601 2397; x_wconf 89' lang='lat' dir='ltr'><strong>servato.</strong></span> <span class='ocrx_word' id='word_1_178' title='bbox 644 2340 680 2398; x_wconf 96' lang='lat' dir='ltr'><strong>at</strong></span> <span class='ocrx_word' id='word_1_179' title='bbox 709 2334 916 2418; x_wconf 77' lang='lat' dir='ltr'><strong>Empedoclis</strong></span> <span class='ocrx_word' id='word_1_180' title='bbox 943 2334 1062 2415; x_wconf 84' lang='lat' dir='ltr'><strong>dogma</strong></span> <span class='ocrx_word' id='word_1_181' title='bbox 1084 2333 1148 2397; x_wconf 86' lang='grc' dir='ltr'><strong>Π]</strong></span> <span class='ocrx_word' id='word_1_182' title='bbox 1170 2342 1186 2393; x_wconf 83' lang='grc'>4</span> <span class='ocrx_word' id='word_1_183' title='bbox 1208 2331 1250 2396; x_wconf 85' lang='lat' dir='ltr'><strong>ad</strong></span> <span class='ocrx_word' id='word_1_184' title='bbox 1279 2328 1453 2394; x_wconf 87' lang='lat' dir='ltr'><strong>sanitatem</strong></span> 
     </span>
     <span class='ocr_line' id='line_1_21' title="bbox 88 2428 1453 2517; baseline -0.004 -18"><span class='ocrx_word' id='word_1_185' title='bbox 88 2435 182 2499; x_wconf 89' lang='lat' dir='ltr'><strong>solus</strong></span> <span class='ocrx_word' id='word_1_186' title='bbox 202 2434 339 2499; x_wconf 88' lang='lat' dir='ltr'><strong>reducit.</strong></span> <span class='ocrx_word' id='word_1_187' title='bbox 371 2435 522 2517; x_wconf 83' lang='lat' dir='ltr'><strong>vulgatur</strong></span> <span class='ocrx_word' id='word_1_188' title='bbox 544 2434 700 2501; x_wconf 86' lang='lat' dir='ltr'><strong>enim—si</strong></span> <span class='ocrx_word' id='word_1_189' title='bbox 723 2435 916 2503; x_wconf 88' lang='lat' dir='ltr'><strong>deteriorem</strong></span> <span class='ocrx_word' id='word_1_190' title='bbox 938 2432 1126 2501; x_wconf 85' lang='lat' dir='ltr'><strong>memoriam</strong></span> <span class='ocrx_word' id='word_1_191' title='bbox 1148 2433 1304 2515; x_wconf 79' lang='lat' dir='ltr'><strong>neglegas</strong></span> <span class='ocrx_word' id='word_1_192' title='bbox 1325 2467 1368 2476; x_wconf 90' lang='lat'><em>-</em></span> <span class='ocrx_word' id='word_1_193' title='bbox 1389 2428 1453 2513; x_wconf 84' lang='grc' dir='ltr'><strong>Ἐμ-</strong></span> 
     </span>
     <span class='ocr_line' id='line_1_22' title="bbox 89 2535 1454 2624; baseline 0.002 -24"><span class='ocrx_word' id='word_1_194' title='bbox 89 2539 237 2620; x_wconf 77' lang='grc' dir='ltr'><strong>σεόοκλῆς</strong></span> <span class='ocrx_word' id='word_1_195' title='bbox 259 2538 308 2600; x_wconf 87' lang='grc' dir='ltr'><strong>τόν</strong></span> <span class='ocrx_word' id='word_1_196' title='bbox 331 2540 382 2599; x_wconf 80' lang='grc' dir='ltr'><strong>τοῦ</strong></span> <span class='ocrx_word' id='word_1_197' title='bbox 402 2538 485 2621; x_wconf 72' lang='grc' dir='ltr'><strong>ἡλίου</strong></span> <span class='ocrx_word' id='word_1_198' title='bbox 509 2537 679 2621; x_wconf 81' lang='grc' dir='ltr'><strong>περίδρομον</strong></span> <span class='ocrx_word' id='word_1_199' title='bbox 702 2538 775 2603; x_wconf 82' lang='grc' dir='ltr'><strong>εἶναι</strong></span> <span class='ocrx_word' id='word_1_200' title='bbox 798 2540 975 2624; x_wconf 78' lang='grc' dir='ltr'><strong>περιγραφὴν</strong></span> <span class='ocrx_word' id='word_1_201' title='bbox 993 2541 1045 2600; x_wconf 84' lang='grc' dir='ltr'><strong>τοῦ</strong></span> <span class='ocrx_word' id='word_1_202' title='bbox 1065 2537 1176 2616; x_wconf 84' lang='grc' dir='ltr'><strong>κόσμου</strong></span> <span class='ocrx_word' id='word_1_203' title='bbox 1196 2537 1243 2599; x_wconf 86' lang='grc' dir='ltr'><strong>καὶ</strong></span> <span class='ocrx_word' id='word_1_204' title='bbox 1258 2540 1309 2598; x_wconf 80' lang='grc' dir='ltr'><strong>τοῦ</strong></span> <span class='ocrx_word' id='word_1_205' title='bbox 1332 2535 1454 2618; x_wconf 74' lang='grc' dir='ltr'><strong>πέρατος</strong></span> 
     </span>
     <span class='ocr_line' id='line_1_23' title="bbox 88 2636 1454 2723; baseline -0.003 -21"><span class='ocrx_word' id='word_1_206' title='bbox 88 2639 191 2703; x_wconf 78' lang='grc' dir='ltr'><strong>αὐτοῦ.</strong></span> <span class='ocrx_word' id='word_1_207' title='bbox 232 2638 374 2722; x_wconf 82' lang='lat' dir='ltr'><strong>Cyrillns</strong></span> <span class='ocrx_word' id='word_1_208' title='bbox 403 2647 569 2723; x_wconf 86' lang='lat' dir='ltr'><strong>assumpto</strong></span> <span class='ocrx_word' id='word_1_209' title='bbox 595 2638 710 2704; x_wconf 83' lang='lat' dir='ltr'><strong>iterum</strong></span> <span class='ocrx_word' id='word_1_210' title='bbox 741 2640 775 2706; x_wconf 92' lang='lat' dir='ltr'><strong>in</strong></span> <span class='ocrx_word' id='word_1_211' title='bbox 802 2640 991 2707; x_wconf 89' lang='lat' dir='ltr'><strong>societatem</strong></span> <span class='ocrx_word' id='word_1_212' title='bbox 1018 2639 1145 2705; x_wconf 87' lang='lat' dir='ltr'><strong>Galeno</strong></span> <span class='ocrx_word' id='word_1_213' title='bbox 1172 2685 1179 2702; x_wconf 92' lang='lat'><strong>.</strong></span> <span class='ocrx_word' id='word_1_214' title='bbox 1209 2685 1216 2702; x_wconf 92' lang='lat'><strong>.</strong></span> <span class='ocrx_word' id='word_1_215' title='bbox 1244 2685 1252 2701; x_wconf 93' lang='lat'><strong>.</strong></span> <span class='ocrx_word' id='word_1_216' title='bbox 1280 2636 1351 2700; x_wconf 76' lang='grc' dir='ltr'><strong>εἶναι</strong></span> <span class='ocrx_word' id='word_1_217' title='bbox 1378 2659 1454 2719; x_wconf 74' lang='grc' dir='ltr'><strong>περι·</strong></span> 
     </span>
     <span class='ocr_line' id='line_1_24' title="bbox 88 2737 1454 2826; baseline -0.001 -23"><span class='ocrx_word' id='word_1_218' title='bbox 88 2743 203 2825; x_wconf 76' lang='grc' dir='ltr'><strong>γραφὴν</strong></span> <span class='ocrx_word' id='word_1_219' title='bbox 226 2746 278 2804; x_wconf 83' lang='grc' dir='ltr'><strong>τοῦ</strong></span> <span class='ocrx_word' id='word_1_220' title='bbox 301 2741 424 2825; x_wconf 72' lang='grc' dir='ltr'><strong>πέρατος</strong></span> <span class='ocrx_word' id='word_1_221' title='bbox 445 2747 497 2805; x_wconf 79' lang='grc' dir='ltr'><strong>τοῦ</strong></span> <span class='ocrx_word' id='word_1_222' title='bbox 520 2743 641 2825; x_wconf 83' lang='grc' dir='ltr'><strong>κόσμου,</strong></span> <span class='ocrx_word' id='word_1_223' title='bbox 664 2742 750 2826; x_wconf 90' lang='lat' dir='ltr'><strong>qnod</strong></span> <span class='ocrx_word' id='word_1_224' title='bbox 772 2763 885 2809; x_wconf 86' lang='lat' dir='ltr'><strong>verum</strong></span> <span class='ocrx_word' id='word_1_225' title='bbox 904 2761 977 2809; x_wconf 90' lang='lat' dir='ltr'><strong>esse</strong></span> <span class='ocrx_word' id='word_1_226' title='bbox 993 2762 1011 2807; x_wconf 94' lang='lat' dir='ltr'><strong>e</strong></span> <span class='ocrx_word' id='word_1_227' title='bbox 1027 2740 1169 2806; x_wconf 88' lang='lat' dir='ltr'><strong>Stobaeo</strong></span> <span class='ocrx_word' id='word_1_228' title='bbox 1184 2738 1346 2805; x_wconf 89' lang='lat' dir='ltr'><strong>discimus.</strong></span> <span class='ocrx_word' id='word_1_229' title='bbox 1368 2737 1454 2802; x_wconf 90' lang='lat' dir='ltr'><strong>idem</strong></span> 
     </span>
     <span class='ocr_line' id='line_1_25' title="bbox 89 2841 1456 2927; baseline -0.004 -19"><span class='ocrx_word' id='word_1_230' title='bbox 89 2842 248 2908; x_wconf 82' lang='lat' dir='ltr'><strong>auxilium</strong></span> <span class='ocrx_word' id='word_1_231' title='bbox 280 2842 382 2908; x_wconf 82' lang='lat' dir='ltr'><strong>ssrtm</strong></span> <span class='ocrx_word' id='word_1_232' title='bbox 408 2842 589 2910; x_wconf 87' lang='lat' dir='ltr'><strong>Stoicorum</strong></span> <span class='ocrx_word' id='word_1_233' title='bbox 616 2844 760 2927; x_wconf 84' lang='lat' dir='ltr'><strong>dogmati</strong></span> <span class='ocrx_word' id='word_1_234' title='bbox 782 2846 888 2911; x_wconf 75' lang='lat'>1117</span> <span class='ocrx_word' id='word_1_235' title='bbox 922 2851 955 2910; x_wconf 92' lang='lat' dir='ltr'><strong>et</strong></span> <span class='ocrx_word' id='word_1_236' title='bbox 988 2842 1062 2908; x_wconf 87' lang='lat' dir='ltr'><strong>aliis</strong></span> <span class='ocrx_word' id='word_1_237' title='bbox 1095 2843 1183 2908; x_wconf 89' lang='lat' dir='ltr'><strong>locis.</strong></span> <span class='ocrx_word' id='word_1_238' title='bbox 1221 2841 1311 2906; x_wconf 92' lang='lat' dir='ltr'><strong>mitto</strong></span> <span class='ocrx_word' id='word_1_239' title='bbox 1345 2845 1456 2906; x_wconf 87' lang='lat' dir='ltr'><strong>cetera</strong></span> 
     </span>
     <span class='ocr_line' id='line_1_26' title="bbox 89 2942 1454 3028; baseline -0.001 -20"><span class='ocrx_word' id='word_1_240' title='bbox 89 2944 166 3028; x_wconf 85' lang='lat' dir='ltr'><strong>qnia</strong></span> <span class='ocrx_word' id='word_1_241' title='bbox 193 2945 319 3012; x_wconf 84' lang='lat' dir='ltr'><strong>leviora</strong></span> <span class='ocrx_word' id='word_1_242' title='bbox 344 2952 427 3011; x_wconf 86' lang='lat' dir='ltr'><strong>sunt</strong></span> <span class='ocrx_word' id='word_1_243' title='bbox 473 2966 571 3011; x_wconf 91' lang='lat' dir='ltr'><strong>unum</strong></span> <span class='ocrx_word' id='word_1_244' title='bbox 602 2955 711 3012; x_wconf 90' lang='lat' dir='ltr'><strong>tamen</strong></span> <span class='ocrx_word' id='word_1_245' title='bbox 741 2947 880 3013; x_wconf 87' lang='lat' dir='ltr'><strong>adiciam</strong></span> <span class='ocrx_word' id='word_1_246' title='bbox 912 2966 977 3012; x_wconf 92' lang='lat' dir='ltr'><strong>non</strong></span> <span class='ocrx_word' id='word_1_247' title='bbox 1008 2966 1071 3028; x_wconf 91' lang='lat' dir='ltr'><strong>quo</strong></span> <span class='ocrx_word' id='word_1_248' title='bbox 1101 2945 1188 3010; x_wconf 90' lang='lat' dir='ltr'><strong>illins</strong></span> <span class='ocrx_word' id='word_1_249' title='bbox 1221 2942 1454 3028; x_wconf 84' lang='lat' dir='ltr'><strong>praestantiam</strong></span> 
     </span>
     <span class='ocr_line' id='line_1_27' title="bbox 89 3044 1455 3133; baseline -0.004 -21"><span class='ocrx_word' id='word_1_250' title='bbox 89 3048 313 3114; x_wconf 89' lang='lat' dir='ltr'><strong>commendem</strong></span> <span class='ocrx_word' id='word_1_251' title='bbox 347 3049 404 3113; x_wconf 88' lang='lat' dir='ltr'><strong>sed</strong></span> <span class='ocrx_word' id='word_1_252' title='bbox 436 3054 472 3112; x_wconf 92' lang='lat' dir='ltr'><strong>ut</strong></span> <span class='ocrx_word' id='word_1_253' title='bbox 503 3048 616 3115; x_wconf 91' lang='lat' dir='ltr'><strong>miram</strong></span> <span class='ocrx_word' id='word_1_254' title='bbox 647 3050 853 3133; x_wconf 89' lang='lat' dir='ltr'><strong>antiquorum</strong></span> <span class='ocrx_word' id='word_1_255' title='bbox 884 3049 1038 3115; x_wconf 91' lang='lat' dir='ltr'><strong>librorum</strong></span> <span class='ocrx_word' id='word_1_256' title='bbox 1071 3047 1265 3112; x_wconf 87' lang='lat' dir='ltr'><strong>discordiam</strong></span> <span class='ocrx_word' id='word_1_257' title='bbox 1298 3044 1455 3129; x_wconf 91' lang='lat' dir='ltr'><strong>aperiam.</strong></span> 
     </span>
     <span class='ocr_line' id='line_1_28' title="bbox 89 3150 563 3235; baseline 0.004 -22"><span class='ocrx_word' id='word_1_258' title='bbox 89 3150 209 3214; x_wconf 89' lang='lat' dir='ltr'><strong>lemma</strong></span> <span class='ocrx_word' id='word_1_259' title='bbox 228 3169 361 3235; x_wconf 90' lang='lat' dir='ltr'><strong>appono</strong></span> <span class='ocrx_word' id='word_1_260' title='bbox 384 3170 425 3216; x_wconf 86' lang='lat' dir='ltr'><strong>cx</strong></span> <span class='ocrx_word' id='word_1_261' title='bbox 446 3151 515 3216; x_wconf 82' lang='lat'><strong>114</strong></span> <span class='ocrx_word' id='word_1_262' title='bbox 536 3161 563 3215; x_wconf 86' lang='lat'><strong>1:</strong></span> 
     </span>
    </p>

    <p class='ocr_par' dir='ltr' id='par_1_3' title="bbox 303 3252 1234 3340">
     <span class='ocr_line' id='line_1_29' title="bbox 303 3252 1234 3340; baseline -0.004 -23"><span class='ocrx_word' id='word_1_263' title='bbox 303 3252 487 3318; x_wconf 79' lang='lat' dir='ltr'><strong>Eusebius:</strong></span> <span class='ocrx_word' id='word_1_264' title='bbox 508 3255 681 3340; x_wconf 91' lang='grc' dir='ltr'><strong>Πυθαγόρας</strong></span> <span class='ocrx_word' id='word_1_265' title='bbox 703 3257 751 3319; x_wconf 84' lang='grc' dir='ltr'><strong>καὶ</strong></span> <span class='ocrx_word' id='word_1_266' title='bbox 775 3254 897 3320; x_wconf 84' lang='grc' dir='ltr'><strong>Πλάτων</strong></span> <span class='ocrx_word' id='word_1_267' title='bbox 920 3256 968 3318; x_wconf 88' lang='grc' dir='ltr'><strong>καὶ</strong></span> <span class='ocrx_word' id='word_1_268' title='bbox 990 3257 1018 3317; x_wconf 81' lang='grc' dir='ltr'><strong>οἱ</strong></span> <span class='ocrx_word' id='word_1_269' title='bbox 1041 3252 1164 3317; x_wconf 80' lang='grc' dir='ltr'><strong>Στωικοὶ</strong></span> <span class='ocrx_word' id='word_1_270' title='bbox 1186 3253 1234 3315; x_wconf 89' lang='grc' dir='ltr'><strong>καὶ</strong></span> 
     </span>
    </p>

    <p class='ocr_par' dir='ltr' id='par_1_4' title="bbox 307 3354 896 3443">
     <span class='ocr_line' id='line_1_30' title="bbox 307 3354 896 3443; baseline 0.002 -24"><span class='ocrx_word' id='word_1_271' title='bbox 307 3354 482 3421; x_wconf 82' lang='lat' dir='ltr'><strong>Galenus:</strong></span> <span class='ocrx_word' id='word_1_272' title='bbox 507 3357 680 3443; x_wconf 71' lang='grc' dir='ltr'><strong>Πυθαγόρας</strong></span> <span class='ocrx_word' id='word_1_273' title='bbox 702 3358 751 3422; x_wconf 79' lang='grc' dir='ltr'><strong>καὶ</strong></span> <span class='ocrx_word' id='word_1_274' title='bbox 774 3357 896 3422; x_wconf 83' lang='grc' dir='ltr'><strong>Πλάτων</strong></span> 
     </span>
    </p>

    <p class='ocr_par' dir='ltr' id='par_1_5' title="bbox 308 3455 1019 3545">
     <span class='ocr_line' id='line_1_31' title="bbox 308 3455 1019 3545; baseline 0 -25"><span class='ocrx_word' id='word_1_275' title='bbox 308 3455 450 3541; x_wconf 75' lang='lat' dir='ltr'><strong>cyrillus</strong></span> <span class='ocrx_word' id='word_1_276' title='bbox 476 3481 484 3521; x_wconf 75' lang='grc' dir='ltr'><strong>ε</strong></span> <span class='ocrx_word' id='word_1_277' title='bbox 509 3459 682 3545; x_wconf 76' lang='grc' dir='ltr'><strong>Πυθαγόρας</strong></span> <span class='ocrx_word' id='word_1_278' title='bbox 705 3460 753 3524; x_wconf 78' lang='grc' dir='ltr'><strong>καὶ</strong></span> <span class='ocrx_word' id='word_1_279' title='bbox 775 3462 803 3523; x_wconf 82' lang='lat' dir='ltr'><strong>ot</strong></span> <span class='ocrx_word' id='word_1_280' title='bbox 824 3459 949 3524; x_wconf 83' lang='grc' dir='ltr'><strong>Στωικοὶ</strong></span> <span class='ocrx_word' id='word_1_281' title='bbox 971 3460 1019 3522; x_wconf 83' lang='grc' dir='ltr'><strong>καὶ</strong></span> 
     </span>
    </p>

    <p class='ocr_par' dir='ltr' id='par_1_6' title="bbox 307 3558 960 3647">
     <span class='ocr_line' id='line_1_32' title="bbox 307 3558 960 3647; baseline 0.003 -24"><span class='ocrx_word' id='word_1_282' title='bbox 307 3558 436 3626; x_wconf 83' lang='lat' dir='ltr'><strong>codices</strong></span> <span class='ocrx_word' id='word_1_283' title='bbox 477 3582 485 3625; x_wconf 73' lang='grc' dir='ltr'><strong>ε</strong></span> <span class='ocrx_word' id='word_1_284' title='bbox 508 3561 682 3647; x_wconf 89' lang='grc' dir='ltr'><strong>Πυθαγόρας</strong></span> <span class='ocrx_word' id='word_1_285' title='bbox 705 3565 752 3627; x_wconf 82' lang='grc' dir='ltr'><strong>καὶ</strong></span> <span class='ocrx_word' id='word_1_286' title='bbox 775 3565 803 3626; x_wconf 78' lang='grc' dir='ltr'><strong>οἱ</strong></span> <span class='ocrx_word' id='word_1_287' title='bbox 826 3563 960 3627; x_wconf 84' lang='grc' dir='ltr'><strong>Στωικοί.</strong></span> 
     </span>
    </p>

    <p class='ocr_par' dir='ltr' id='par_1_7' title="bbox 86 3661 1457 4362">
     <span class='ocr_line' id='line_1_33' title="bbox 176 3661 1456 3750; baseline -0.003 -23"><span class='ocrx_word' id='word_1_288' title='bbox 176 3662 342 3727; x_wconf 86' lang='lat' dir='ltr'><strong>Discimus</strong></span> <span class='ocrx_word' id='word_1_289' title='bbox 364 3681 383 3727; x_wconf 91' lang='lat' dir='ltr'><strong>e</strong></span> <span class='ocrx_word' id='word_1_290' title='bbox 405 3661 549 3729; x_wconf 87' lang='lat' dir='ltr'><strong>Stobaeo</strong></span> <span class='ocrx_word' id='word_1_291' title='bbox 572 3665 780 3750; x_wconf 89' lang='lat' dir='ltr'><strong>Pythagorae</strong></span> <span class='ocrx_word' id='word_1_292' title='bbox 801 3663 1012 3747; x_wconf 86' lang='lat' dir='ltr'><strong>Platonisque</strong></span> <span class='ocrx_word' id='word_1_293' title='bbox 1033 3663 1132 3746; x_wconf 88' lang='lat' dir='ltr'><strong>paulo</strong></span> <span class='ocrx_word' id='word_1_294' title='bbox 1161 3661 1308 3727; x_wconf 81' lang='lat' dir='ltr'><strong>diversas</strong></span> <span class='ocrx_word' id='word_1_295' title='bbox 1330 3667 1456 3725; x_wconf 90' lang='lat' dir='ltr'><strong>senten·</strong></span> 
     </span>
     <span class='ocr_line' id='line_1_34' title="bbox 88 3762 1457 3852; baseline -0.001 -23"><span class='ocrx_word' id='word_1_296' title='bbox 88 3766 151 3830; x_wconf 89' lang='lat' dir='ltr'><strong>tias</strong></span> <span class='ocrx_word' id='word_1_297' title='bbox 166 3784 188 3829; x_wconf 90' lang='lat' dir='ltr'><strong>a</strong></span> <span class='ocrx_word' id='word_1_298' title='bbox 205 3764 383 3831; x_wconf 88' lang='lat' dir='ltr'><strong>Plutarcho</strong></span> <span class='ocrx_word' id='word_1_299' title='bbox 399 3765 539 3849; x_wconf 82' lang='lat' dir='ltr'><strong>brevius,</strong></span> <span class='ocrx_word' id='word_1_300' title='bbox 563 3775 598 3832; x_wconf 90' lang='lat' dir='ltr'><strong>ut</strong></span> <span class='ocrx_word' id='word_1_301' title='bbox 620 3768 713 3852; x_wconf 83' lang='lat' dir='ltr'><strong>solet,</strong></span> <span class='ocrx_word' id='word_1_302' title='bbox 736 3767 770 3833; x_wconf 91' lang='lat' dir='ltr'><strong>in</strong></span> <span class='ocrx_word' id='word_1_303' title='bbox 792 3788 890 3832; x_wconf 91' lang='lat' dir='ltr'><strong>unum</strong></span> <span class='ocrx_word' id='word_1_304' title='bbox 913 3768 1031 3832; x_wconf 89' lang='lat' dir='ltr'><strong>lemma</strong></span> <span class='ocrx_word' id='word_1_305' title='bbox 1052 3763 1207 3830; x_wconf 87' lang='lat' dir='ltr'><strong>conflatas</strong></span> <span class='ocrx_word' id='word_1_306' title='bbox 1230 3784 1312 3830; x_wconf 90' lang='lat' dir='ltr'><strong>esse.</strong></span> <span class='ocrx_word' id='word_1_307' title='bbox 1335 3762 1457 3829; x_wconf 86' lang='lat' dir='ltr'><strong>Stoico-</strong></span> 
     </span>
     <span class='ocr_line' id='line_1_35' title="bbox 88 3866 1457 3954; baseline -0.002 -21"><span class='ocrx_word' id='word_1_308' title='bbox 88 3888 158 3933; x_wconf 85' lang='lat' dir='ltr'><strong>rum</strong></span> <span class='ocrx_word' id='word_1_309' title='bbox 184 3885 315 3951; x_wconf 87' lang='lat' dir='ltr'><strong>qnoque</strong></span> <span class='ocrx_word' id='word_1_310' title='bbox 336 3867 501 3933; x_wconf 88' lang='lat' dir='ltr'><strong>decretum</strong></span> <span class='ocrx_word' id='word_1_311' title='bbox 530 3888 675 3936; x_wconf 89' lang='lat' dir='ltr'><strong>seorsum</strong></span> <span class='ocrx_word' id='word_1_312' title='bbox 700 3871 788 3954; x_wconf 90' lang='lat' dir='ltr'><strong>apud</strong></span> <span class='ocrx_word' id='word_1_313' title='bbox 810 3870 910 3936; x_wconf 90' lang='lat' dir='ltr'><strong>illum.</strong></span> <span class='ocrx_word' id='word_1_314' title='bbox 942 3888 1019 3951; x_wconf 88' lang='lat' dir='ltr'><strong>ergo</strong></span> <span class='ocrx_word' id='word_1_315' title='bbox 1042 3866 1201 3932; x_wconf 83' lang='lat' dir='ltr'><strong>Eusebius</strong></span> <span class='ocrx_word' id='word_1_316' title='bbox 1228 3867 1358 3950; x_wconf 87' lang='lat' dir='ltr'><strong>plenam</strong></span> <span class='ocrx_word' id='word_1_317' title='bbox 1381 3866 1457 3930; x_wconf 89' lang='lat' dir='ltr'><strong>lem·</strong></span> 
     </span>
     <span class='ocr_line' id='line_1_36' title="bbox 88 3968 1456 4058; baseline -0.001 -23"><span class='ocrx_word' id='word_1_318' title='bbox 88 3970 186 4035; x_wconf 87' lang='lat' dir='ltr'><strong>matis</strong></span> <span class='ocrx_word' id='word_1_319' title='bbox 214 3968 353 4033; x_wconf 82' lang='lat' dir='ltr'><strong>formam</strong></span> <span class='ocrx_word' id='word_1_320' title='bbox 382 3980 506 4054; x_wconf 82' lang='lat' dir='ltr'><strong>servat,</strong></span> <span class='ocrx_word' id='word_1_321' title='bbox 534 3972 676 4057; x_wconf 83' lang='lat' dir='ltr'><strong>Oyrillus</strong></span> <span class='ocrx_word' id='word_1_322' title='bbox 703 3991 774 4037; x_wconf 89' lang='lat' dir='ltr'><strong>cum</strong></span> <span class='ocrx_word' id='word_1_323' title='bbox 803 3971 992 4058; x_wconf 83' lang='lat' dir='ltr'><strong>Byzantinis</strong></span> <span class='ocrx_word' id='word_1_324' title='bbox 1018 3968 1144 4035; x_wconf 89' lang='lat' dir='ltr'><strong>Stoicos</strong></span> <span class='ocrx_word' id='word_1_325' title='bbox 1174 3968 1292 4033; x_wconf 87' lang='lat' dir='ltr'><strong>retinet</strong></span> <span class='ocrx_word' id='word_1_326' title='bbox 1319 3969 1456 4033; x_wconf 91' lang='lat' dir='ltr'><strong>Platone</strong></span> 
     </span>
     <span class='ocr_line' id='line_1_37' title="bbox 87 4069 1456 4157; baseline -0.001 -21"><span class='ocrx_word' id='word_1_327' title='bbox 87 4072 284 4156; x_wconf 87' lang='lat' dir='ltr'><strong>intercepto.</strong></span> <span class='ocrx_word' id='word_1_328' title='bbox 308 4071 394 4137; x_wconf 90' lang='lat' dir='ltr'><strong>unde</strong></span> <span class='ocrx_word' id='word_1_329' title='bbox 409 4073 484 4139; x_wconf 88' lang='lat' dir='ltr'><strong>talis</strong></span> <span class='ocrx_word' id='word_1_330' title='bbox 499 4073 695 4140; x_wconf 83' lang='lat' dir='ltr'><strong>diversitas?</strong></span> <span class='ocrx_word' id='word_1_331' title='bbox 715 4080 772 4138; x_wconf 91' lang='lat' dir='ltr'><strong>aut</strong></span> <span class='ocrx_word' id='word_1_332' title='bbox 787 4073 918 4157; x_wconf 87' lang='lat' dir='ltr'><strong>egregie</strong></span> <span class='ocrx_word' id='word_1_333' title='bbox 932 4072 1027 4138; x_wconf 85' lang='lat' dir='ltr'><strong>fallor</strong></span> <span class='ocrx_word' id='word_1_334' title='bbox 1041 4077 1098 4137; x_wconf 91' lang='lat' dir='ltr'><strong>aut</strong></span> <span class='ocrx_word' id='word_1_335' title='bbox 1113 4070 1146 4137; x_wconf 91' lang='lat' dir='ltr'><strong>iu</strong></span> <span class='ocrx_word' id='word_1_336' title='bbox 1157 4069 1290 4153; x_wconf 91' lang='lat' dir='ltr'><strong>antiquo</strong></span> <span class='ocrx_word' id='word_1_337' title='bbox 1307 4072 1456 4155; x_wconf 83' lang='lat' dir='ltr'><strong>exemplo</strong></span> 
     </span>
     <span class='ocr_line' id='line_1_38' title="bbox 86 4172 1457 4260; baseline 0 -23"><span class='ocrx_word' id='word_1_338' title='bbox 86 4173 229 4240; x_wconf 82' lang='lat' dir='ltr'><strong>sortasse</strong></span> <span class='ocrx_word' id='word_1_339' title='bbox 252 4172 390 4258; x_wconf 91' lang='lat' dir='ltr'><strong>abipso</strong></span> <span class='ocrx_word' id='word_1_340' title='bbox 413 4177 628 4260; x_wconf 86' lang='lat' dir='ltr'><strong>epitomatore</strong></span> <span class='ocrx_word' id='word_1_341' title='bbox 649 4176 797 4242; x_wconf 89' lang='lat' dir='ltr'><strong>Platonis</strong></span> <span class='ocrx_word' id='word_1_342' title='bbox 819 4175 1065 4257; x_wconf 86' lang='lat' dir='ltr'><strong>Stoicorumque</strong></span> <span class='ocrx_word' id='word_1_343' title='bbox 1087 4172 1280 4238; x_wconf 84' lang='lat' dir='ltr'><strong>secundaria</strong></span> <span class='ocrx_word' id='word_1_344' title='bbox 1302 4173 1457 4239; x_wconf 89' lang='lat' dir='ltr'><strong>memoria</strong></span> 
     </span>
     <span class='ocr_line' id='line_1_39' title="bbox 86 4274 1456 4362; baseline 0.001 -23"><span class='ocrx_word' id='word_1_345' title='bbox 86 4274 227 4357; x_wconf 86' lang='lat' dir='ltr'><strong>margini</strong></span> <span class='ocrx_word' id='word_1_346' title='bbox 255 4275 422 4362; x_wconf 87' lang='lat' dir='ltr'><strong>adscripta</strong></span> <span class='ocrx_word' id='word_1_347' title='bbox 450 4279 519 4345; x_wconf 87' lang='lat' dir='ltr'><strong>fuit.</strong></span> <span class='ocrx_word' id='word_1_348' title='bbox 561 4280 647 4346; x_wconf 89' lang='lat' dir='ltr'><strong>unde</strong></span> <span class='ocrx_word' id='word_1_349' title='bbox 675 4286 763 4345; x_wconf 87' lang='lat' dir='ltr'><strong>recte</strong></span> <span class='ocrx_word' id='word_1_350' title='bbox 788 4277 924 4345; x_wconf 91' lang='lat' dir='ltr'><strong>inseruit</strong></span> <span class='ocrx_word' id='word_1_351' title='bbox 946 4275 1115 4360; x_wconf 80' lang='lat' dir='ltr'><strong>Eusebius,</strong></span> <span class='ocrx_word' id='word_1_352' title='bbox 1137 4275 1195 4342; x_wconf 90' lang='lat' dir='ltr'><strong>sed</strong></span> <span class='ocrx_word' id='word_1_353' title='bbox 1218 4274 1361 4360; x_wconf 82' lang='lat' dir='ltr'><strong>Oyrillns</strong></span> <span class='ocrx_word' id='word_1_354' title='bbox 1383 4296 1456 4342; x_wconf 90' lang='lat' dir='ltr'><strong>cum</strong></span> 
     </span>
    </p>
   </div>
   <div class='ocr_carea' id='block_1_3' title="bbox 87 4482 1457 4987">
    <p class='ocr_par' dir='ltr' id='par_1_8' title="bbox 87 4482 1457 4987">
     <span class='ocr_line' id='line_1_40' title="bbox 160 4482 1457 4549; baseline -0.001 -14"><span class='ocrx_word' id='word_1_355' title='bbox 160 4483 167 4513; x_wconf 89' lang='lat'>¹</span> <span class='ocrx_word' id='word_1_356' title='bbox 188 4501 257 4548; x_wconf 79' lang='lat' dir='ltr'><strong>quae</strong></span> <span class='ocrx_word' id='word_1_357' title='bbox 282 4489 370 4535; x_wconf 85' lang='lat' dir='ltr'><strong>insunt</strong></span> <span class='ocrx_word' id='word_1_358' title='bbox 395 4489 420 4536; x_wconf 91' lang='lat' dir='ltr'><strong>in</strong></span> <span class='ocrx_word' id='word_1_359' title='bbox 445 4487 503 4536; x_wconf 88' lang='lat' dir='ltr'><strong>eod.</strong></span> <span class='ocrx_word' id='word_1_360' title='bbox 522 4489 624 4538; x_wconf 80' lang='lat' dir='ltr'><strong>Patmio</strong></span> <span class='ocrx_word' id='word_1_361' title='bbox 641 4488 796 4548; x_wconf 83' lang='lat' dir='ltr'><strong>CCLXlll,</strong></span> <span class='ocrx_word' id='word_1_362' title='bbox 817 4489 877 4537; x_wconf 78' lang='lat' dir='ltr'><strong>all</strong></span> <span class='ocrx_word' id='word_1_363' title='bbox 901 4486 945 4548; x_wconf 82' lang='lat' dir='ltr'><strong>[ct.</strong></span> <span class='ocrx_word' id='word_1_364' title='bbox 968 4487 1062 4536; x_wconf 82' lang='lat' dir='ltr'><strong>Bullet.</strong></span> <span class='ocrx_word' id='word_1_365' title='bbox 1085 4487 1117 4535; x_wconf 89' lang='lat' dir='ltr'><strong>dc</strong></span> <span class='ocrx_word' id='word_1_366' title='bbox 1143 4502 1255 4549; x_wconf 82' lang='lat' dir='ltr'><strong>corresp.</strong></span> <span class='ocrx_word' id='word_1_367' title='bbox 1275 4484 1369 4534; x_wconf 73' lang='lat' dir='ltr'><strong>hellin.</strong></span> <span class='ocrx_word' id='word_1_368' title='bbox 1392 4482 1457 4535; x_wconf 77' lang='lat'>1877</span> 
     </span>
     <span class='ocr_line' id='line_1_41' title="bbox 88 4569 1456 4640; baseline -0.001 -19"><span class='ocrx_word' id='word_1_369' title='bbox 88 4573 100 4621; x_wconf 94' lang='lat'>1</span> <span class='ocrx_word' id='word_1_370' title='bbox 118 4590 142 4637; x_wconf 89' lang='lat' dir='ltr'><strong>p.</strong></span> <span class='ocrx_word' id='word_1_371' title='bbox 157 4571 187 4636; x_wconf 78' lang='lat'><strong>5]</strong></span> <span class='ocrx_word' id='word_1_372' title='bbox 205 4574 224 4622; x_wconf 82' lang='lat' dir='ltr'><strong>i.</strong></span> <span class='ocrx_word' id='word_1_373' title='bbox 238 4569 379 4624; x_wconf 72' lang='lat' dir='ltr'><strong>tce-276</strong></span> <span class='ocrx_word' id='word_1_374' title='bbox 405 4584 527 4638; x_wconf 80' lang='lat' dir='ltr'><strong>excerpta</strong></span> <span class='ocrx_word' id='word_1_375' title='bbox 550 4575 581 4623; x_wconf 89' lang='lat' dir='ltr'><strong>de</strong></span> <span class='ocrx_word' id='word_1_376' title='bbox 607 4576 768 4640; x_wconf 71' lang='lat' dir='ltr'><strong>Pythagora,</strong></span> <span class='ocrx_word' id='word_1_377' title='bbox 787 4574 899 4634; x_wconf 85' lang='lat' dir='ltr'><strong>Harma,</strong></span> <span class='ocrx_word' id='word_1_378' title='bbox 918 4574 1048 4638; x_wconf 87' lang='lat' dir='ltr'><strong>Sophocle</strong></span> <span class='ocrx_word' id='word_1_379' title='bbox 1067 4583 1128 4632; x_wconf 77' lang='lat' dir='ltr'><strong>cet,</strong></span> <span class='ocrx_word' id='word_1_380' title='bbox 1151 4581 1203 4620; x_wconf 90' lang='lat' dir='ltr'><strong>tum</strong></span> <span class='ocrx_word' id='word_1_381' title='bbox 1222 4588 1254 4621; x_wconf 85' lang='lat' dir='ltr'><strong>ex</strong></span> <span class='ocrx_word' id='word_1_382' title='bbox 1274 4571 1406 4621; x_wconf 86' lang='lat' dir='ltr'><strong>Plutarchi</strong></span> <span class='ocrx_word' id='word_1_383' title='bbox 1424 4573 1456 4620; x_wconf 80' lang='lat' dir='ltr'><strong>de.</strong></span> 
     </span>
     <span class='ocr_line' id='line_1_42' title="bbox 87 4658 1457 4726; baseline -0.001 -16"><span class='ocrx_word' id='word_1_384' title='bbox 87 4660 195 4710; x_wconf 67' lang='lat' dir='ltr'><strong>Plau-itia</strong></span> <span class='ocrx_word' id='word_1_385' title='bbox 222 4669 301 4722; x_wconf 87' lang='lat' dir='ltr'><strong>atquc</strong></span> <span class='ocrx_word' id='word_1_386' title='bbox 320 4661 457 4725; x_wconf 76' lang='lat' dir='ltr'><strong>Porphyrii</strong></span> <span class='ocrx_word' id='word_1_387' title='bbox 478 4662 593 4710; x_wconf 79' lang='lat' dir='ltr'><strong>Historia</strong></span> <span class='ocrx_word' id='word_1_388' title='bbox 619 4661 787 4726; x_wconf 88' lang='lat' dir='ltr'><strong>philosopha,</strong></span> <span class='ocrx_word' id='word_1_389' title='bbox 811 4676 844 4711; x_wconf 90' lang='lat' dir='ltr'><strong>ea</strong></span> <span class='ocrx_word' id='word_1_390' title='bbox 866 4671 959 4712; x_wconf 85' lang='lat' dir='ltr'><strong>cuncta</strong></span> <span class='ocrx_word' id='word_1_391' title='bbox 985 4661 1113 4724; x_wconf 85' lang='lat' dir='ltr'><strong>descripta</strong></span> <span class='ocrx_word' id='word_1_392' title='bbox 1131 4669 1190 4709; x_wconf 85' lang='lat' dir='ltr'><strong>sunt</strong></span> <span class='ocrx_word' id='word_1_393' title='bbox 1207 4675 1238 4708; x_wconf 82' lang='lat' dir='ltr'><strong>ex</strong></span> <span class='ocrx_word' id='word_1_394' title='bbox 1259 4658 1349 4722; x_wconf 87' lang='lat' dir='ltr'><strong>Cyrilli</strong></span> <span class='ocrx_word' id='word_1_395' title='bbox 1368 4666 1457 4708; x_wconf 88' lang='lat' dir='ltr'><strong>contra</strong></span> 
     </span>
     <span class='ocr_line' id='line_1_43' title="bbox 87 4746 1455 4812; baseline -0.001 -16"><span class='ocrx_word' id='word_1_396' title='bbox 87 4747 219 4798; x_wconf 76' lang='lat' dir='ltr'><strong>{numum</strong></span> <span class='ocrx_word' id='word_1_397' title='bbox 245 4747 319 4796; x_wconf 83' lang='lat' dir='ltr'><strong>libris</strong></span> <span class='ocrx_word' id='word_1_398' title='bbox 341 4747 470 4811; x_wconf 85' lang='lat' dir='ltr'><strong>prioribus</strong></span> <span class='ocrx_word' id='word_1_399' title='bbox 493 4765 517 4812; x_wconf 88' lang='grc' dir='ltr'><strong>ρ.</strong></span> <span class='ocrx_word' id='word_1_400' title='bbox 532 4746 708 4800; x_wconf 81' lang='lat' dir='ltr'><strong>een-570</strong></span> <span class='ocrx_word' id='word_1_401' title='bbox 726 4749 795 4799; x_wconf 82' lang='lat' dir='ltr'><strong>Anb.</strong></span> <span class='ocrx_word' id='word_1_402' title='bbox 820 4749 852 4798; x_wconf 88' lang='lat' dir='ltr'><strong>de</strong></span> <span class='ocrx_word' id='word_1_403' title='bbox 871 4749 998 4798; x_wconf 84' lang='lat' dir='ltr'><strong>similibus</strong></span> <span class='ocrx_word' id='word_1_404' title='bbox 1022 4748 1118 4812; x_wconf 83' lang='lat' dir='ltr'><strong>eclogia</strong></span> <span class='ocrx_word' id='word_1_405' title='bbox 1137 4747 1337 4811; x_wconf 82' lang='lat' dir='ltr'><strong>Porphyrianis,</strong></span> <span class='ocrx_word' id='word_1_406' title='bbox 1355 4761 1455 4810; x_wconf 87' lang='lat' dir='ltr'><strong>quaec</strong></span> 
     </span>
     <span class='ocr_line' id='line_1_44' title="bbox 88 4832 1454 4900; baseline 0.002 -18"><span class='ocrx_word' id='word_1_407' title='bbox 88 4832 183 4898; x_wconf 75' lang='lat' dir='ltr'><strong>cyrillo</strong></span> <span class='ocrx_word' id='word_1_408' title='bbox 203 4837 231 4885; x_wconf 91' lang='lat' dir='ltr'><strong>in</strong></span> <span class='ocrx_word' id='word_1_409' title='bbox 252 4835 312 4884; x_wconf 86' lang='lat' dir='ltr'><strong>cod.</strong></span> <span class='ocrx_word' id='word_1_410' title='bbox 326 4835 430 4884; x_wconf 84' lang='lat' dir='ltr'><strong>Monac.</strong></span> <span class='ocrx_word' id='word_1_411' title='bbox 450 4848 487 4897; x_wconf 83' lang='lat' dir='ltr'><strong>gr.</strong></span> <span class='ocrx_word' id='word_1_412' title='bbox 501 4833 551 4885; x_wconf 77' lang='lat'><strong>547</strong></span> <span class='ocrx_word' id='word_1_413' title='bbox 572 4843 662 4885; x_wconf 76' lang='lat' dir='ltr'><strong>notata</strong></span> <span class='ocrx_word' id='word_1_414' title='bbox 674 4845 742 4897; x_wconf 85' lang='lat' dir='ltr'><strong>sunt,</strong></span> <span class='ocrx_word' id='word_1_415' title='bbox 761 4838 802 4900; x_wconf 87' lang='lat' dir='ltr'><strong>egl</strong></span> <span class='ocrx_word' id='word_1_416' title='bbox 822 4838 848 4886; x_wconf 90' lang='lat' dir='ltr'><strong>in</strong></span> <span class='ocrx_word' id='word_1_417' title='bbox 874 4836 1089 4886; x_wconf 85' lang='lat' dir='ltr'><strong>Commentation.</strong></span> <span class='ocrx_word' id='word_1_418' title='bbox 1108 4835 1239 4885; x_wconf 87' lang='lat' dir='ltr'><strong>Bonnens.</strong></span> <span class='ocrx_word' id='word_1_419' title='bbox 1258 4837 1275 4884; x_wconf 93' lang='lat' dir='ltr'><strong>i.</strong></span> <span class='ocrx_word' id='word_1_420' title='bbox 1294 4835 1319 4884; x_wconf 94' lang='lat' dir='ltr'><strong>h.</strong></span> <span class='ocrx_word' id='word_1_421' title='bbox 1339 4834 1454 4885; x_wconf 87' lang='lat' dir='ltr'><strong>Bueche-</strong></span> 
     </span>
     <span class='ocr_line' id='line_1_45' title="bbox 88 4919 554 4987; baseline 0.002 -17"><span class='ocrx_word' id='word_1_422' title='bbox 88 4923 133 4971; x_wconf 81' lang='lat' dir='ltr'><strong>leri</strong></span> <span class='ocrx_word' id='word_1_423' title='bbox 152 4930 178 4971; x_wconf 84' lang='lat' dir='ltr'><strong>ct</strong></span> <span class='ocrx_word' id='word_1_424' title='bbox 198 4922 311 4973; x_wconf 81' lang='lat' dir='ltr'><strong>Useneri</strong></span> <span class='ocrx_word' id='word_1_425' title='bbox 332 4919 398 4973; x_wconf 82' lang='lat'>1873</span> <span class='ocrx_word' id='word_1_426' title='bbox 417 4938 441 4987; x_wconf 87' lang='lat' dir='ltr'><strong>p.</strong></span> <span class='ocrx_word' id='word_1_427' title='bbox 456 4922 487 4975; x_wconf 83' lang='lat' dir='ltr'><strong>til</strong></span> <span class='ocrx_word' id='word_1_428' title='bbox 499 4937 554 4986; x_wconf 83' lang='lat' dir='ltr'><strong>sqq.</strong></span> 
     </span>
    </p>
   </div>
   <div class='ocr_carea' id='block_1_4' title="bbox 0 0 1726 5588">
    <p class='ocr_par' dir='ltr' id='par_1_9' title="bbox 0 0 1726 5588">
     <span class='ocr_line' id='line_1_46' title="bbox 0 0 1726 5588; baseline 0 1"><span class='ocrx_word' id='word_1_429' title='bbox 0 0 1726 5588; x_wconf 95' lang='lat' dir='ltr'><strong> </strong></span> 
     </span>
    </p>
   </div>
  </div>
 </body>
</html>
