3464 5586
265 337 328 402 224
504 336 583 386 xvu
620 337 668 385 nu
688 333 935 386 vuuusuouuu
954 333 1189 384 PLACITORUM
1208 332 1387 384 conruens

266 511 324 570 ost.
370 507 429 571 sed
452 526 525 570 eum
547 502 764 586 Theophrasti
785 500 985 584 comparatio
1007 499 1154 566 adhiberi
1176 509 1332 587 nequeat,
1360 507 1514 585 quantum
1536 499 1623 585 huic,

266 614 422 690 quantum
444 607 663 673 recentiorum
691 603 798 669 studio
826 602 984 668 debeatur
1005 603 1175 669 nescimus.
1208 604 1338 669 omnino
1361 610 1470 670 autem
1492 621 1566 668 raro
1589 602 1624 667 in

265 711 316 775 his
344 710 385 775 de
414 709 562 776 sensibus
591 708 748 791 exemplis
774 705 945 770 verborum
971 712 1095 772 tantam
1123 705 1362 772 similitudinem
1386 705 1556 790 observes,
1588 710 1625 769 ut

265 813 405 879 alienam
439 811 654 878 eruditionem
687 810 777 874 velut
815 808 1073 891 supplementum
1106 807 1263 875 adscitam
1300 829 1373 876 esse
1404 827 1514 890 neges.
1565 806 1625 873 sed

266 916 348 980 haec
382 921 431 981 est
463 913 660 998 perobscura
693 909 850 994 quaestio.
900 930 997 974 nuum
1030 909 1235 976 manifestum
1273 917 1323 977 est
1357 911 1538 977 Stoicorum
1570 909 1625 976 vel

267 1016 525 1082 Stoioissautium
541 1013 807 1099 philosophorum
828 1010 1034 1096 lenocinium,
1057 1033 1120 1095 quo
1143 1013 1296 1096 antiquae
1317 1012 1485 1080 doctrinae
1507 1031 1626 1096 acqua·

267 1119 344 1183 lium
366 1119 607 1202 intellegentiae
630 1116 824 1183 conciliatae
847 1114 1006 1180 ridentur.
1039 1112 1125 1181 idem
1148 1116 1316 1182 consilium
1338 1116 1372 1181 in
1394 1117 1531 1183 vetustis
1552 1117 1627 1182 Pla·

267 1221 339 1286 citis
362 1242 383 1287 a
404 1223 551 1287 Varrone
574 1219 734 1303 excerptis
756 1237 855 1302 supra
878 1217 1107 1302 demonstravi,
1129 1225 1253 1284 utnon
1275 1219 1385 1302 inepte
1404 1218 1522 1302 aliquis
1537 1217 1627 1284 Cice·

267 1324 355 1389 ronis
377 1326 418 1390 de
440 1324 574 1390 deorum
597 1329 714 1388 natura
736 1318 867 1387 tabulae
889 1319 1087 1403 meminerit,
1109 1318 1164 1385 ubi
1185 1342 1216 1405 p.
1235 1322 1297 1386 129
1320 1319 1503 1386 Stoicorum
1524 1321 1626 1386 notio-

268 1426 362 1491 nibus
384 1426 566 1491 lonicorum
590 1423 731 1490 maxime
753 1422 993 1507 philosophiam
1014 1422 1177 1489 inversam
1200 1444 1271 1490 esse
1294 1423 1400 1489 docui.
1423 1443 1496 1489 cum
1518 1422 1627 1488 Philo-

269 1529 354 1594 demi
378 1528 576 1612 comparatio
598 1524 813 1592 inistislocis
828 1524 984 1609 sitiuntur,
1007 1524 1141 1591 vacillat
1162 1526 1266 1591 omnis
1288 1525 1469 1592 accuratior
1490 1524 1626 1591 fontium

269 1630 435 1695 scrutatio.
470 1629 527 1695 sed
550 1637 585 1695 ut
607 1629 782 1712 discamus,
805 1626 921 1709 quibus
943 1626 1057 1693 studiis
1079 1634 1185 1693 motus
1207 1634 1408 1695 vetustorum
1430 1626 1626 1693 Placitorum

270 1732 423 1798 collector
438 1731 656 1816 Theophrasti
674 1730 840 1813 exemplar
862 1729 1009 1796 noviciae
1030 1730 1147 1796 rationi
1170 1730 1472 1815 accommodaverit,
1495 1729 1538 1795 ad
1558 1731 1627 1797 Po-

268 1834 414 1899 sidonii
449 1835 594 1900 scholam
629 1835 726 1919 paulo
756 1840 833 1898 ante
860 1831 1050 1899 Ciceronem
1075 1853 1201 1899 summa
1232 1832 1425 1901 auctoritate
1458 1831 1626 1899 florentem

270 1936 381 2001 oculos
404 1946 631 2004 convertamus
653 1955 787 2002 necesse
809 1940 872 2000 est.
902 1956 966 2018 quo
996 1957 1047 2002 me
1074 1936 1158 2002 alius
1180 1937 1268 2004 ducit
1292 1935 1458 2002 Ciceronis
1480 1936 1572 2001 locus
1595 1942 1628 2001 et

268 2038 339 2121 ipse
362 2039 628 2124 philosophorum
651 2037 750 2104 variis
772 2037 910 2104 decretis
933 2038 1134 2122 conspicuus.

354 2140 510 2207 dedivin.
527 2144 577 2208 13
596 2152 612 2204 5
633 2142 885 2223 philosophorum
899 2160 974 2205 aero
997 2147 1190 2224 exquisito
1213 2143 1392 2225 quaedam
1414 2149 1629 2224 arqumenta

270 2263 335 2305 cnr
357 2254 452 2305 esset
474 2265 565 2309 aera
587 2245 773 2307 diuinatio
796 2245 955 2306 collecta
976 2257 1058 2307 sunt
1081 2247 1223 2328 equibus
1238 2256 1270 2308 ut
1286 2247 1324 2308 de
1339 2246 1561 2326 antiquissimis
1577 2247 1629 2307 lo-

270 2365 349 2427 quar
378 2347 585 2427 Colophonius
607 2348 851 2427 Xenophanes
881 2367 961 2409 rinus
990 2350 1043 2429 qui
1071 2350 1146 2412 deos
1173 2369 1240 2412 esse
1270 2350 1385 2412 diceret
1407 2348 1630 2412 diuinationem
1717 2374 1720 2381 ·

269 2450 410 2528 furiditus
424 2452 555 2514 sustulit.
580 2452 692 2532 reliqui
706 2469 780 2511 aero
796 2468 900 2512 omnes
913 2461 1039 2531 praeter
1053 2453 1254 2532 Epicurum
1268 2452 1484 2514 bathoniensem
1506 2451 1545 2512 de
1566 2469 1630 2513 na-

272 2560 345 2612 tura
368 2552 495 2613 deorum
517 2553 738 2615 diuinationem
759 2552 968 2633 probauerant
989 2554 1045 2616 sed
1066 2575 1127 2617 non
1149 2575 1211 2618 uno
1233 2555 1333 2619 modo.
1373 2573 1445 2616 nam
1467 2573 1535 2616 eum
1556 2553 1629 2616 So-

273 2664 397 2717 crates
430 2675 593 2737 omnesque
625 2656 813 2717 Socratici
841 2655 1003 2737 Zenoque
1035 2667 1064 2719 et
1098 2659 1122 2719 ii
1152 2661 1205 2738 qui
1237 2658 1277 2720 ab
1309 2676 1346 2719 eo
1372 2664 1472 2719 essent
1496 2657 1631 2737 profecti

272 2765 429 2820 marceant
451 2759 484 2819 in
507 2759 705 2839 antiquorum
725 2759 976 2838 philosophorum
996 2761 1148 2823 sententia
1168 2770 1270 2824 aetem
1285 2757 1491 2823 Academia
1507 2768 1536 2821 et
1559 2759 1631 2821 Pe-

272 2861 494 2939 riputeticis
516 2861 785 2936 consentientibus,
808 2880 934 2942 eumqrre
948 2862 1019 2925 huic
1039 2866 1087 2925 rei
1101 2883 1244 2944 scapnam
1263 2864 1477 2925 auctoritatem
1492 2861 1631 2943 Pytha-

272 2982 390 3042 poras
417 2965 480 3024 iam
508 2974 580 3025 ante
606 2965 761 3026 tribuisset
790 2966 841 3044 qni
871 2966 964 3026 etiam
989 2968 1056 3045 ipse
1085 2986 1185 3048 aupes·
1211 2967 1302 3028 vellet
1329 2985 1396 3027 esse
1420 2966 1632 3046 plurumisque

275 3066 352 3126 locis
374 3067 481 3145 pravis
504 3075 614 3127 auctor
636 3067 875 3128 Democritus
896 3069 1147 3148 praesensionem
1174 3088 1276 3130 reram
1298 3070 1475 3148 futurarum
1496 3086 1631 3146 conpro-

274 3168 370 3241 baret
395 3168 652 3230 Dicaearchus
667 3170 891 3248 Peripateticum
907 3179 1009 3232 cetera
1031 3171 1234 3234 divinationis
1255 3192 1369 3251 qenera
1390 3171 1523 3244 sustulit,
1545 3188 1633 3231 sorn-

274 3273 396 3331 nioram
419 3280 446 3330 et
468 3271 588 3349 suroris
607 3272 740 3352 reliquit,
765 3271 1029 3353 Cratippusque
1047 3274 1217 3353 familiaris
1232 3283 1337 3336 noster
1351 3292 1439 3354 quem
1453 3290 1509 3353 epo
1523 3291 1632 3352 parem

272 3375 399 3434 summis
425 3372 698 3452 Peripateticis
734 3374 839 3437 iudico
864 3375 962 3437 isdem
987 3375 1080 3438 rebus
1104 3377 1196 3457 fidem
1222 3376 1329 3438 tribuit
1354 3378 1478 3456 reliqua
1504 3374 1634 3437 diuina·

273 3477 367 3537 tionis
388 3494 504 3554 penera
525 3477 640 3540 reiecit.
660 3486 686 3536 6.
725 3476 781 3538 sed
803 3497 871 3540 mum
890 3478 1014 3539 Stoici
1036 3480 1140 3542 omnia
1161 3480 1229 3559 fere
1249 3479 1306 3540 illa
1328 3477 1527 3558 defenderent
1549 3478 1633 3558 quod

274 3587 301 3637 et
328 3577 355 3636 Z
361 3596 426 3637 eno
459 3579 491 3638 in
524 3579 591 3639 suis
625 3582 853 3643 commentariis
888 3581 978 3661 quiesi
1006 3583 1126 3643 semina
1157 3581 1309 3662 quaedam
1338 3581 1504 3661 sparsisset
1537 3587 1565 3641 et
1594 3600 1633 3643 ea

275 3678 470 3741 Cleanthes
494 3682 590 3761 paulo
618 3680 766 3743 uberiora
788 3682 928 3761 fecisset,
955 3685 1085 3745 accessit
1113 3702 1275 3746 aemma
1302 3685 1351 3746 cir
1379 3683 1502 3763 ispanio
1532 3679 1634 3763 Chry·

273 3783 383 3862 sippus
411 3785 464 3863 qai
496 3793 590 3847 toturn
618 3784 656 3845 de
685 3784 876 3848 divinatione
906 3787 1027 3849 dnobus
1054 3785 1142 3847 libris
1169 3787 1337 3866 explicarit
1363 3786 1544 3850 sententiam
1571 3803 1633 3846 uno

272 3894 440 3966 praeterea
462 3886 501 3948 de
523 3888 640 3949 oraclis
661 3907 724 3949 uno
748 3889 786 3951 de
806 3892 956 3952 comitiis:
983 3908 1069 3969 quem
1094 3888 1282 3969 subsequens
1304 3910 1398 3953 unum
1420 3887 1531 3951 librum
1553 3886 1634 3949 Ba-

274 3990 450 4071 bylonius
478 3990 657 4070 Diopenes
690 3990 787 4055 edidit
818 3996 885 4055 eius
911 3992 1038 4055 auditor
1066 3991 1128 4052 duo
1150 3991 1350 4073 Antipater
1377 3995 1509 4074 quinque
1530 3999 1635 4052 noster

275 4093 513 4159 Posidonius.
540 4092 596 4155 sed
612 4112 633 4154 a
648 4093 763 4156 Stoicis
778 4095 827 4156 ael
847 4098 993 4175 princeps
1014 4096 1081 4156 mas
1096 4094 1282 4173 disciplinae
1297 4094 1491 4158 Posidonii
1514 4092 1635 4166 doctor,

275 4193 447 4274 discipulus
477 4197 646 4276 Antipatri,
671 4196 866 4276 depeneraait
895 4197 1097 4260 Panaetius
1125 4215 1182 4258 nee
1203 4206 1304 4259 tamen
1331 4216 1426 4260 ausus
1453 4205 1498 4257 est
1520 4214 1635 4276 nepare

273 4298 333 4355 cim
356 4317 422 4360 esse
445 4299 609 4361 divinandi
630 4299 686 4361 sed
709 4298 852 4362 dubitare
872 4319 906 4362 se
928 4300 1019 4362 dicit.

359 4399 497 4483 Propter
518 4400 644 4465 initium
667 4398 762 4463 huius
786 4400 918 4482 eclogae
941 4399 1001 4465 suit
1015 4398 1069 4481 qui
1085 4419 1126 4464 ex
1144 4399 1277 4464 Placitis
1300 4401 1429 4463 collecta
1452 4408 1635 4480 aspramente

276 4496 464 4566 Ciceronem
499 4501 703 4568 transtulisse
737 4501 964 4584 suspicaretur.
1008 4521 1114 4585 neque
1143 4507 1265 4566 temere
1296 4500 1352 4567 ille
1385 4500 1524 4585 quidem.
1558 4518 1636 4564 uam

275 4600 530 4684 Xenophauis
559 4604 703 4687 opinioni
732 4623 773 4668 ex
794 4602 881 4667 Astii
910 4624 936 4668 c.
960 4606 1024 4690 cepi
1048 4609 1186 4688 μαντικῆς
1207 4602 1383 4685 respondet
1404 4604 1432 4667 V
1456 4605 1511 4667 12
1533 4602 1636 4666 Ξενο-

275 4705 386 4786 φάνης
409 4707 455 4768 ual
469 4705 637 4790 Ἐπίκουρος
660 4708 807 4790 ἀναιροῦσι
830 4707 883 4790 τὴν
907 4710 1044 4791 μαντικήν
1067 4706 1208 4787 itemque
1223 4704 1456 4770 Dicaearchi
1478 4704 1555 4769 ibid.
1579 4706 1636 4784 §4

271 4803 480 4890 Ἀριστοτέλης
513 4810 559 4872 καὶ
588 4807 804 4893 Δικαίαρχος
833 4810 866 4871 τὸ
896 4809 961 4872 κατ’
991 4809 1202 4890 ἐνθουσιασμὸν
1230 4807 1316 4890 μόνον
1348 4807 1553 4892 παρεισάγουσι
1587 4806 1636 4870 καὶ

273 4907 339 4975 rub:
371 4909 507 4991 ὀνείρους.
551 4910 610 4975 sed
641 4917 749 4975 cetera
780 4911 839 4975 etsi
869 4910 1070 4994 Pythagoras
1101 4910 1195 4974 Plato
1224 4910 1392 4994 Stoicique
1424 4908 1635 4975 nominantur
