3442 5588
594 312 697 394 Αιιίιι
715 343 818 395 mc.
831 346 845 395 1
859 340 916 396 ιο.
937 342 968 396 ιν
981 353 1039 392 1-a
1057 340 1118 395 νοι
1474 342 1535 407 317

279 446 489 498 Ρυυυνιιιυιιι
500 410 1255 501 {theu
1270 453 1282 500 1
1300 449 1330 502 18
1343 458 1387 499 ι..

881 587 985 671 γράφει
1016 588 1066 650 τὸν
1099 589 1152 671 μὲν
1183 587 1304 673 οὐρανὸν
1331 586 1404 652 εἶναι
1433 586 1495 662 ἕνα,

881 689 1087 772 ἐπεισάγεσθαι
1110 687 1131 753 θ’
1160 691 1194 754 ἐκ
1215 697 1267 755 τοῦ
1289 692 1409 777 ἀπείρου
1427 689 1495 776 χρό-

880 813 928 854 νον
955 815 988 854 τε
1014 791 1063 855 καὶ
1091 793 1182 877 πνοὴν
1215 794 1263 857 καὶ
1291 796 1324 857 τὸ
1352 794 1448 871 κενόν,
1478 794 1494 856 ὃ

882 892 998 976 διορίζει
1021 894 1151 959 ἑκάστων
1173 895 1225 966 τὰς
1246 899 1348 981 χώρας
1362 896 1419 959 ἀεί.
1446 895 1495 958 καὶ

882 994 913 1058 ἐν
941 993 1040 1066 ἄλλοις
1066 996 1143 1081 λέγει
1170 997 1258 1062 τόπον
1285 997 1357 1063 εἶναι
1383 998 1416 1061 τὸ
1442 1001 1518 1060 τοῦν

881 1096 1067 1183 περιέχοντος
1087 1099 1178 1184 πέρας
1199 1101 1348 1184 ἀκίνητον,
1371 1099 1391 1183 ή
1414 1099 1444 1163 ἐν
1467 1097 1492 1184 ᾤ

883 1199 961 1282 μένει
993 1224 1026 1264 τε
1058 1202 1107 1267 καὶ
1139 1207 1258 1268 κινεῖται
1290 1204 1326 1266 τὰ
1361 1206 1495 1285 σώματα,

880 1304 980 1386 πλήρη
1001 1304 1054 1386 μὲν
1077 1305 1147 1369 όταν
1165 1305 1353 1391 πανταχόθεν
1367 1305 1494 1390 περιέχη

879 1405 913 1468 τὸ
936 1409 1037 1489 σῶμα,
1065 1408 1147 1472 κενὸν
1170 1408 1204 1471 δὲ
1226 1408 1294 1472 όταν
1317 1407 1412 1492 μηθὲν
1434 1405 1494 1493 ἔχη

879 1507 913 1570 τὸ
928 1511 1065 1593 παράπαν
1080 1510 1110 1573 ἐν
1126 1511 1234 1595 ἑαυτῷ.
1268 1510 1356 1573 τόπον
1372 1511 1425 1592 μὲν
1440 1508 1492 1573 οὖν
1505 1530 1529 1568 ιο

880 1611 1034 1694 ἀναγκαῖον
1057 1613 1197 1698 ὑπάρχειν
1220 1613 1389 1695 καὶσῶμα,
1412 1614 1493 1676 κενὸν

880 1713 913 1776 δὲ
936 1712 1073 1797 οὐδαμῶς
1095 1715 1122 1779 εἰ
1137 1716 1178 1800 μή
1196 1715 1283 1799 μόνον
1298 1715 1370 1800 πρὸς
1385 1714 1494 1799 νόησιν·

879 1816 1061 1903 ἀναιρετικὴν
1083 1819 1139 1903 γὰρ
1161 1818 1234 1884 εἶναι
1256 1819 1309 1903 τὴν
1332 1815 1392 1882 κατ’
1420 1818 1494 1882 ένθε·

879 1916 996 2004 λέχειαν
1018 1918 1109 1984 αὐτοῦ
1130 1920 1216 2005 φύσιν
1241 1926 1294 2006 τῆς
1317 1945 1348 1986 τε
1369 1925 1428 1986 τῶν
1451 1920 1494 1986 άν·

878 2042 936 2083 των
951 2021 1135 2104 συμπαθείας
1149 2024 1198 2089 καὶ
1210 2030 1263 2108 τῆς
1273 2029 1332 2089 τῶν
1348 2027 1493 2108 σωμάτων
1506 2045 1530 2083 ιο

879 2123 1087 2210 άλληλουχίας·
1110 2125 1162 2196 τὰς
1177 2127 1210 2191 δὲ
1224 2130 1350 2213 κινήσεις
1365 2128 1496 2211 γίνεσθαι

878 2226 930 2295 τὰς
957 2227 1032 2291 κατὰ
1058 2226 1147 2291 τόπον
1170 2224 1255 2314 [κατὰ
1284 2230 1318 2294 τὸ
1344 2227 1494 2317 πρότερον]

878 2329 1168 2415 ἀντιπεριισταμένων
1194 2331 1332 2416 ἀλλήλοις
1357 2335 1416 2396 τῶν
1439 2354 1494 2397 σω

880 2432 995 2514 μάτων·
1028 2430 1145 2518 άπειρον
1173 2434 1206 2497 δὲ
1232 2433 1321 2498 οὐθὲν
1343 2435 1495 2499 ἀπολείπει

880 2532 948 2598 οὔτε
974 2536 1049 2600 κατὰ
1077 2535 1111 2599 τὸ
1139 2535 1254 2620 πλήθος
1275 2535 1343 2600 οὔτε
1364 2538 1439 2603 κατὰ
1460 2540 1493 2601 τὸ
1506 2557 1531 2595 ιο

358 2698 385 2704 -
882 2637 1018 2722 μέγεθος.

356 2714 393 2775 ιθ.
430 2709 514 2796 Περὶ
536 2711 653 2775 τόπου.
1099 2722 1185 2808 Περὶ
1206 2725 1324 2790 τόπου.

257 2828 409 2894 Πλάτων
446 2829 479 2892 τὸ
520 2829 733 2914 μεταληπτικὸν
773 2832 865 2892 τῶν1
928 2824 1072 2890 Πλάτων
1087 2826 1175 2891 τόπον
1190 2826 1262 2892 είναι
1277 2829 1311 2891 τὸ
1326 2830 1496 2911 μεταληπτι-

222 2929 318 3008 είδῶν,
341 2933 413 3018 ὅπερ
435 2931 534 3018 εἴρηκε
556 2936 758 3018 μεταφορικῶς
779 2932 832 3015 τὴν
883 2930 934 2993 κθν
956 2932 1014 2991 τῶν
1036 2927 1132 3007 εἰδῶν,
1159 2930 1230 3014 ὅπερ
1252 2928 1351 3015 εἴρηκε
1373 2953 1495 3013 μεταφο-

214 3034 296 3118 ῦλην,
319 3036 453 3121 καθάπερ
474 3035 538 3100 τινὰ
552 3035 674 3120 τιθήνην
690 3035 738 3098 καὶ
754 3032 833 3103 θεία.
885 3036 973 3118 ρικῶς
992 3032 1044 3116 τήν
1060 3031 1131 3115 θλην
1146 3032 1280 3117 καθάπερ
1295 3033 1358 3095 τινὰ
1371 3032 1493 3116 τιθήνην
1506 3052 1530 3090 ιτ

191 3138 318 3221 ομενήν.
885 3135 934 3200 καὶ
956 3132 1122 3219 δεξαμενήν.
1551 3151 1553 3155 ’

254 3236 494 3324 Ἀριστοτέλης
514 3241 548 3304 τὸ
570 3239 695 3327 ἔσχατον
713 3243 765 3304 τοῦ
779 3237 862 3302 πεθ
898 3258 901 3265 ·

215 3340 362 3426 ριέχοντος
384 3345 526 3408 συνάπτον
553 3349 595 3430 τῷ
618 3345 829 3431 περιεχομένῳ.
855 3362 861 3385 ·

848 3451 864 3505 3
926 3441 1125 3529 (Στράτων)
1157 3443 1246 3508 τόπον
1273 3441 1331 3530 [δὲ]
1357 3443 1429 3509 εἶναι
1461 3447 1495 3508 τὸ

883 3545 988 3629 μεταξὺ
1011 3547 1157 3631 διάστημα
1175 3550 1227 3610 τοῦ
1242 3547 1427 3633 περιέχοντος
1448 3548 1496 3612 καὶ

882 3653 934 3712 τοῦ
956 3650 1176 3736 περιεχομένου.

348 3818 378 3879 κ.
417 3815 501 3901 Περὶ
524 3820 653 3902 χώρας.
1097 3819 1182 3905 Περὶ
1204 3821 1334 3905 χώρας.
1504 3843 1531 3881 νο
1575 3897 1592 3927 ⁴

261 3933 298 4000 01
320 3935 475 4000 Στωικοὶ
497 3938 545 4000 καὶ
557 3935 759 4022 Ἐπίκουρος
773 3940 832 4003 δια·
853 3951 865 4002 l
928 3938 1062 4025 (Ζήνων
1084 3940 1132 4005 καὶ
1155 3940 1182 4003 οί
1205 3937 1252 4003 ἀπ’
1272 3939 1376 4026 αὑτοῦ)
1399 3941 1495 4026 διαφέ-

180 4057 203 4095 10
215 4037 312 4123 φέρειν
342 4041 423 4103 κενὸν
451 4039 540 4104 τόπον
568 4042 683 4127 χώραν·
721 4041 769 4105 καὶ
797 4043 831 4107 τὸ
884 4066 942 4128 ρειν
965 4040 1022 4130 [δὲ]
1044 4044 1126 4107 κενὸν
1147 4041 1236 4106 τόπον
1258 4045 1370 4128 χώραν·
1393 4044 1496 4108 καὶτὸ

215 4142 267 4223 μὲν
292 4143 373 4208 κενὸν
389 4142 461 4207 εἶναι
476 4142 599 4228 ἐρημίαν
615 4145 761 4226 σώματος,
781 4146 830 4209 τὸν
883 4146 935 4230 μὲν
958 4147 1040 4209 κενὸν
1057 4143 1128 4209 εἶναι
1143 4145 1266 4229 ἐρημίαν
1281 4148 1428 4230 σώματος,
1447 4149 1496 4211 τὸν

214 4245 249 4307 δὲ
269 4244 358 4309 τόπον
380 4246 413 4308 τὸ
437 4245 578 4330 ἐχόμενον
603 4247 660 4310 ὑπὸ
682 4249 830 4330 σώματος,
881 4249 915 4312 δὲ
941 4249 1030 4312 τόπον
1057 4248 1091 4311 τὸ
1113 4246 1291 4333 έπεχόμενον
1319 4248 1375 4312 ὑπὸ
1398 4253 1497 4332 σώμα-

212 4348 266 4431 τήν
289 4349 322 4410 δέ
341 4349 442 4432 χώραν
458 4348 491 4409 τὸ
507 4347 541 4411 ἐκ
557 4348 662 4434 μέρους
677 4349 829 4435 ἐχόμενον,
881 4374 940 4427 τος,
972 4351 1025 4434 τὴν
1058 4351 1091 4414 δὲ
1123 4353 1223 4436 χώραν
1257 4350 1290 4413 τθ
1323 4350 1357 4414 ἐκ
1390 4351 1531 4436 μέρουςω

215 4450 316 4533 ὥσπερ
339 4450 387 4513 ἐπὶ
409 4455 462 4534 τῆς
483 4455 535 4515 τοῦ
557 4449 636 4531 οἴνου
658 4452 811 4537 πιθάκνης.
883 4452 1071 4539 ἐπεχόμενον.

921 4588 995 4643 λτὸν
1018 4589 1044 4643 θλ
1062 4594 1101 4644 A:
1126 4608 1191 4645 corr.
1209 4596 1312 4645 Ηεοεοο
1336 4589 1350 4660 ΙΙ
1377 4593 1408 4646 17
1427 4592 1540 4646 κατὰτὸ

208 4675 240 4727 12
259 4675 308 4729 ὑπὸ
326 4679 386 4728 AB:
405 4681 451 4729 τοῦ
470 4688 528 4745 post
546 4675 594 4730 ὑπὸ
612 4679 685 4730 addit
701 4679 724 4729 Ο
882 4676 1001 4748 πρότερον
1023 4679 1074 4730 del.
1093 4681 1194 4732 Usener
1213 4677 1228 4748 ΙΙ
1250 4679 1281 4733 18
1299 4679 1540 4750 άντιπιριισταμένας

207 4764 239 4814 14
258 4761 397 4834 πιθνάκνης
420 4766 451 4816 B.
475 4768 507 4816 de
532 4782 558 4816 re
582 4767 614 4816 cf.
637 4768 695 4817 Arii
718 4767 780 4817 Did.
799 4768 829 4817 ίτ.
881 4768 915 4818 F:
935 4764 965 4818 άν
982 4765 1026 4829 καλ
1044 4767 1232 4835 περιισταμένας
1245 4768 1279 4819 c:
1295 4783 1360 4819 corr.
1374 4770 1504 4822 Gaisford.
1525 4764 1538 4834 Η

172 4851 248 4915 phys.
268 4849 302 4903 25
320 4852 405 4914 [Stob.
424 4856 471 4903 ecl.
490 4855 502 4903 1
526 4853 557 4905 18
575 4872 599 4918 p.
613 4852 714 4917 392114
881 4851 915 4905 27
943 4851 1020 4904 τόπον
1042 4850 1097 4905 κτλ.
1120 4857 1180 4907 add.
1200 4864 1259 4922 ροοε
1282 4855 1341 4907 184
1363 4852 1377 4923 ΙΙ
1402 4854 1434 4908 31
1455 4854 1539 4924 διαφί-

886 4957 935 5008 ρειν
947 4968 976 4977 -
990 4939 1142 5010 ἐπεχόμενον
1159 4944 1219 4994 add.
1238 4952 1297 5009 ροσε
1317 4942 1372 4994 18ο
