3464 5586
183 321 224 385 32
466 322 477 368 l
521 321 569 370 uu
590 320 856 371 PLUTARCHEAE
879 321 1063 371 EPITOMES
1083 321 1254 372 MEMORIA

182 489 303 553 solutam
325 487 429 570 aperit
446 486 614 571 Cyrillum,
638 488 691 570 qui
715 508 811 570 quam
834 477 944 553 relide
966 487 1128 569 expilatus
1151 486 1193 550 sit
1216 508 1256 553 ex
1274 487 1417 553 Bekkeri
1439 487 1547 554 indice

184 612 214 674 p.
232 592 296 654 634
318 589 438 654 discas.
472 589 587 655 eodem
609 588 756 673 artificio,
779 608 862 672 quae
885 590 927 654 de
949 590 1020 654 sole
1043 595 1076 654 et
1100 589 1177 652 luna
1199 589 1435 672 proterunturl
1457 613 1489 674 p.
1505 591 1547 656 39

182 700 215 757 et
237 691 318 754 4οΒ
341 690 384 754 ad
407 689 541 755 verbum
563 691 631 756 sere
654 711 695 756 ox
717 691 914 757 Theodoreti
938 711 983 773 gr.
1010 691 1064 755 ati.
1087 691 1132 756 IV
1154 692 1194 756 18
1217 712 1247 775 p.
1264 692 1316 775 58,
1333 693 1472 776 46-59,
1495 694 1548 776 20,

183 794 321 876 35-39,
335 793 387 857 46.
404 794 444 856 47
469 791 562 877 Sylb.
586 793 764 857 suffuratus
786 800 837 858 est
859 793 899 858 ci.
920 791 1026 858 Bekk.
1048 791 1113 857 ind.
1137 814 1168 877 p.
1184 795 1257 858 648.

268 895 337 960 Nec
361 902 484 961 certum
517 902 567 961 est
588 894 844 960 Theodorum
866 894 1120 960 Metochitam
1143 895 1196 978 qui
1221 916 1250 961 a.
1275 898 1358 962 1322
1381 897 1476 981 obiit,
1502 897 1548 982 ip·

183 1020 253 1063 sum
276 997 393 1063 libmm
419 996 568 1062 manibus
595 997 795 1063 tractavisse.
841 998 956 1063 saltem
984 996 1113 1082 probari
1143 998 1178 1062 id
1204 1019 1269 1063 non
1299 1007 1406 1082 potest
1434 1021 1474 1066 ex
1501 1002 1549 1066 eis

183 1121 267 1183 quae
289 1122 320 1184 p.
343 1100 461 1165 46611.
506 1098 666 1182 siguificat
689 1103 721 1171 t<
739 1125 771 1184 γε
799 1098 1014 1186 [Plutarchus]
1046 1101 1093 1163 καὶ
1116 1102 1187 1185 πρὸς
1209 1104 1275 1172 τοὺς
1305 1102 1451 1172 Στωικοὺς
1479 1105 1548 1167 ἀπο-

184 1209 307 1291 μάχεται
326 1201 377 1289 [tle
394 1224 553 1267 commun.
570 1201 668 1267 Stoic.
685 1200 789 1289 notit]
810 1205 858 1267 καὶ
873 1204 940 1287 περί
954 1227 985 1266 τε
1000 1201 1032 1289 [l.
1044 1200 1091 1289 rol]
1106 1204 1215 1288 φυσικὰ
1229 1204 1359 1287 δόγματα
1374 1204 1413 1270 cf.
1430 1227 1461 1288 p.
1474 1206 1548 1270 473.

269 1307 383 1387 Neque
405 1305 544 1387 denique
567 1305 776 1370 Plutarchum
804 1307 911 1388 attigit
934 1326 974 1370 ex
997 1306 1058 1391 eis,
1090 1306 1145 1389 qui
1175 1312 1249 1388 post
1275 1315 1403 1390 captam
1432 1307 1548 1391 Cpolin

184 1408 348 1474 Plutarchi
377 1409 507 1490 eclogas
535 1414 777 1492 excerpserunt,
812 1408 978 1473 Michael
1007 1407 1253 1492 Apostolius‚
1286 1409 1340 1491 qui
1373 1410 1548 1476 Violarium

183 1509 311 1599 l’loudu]
334 1510 414 1576 illud
436 1510 601 1576 incohavit
623 1512 709 1593 quod
729 1510 885 1575 Arsenius
906 1508 989 1574 filius
1011 1510 1173 1576 ordinavit
1195 1510 1285 1575 auxit
1305 1511 1455 1578 absolvit.
1474 1515 1480 1545 ¹
1515 1514 1548 1580 in

183 1614 340 1699 Apostolii
364 1613 461 1696 igitur
483 1613 553 1678 cod.
580 1613 781 1696 Angelieano
808 1613 830 1677 i.
846 1614 888 1677 46
908 1611 1106 1697 Ἀριστοτέλης
1128 1651 1169 1660 -
1192 1615 1304 1696 κόσμου
1331 1617 1416 1696 quod
1438 1616 1470 1681 in
1493 1616 1551 1681 dr·

256 1859 262 1888 ¹
283 1859 418 1909 Michaelis
437 1859 529 1908 librum
547 1860 602 1907 sive
621 1859 706 1921 potius
725 1856 842 1918 schedas,
861 1871 925 1919 ques
944 1856 1012 1906 tilius
1031 1865 1098 1906 recte
1112 1853 1223 1924 ἄρραφυν
1240 1853 1356 1925 ὑπόδημα
1376 1861 1501 1918 nominat,
1520 1859 1547 1909 in

183 1949 344 2011 Angelicana
370 1946 528 1996 bibliotheca
550 1947 650 2009 repperi
675 1946 789 2007 signatas
808 1941 868 2005 03,
885 1942 925 1994 17.
944 1942 1091 1993 inscribitur
1109 1959 1125 1993 a
1143 1947 1238 1995 recenti
1262 1960 1340 1995 manu
1359 1943 1493 1995 Selecta
1510 1961 1546 1995 ex

184 2039 283 2085 uariis
302 2034 514 2099 philosophis
533 2035 651 2083 aliisve
676 2034 764 2081 iuxta
784 2033 928 2082 ordinem
948 2031 1188 2096 alphabeticum
1207 2034 1375 2097 disposita.
1411 2034 1475 2083 lolia
1496 2036 1547 2082 situ

183 2139 286 2173 crnrosa
305 2133 331 2172 et
349 2123 424 2173 valde
450 2122 552 2171 turbate
575 2127 642 2170 sunt.
671 2121 752 2169 multe
770 2123 826 2170 sine
845 2120 925 2170 dubio
944 2121 1092 2184 priusquam
1113 2122 1253 2183 ligarentur
1271 2121 1463 2170 interciderunt.
1487 2135 1547 2170 nam

183 2211 378 2275 proverbiorum
398 2211 559 2274 exemplum,
579 2210 650 2256 cuius
669 2208 780 2272 plagulis
799 2210 906 2272 singulis
930 2208 971 2257 rel
996 2208 1110 2272 pluribus
1128 2208 1238 2257 schedae
1258 2208 1314 2256 aliis
1333 2211 1460 2273 excerptis
1477 2224 1546 2257 com-

183 2301 265 2363 pletae
294 2307 383 2363 postea
406 2300 517 2347 insertae
540 2305 612 2355 eunt,
640 2297 729 2359 incipit
756 2294 821 2345 1-3Υ
844 2311 860 2345 a
884 2295 968 2345 uerbls
991 2291 1017 2343 δὲ
1043 2292 1088 2348 τὰς
1115 2289 1158 2342 τὸν
1181 2291 1292 2358 [Corpus
1315 2282 1486 2359 paioemiogr.
1505 2296 1545 2345 ed.

182 2388 301 2436 Leutsch.
315 2387 343 2435 11
357 2383 417 2446 241,
431 2383 472 2446 ί1],
496 2385 583 2448 priora
601 2392 686 2432 autem
706 2385 768 2433 lolia
790 2383 877 2431 aliena
899 2382 1030 2431 exhibent.
1068 2381 1136 2431 hunc
1160 2381 1274 2430 codicem
1297 2384 1409 2447 inspexit
1433 2399 1457 2433 a.
1478 2381 1546 2434 1790

182 2474 318 2523 Schowius
337 2474 368 2522 ci.
388 2473 489 2536 epistul.
508 2472 541 2520 ad
560 2471 589 2519 C.
603 2469 636 2519 G.
649 2471 784 2533 lleyneum
805 2487 829 2534 p.
843 2483 958 2519 uxxurtr
977 2469 1083 2520 Stobaei
1102 2469 1211 2533 florileg.
1230 2469 1270 2518 ed.
1290 2470 1338 2519 Th.
1353 2471 1482 2530 Gaisiord,
1501 2473 1544 2533 qui

183 2572 267 2611 tamen
280 2576 412 2610 numerum
423 2559 519 2608 codicis
532 2573 621 2621 parum
635 2567 751 2607 accurate
765 2564 909 2607 notaverat.
927 2558 960 2606 de
973 2558 1108 2607 Michaelis
1120 2557 1195 2606 Ioula
1208 2560 1300 2622 etipse
1315 2560 1474 2621 cogitaverat
1499 2559 1545 2607 sed

182 2665 222 2697 res
240 2656 309 2696 certa
327 2655 373 2707 est,
393 2648 453 2710 quia
472 2647 488 2694 i.
502 2643 571 2697 756ῐ
590 2646 766 2709 adglutinatur
785 2647 982 2694 commentarius
995 2645 1086 2694 eadem
1099 2660 1177 2694 manu
1191 2648 1300 2709 scriptus
1313 2657 1337 2694 et
1352 2646 1384 2695 ab
1404 2648 1461 2710 ipso
1480 2648 1543 2696 scri·

181 2745 254 2798 ptore
274 2735 436 2783 emendatus:
458 2727 592 2800 Μιχαηλου
611 2728 759 2784 {lacertum
776 2734 821 2782 rob
838 2727 975 2791 Βυζαντίου
992 2727 1063 2798 λόγος
1081 2729 1263 2799 ἐπιατολιμαῖος
1281 2731 1297 2799 ἢ
1316 2733 1370 2801 περὶ
1389 2729 1544 2802 δικαιοαδνης

180 2819 240 2889 πρὸς
252 2818 298 2888 την
317 2819 424 2888 ἐρ1τιμον
444 2818 554 2882 [addidit
571 2821 689 2870 secundis
708 2821 774 2868 curis
788 2817 832 2868 καὶ
845 2814 1019 2881 hadrumetus]
1033 2816 1077 2868 καὶ
1090 2813 1262 2886 αυλυδμνητον
1275 2818 1356 2888 ἀρχὴν
1367 2825 1419 2870 τῶν
1431 2813 1544 2871 Ἐνετῶν.

183 2909 309 2971 florilegio
329 2908 438 2957 similior
460 2916 498 2956 est
521 2922 598 2968 quam
622 2910 735 2957 orationi
759 2908 823 2956 haec
841 2908 954 2971 scriptio.
987 2907 1116 2970 Apostolii
1136 2907 1271 2957 uiolarium
1290 2917 1390 2972 praeter
1409 2908 1544 2972 proverbia

182 2997 293 3045 maxime
313 2994 420 3044 Stobaei
439 2995 592 3057 florilegium
612 2995 674 3054 (non
698 2993 812 3058 eclogas)
836 2995 992 3058 compilavit.
1024 2993 1113 3042 codice
1137 2995 1238 3044 ridetur
1256 3012 1315 3044 usus
1334 3010 1389 3045 esse
1417 3011 1448 3044 eo
1468 3011 1544 3058 quem

181 3092 271 3146 postea
286 3084 418 3143 Arrenius,
438 3090 490 3130 tum
503 3081 653 3140 Saurbucus.
673 3097 740 3130 nunc
753 3081 913 3131 bibliotheca
925 3080 1138 3130 vindobonensis
1157 3081 1272 3145 possidet
1289 3098 1305 3131 a
1319 3083 1466 3135 (laiaiordio
1485 3098 1543 3131 sero

182 3184 316 3219 excussum
330 3170 421 3230 Eclog.
441 3177 458 3216 t.
471 3170 496 3217 11
509 3166 561 3219 860
571 3184 627 3231 sqq.
647 3178 685 3217 est
703 3168 746 3218 ubi
760 3169 914 3232 compilator
925 3169 1032 3230 ingenio
1046 3165 1181 3216 indulserit
1199 3171 1215 3217 i.
1230 3167 1280 3220 79Γ
1295 3169 1461 3233 (praecedunt
1474 3173 1543 3218 enlm

183 3255 320 3319 proverbia
339 3256 371 3302 de
390 3257 494 3317 iustitia,
514 3272 622 3318 quorum
641 3257 757 3305 ultimum
776 3252 847 3321 δίκης
866 3250 995 3322 ὀφθαλμός
1014 3271 1038 3318 p.
1052 3250 1112 3313 366,
1125 3255 1141 3305 6
1154 3256 1207 3315 L.):

534 3341 560 3392 iv
578 3338 642 3409 τῷδε
660 3346 713 3392 τῶν
731 3346 872 3409 παροιμιῶν
890 3340 1018 3409 ἀφιγμένῳ

532 3425 594 3479 ὅπου
613 3426 684 3497 δίκης
703 3425 780 3479 ἔνεστι
798 3426 827 3479 rb
846 3425 919 3484 κλέος
937 3426 1001 3495 μέγα

534 3512 602 3573 ἕδοξέ
620 3532 663 3582 μοι
683 3512 809 3583 βέλτιστον
827 3511 849 3565 ὦ
867 3512 934 3583 φίλοι
952 3512 1033 3582 λόγων

536 3602 579 3653 καὶ
597 3605 642 3653 τοῦ
661 3599 769 3659 etium:
788 3600 820 3653 τὰ
837 3600 897 3670 πρὸς
915 3605 961 3670 τῆν
980 3600 1052 3670 δίκην
1070 3599 1162 3669 γράψαι

533 3688 620 3757 ἄριστα
638 3689 791 3758 τυγχάνοντα
809 3693 861 3746 τοῖς
879 3686 953 3756 λόγου
971 3687 1058 3756 φίλοις.

182 3782 298 3842 sequitur
315 3779 387 3830 Stob.
408 3779 482 3828 florii.
503 3795 531 3828 rx
545 3788 578 3827 tu.
598 3788 710 3828 ceterum
729 3786 773 3827 eut
791 3778 927 3840 gemellum
941 3786 986 3826 aut
1004 3779 1071 3827 idem
1092 3777 1237 3840 exemplum
1257 3778 1444 3841 Angelicenum
1462 3781 1542 3842 signi·

181 3868 240 3917 ticet
263 3869 406 3917 Heersnius
429 3867 502 3916 Stob.
525 3868 573 3915 ecl.
592 3867 605 3914 Ι
625 3879 728 3914 xuvrtt.
762 3879 918 3926 quamquam
937 3866 1071 3930 praelatio,
1096 3866 1164 3915 unde
1183 3867 1328 3914 Arseniana
1348 3865 1434 3928 flrrxit,
1458 3881 1543 3930 neque

180 3972 247 4005 nunc
265 3964 382 4005 servatur
400 3970 482 4017 neque
495 3954 609 4004 Schowii
629 3960 713 4001 aetate
732 3954 847 4002 extitisse
867 3952 975 4002 ridetur.
995 3964 1062 4002 certe
1076 3956 1102 4003 in
1117 3951 1250 4016 Angelica,
1271 3967 1348 4015 quam
1360 3955 1403 4002 ille
1417 3957 1543 4016 nominat,

181 4043 337 4092 bibliotheca
362 4043 471 4091 alterum
495 4041 603 4090 Violurii
627 4040 772 4103 exemplum
795 4041 912 4089 invenire
938 4041 1000 4090 mihi
1025 4042 1157 4104 quaerenti
1177 4054 1229 4089 non
1248 4041 1362 4104 contigit.
1399 4042 1445 4090 sed
1462 4043 1542 4091 luleus

180 4133 291 4179 estsine
311 4130 391 4179 dubio
411 4131 553 4180 Heerenius
572 4131 598 4178 in
623 4143 654 4177 eo
674 4129 743 4191 quod
763 4129 795 4176 de
815 4129 971 4191 Idologarum
991 4130 1145 4193 perantiquo
1165 4126 1253 4176 codice
1272 4141 1288 4176 a
1306 4127 1436 4177 Michaele
1455 4126 1543 4192 [quem

181 4227 265 4267 tamen
285 4234 338 4268 non
358 4216 496 4282 adgnovit]
515 4223 637 4280 usurpato
657 4216 722 4265 dixit
748 4217 779 4265 ci.
800 4215 829 4265 C.
851 4215 1020 4265 Wachemuth
1041 4230 1134 4265 comm.
1153 4215 1178 4264 d.
1198 4213 1304 4265 Stobaei
1324 4215 1370 4265 ecl.
1391 4215 1461 4267 Gott.
1478 4214 1544 4267 1871

180 4321 203 4368 ρ.
221 4305 242 4354 l.
266 4321 325 4353 nam
349 4305 436 4354 titulus
456 4298 568 4369 ἐκλογῶν
587 4297 788 4369 ἀποφθεγμάτων
811 4301 855 4353 καὶ
879 4298 1019 4370 ὑποθηκῶν
1038 4307 1113 4355 etism
1132 4303 1286 4367 florilegium
1304 4304 1500 4368 comprehendit
1517 4313 1544 4353 et

180 4391 284 4440 exhibet
302 4407 360 4440 eum
379 4393 433 4455 ipse
453 4389 597 4440 Sembuci
618 4390 675 4439 cod.
695 4391 907 4441 vindobonensis
927 4392 958 4441 cf.
978 4391 1103 4442 Fleckeis.
1117 4391 1163 4440 CV
1186 4386 1252 4441 1872
1270 4407 1295 4455 ρ.
1312 4389 1368 4442 191.
1399 4392 1456 4453 quie
1475 4400 1543 4440 esset

179 4479 222 4527 ille
242 4477 431 4541 Christogonus
450 4480 475 4527 in
496 4478 659 4526 Heereniana
678 4479 836 4540 praefatione
856 4480 1018 4542 nominatus,
1041 4495 1094 4531 non
1114 4479 1235 4542 comperi.
1268 4479 1394 4528 Arrenius
1414 4479 1541 4543 Gaspttrin

180 4566 251 4614 Ormi
271 4562 434 4628 [Auximum
459 4580 526 4614 nunc
543 4562 645 4626 Osimo]
664 4568 812 4629 episcopum
826 4568 842 4615 i.
856 4582 879 4615 e.
894 4566 1022 4631 Gasparin
1035 4567 1172 4617 Zacchium
1186 4563 1310 4627 [Leutsch
1323 4568 1340 4615 l.
1355 4584 1377 4616 c.
1392 4584 1417 4630 p.
1431 4567 1497 4616 XXI
1512 4563 1542 4627 ¹⁰]

180 4654 331 4712 nominarit,
352 4653 386 4701 ad
405 4668 480 4714 quem
498 4653 606 4702 alterum
619 4654 811 4715 paroemiorum
825 4654 970 4718 exemplum
989 4654 1214 4720 apophthegmatis
1232 4653 1342 4716 aliisquo
1362 4662 1463 4703 anonim
1483 4656 1542 4703 mis-

179 4754 253 4789 surue
272 4747 347 4787 esset.
378 4740 424 4788 scd
438 4754 495 4788 cum
508 4738 696 4802 Gasparianum
716 4740 871 4803 exemplum,
892 4741 959 4790 unde
978 4743 1054 4791 codd.
1067 4738 1206 4790 Ruuotrr
1218 4738 1349 4789 Leutechii
1369 4757 1394 4805 p.
1405 4740 1459 4790 Xll
1472 4741 1542 4789 ducti

179 4834 249 4886 suunt,
278 4826 460 4890 supplementis
489 4827 539 4875 illis
573 4829 696 4886 caruerit,
733 4827 870 4876 Arsenium
900 4828 1046 4877 condidisse
1081 4829 1182 4891 opinor.
1219 4825 1326 4875 alterum
1350 4828 1541 4890 prooemiorum

179 4913 322 4977 exeruplum
342 4914 428 4962 Lauro
447 4916 556 4974 Quirino
577 4915 680 4963 missum
700 4915 891 4979 autographum
911 4925 1057 4964 asservatur
1075 4916 1183 4966 Parisiis
1201 4929 1226 4963 n.
1242 4911 1319 4964 3059.
