3442 5588
191 340 256 405 610
593 344 732 395 unum
750 344 890 396 HISTOR.
909 345 1047 399 Panos.
1065 346 1104 399 ιτ.
1121 345 1152 400 18

243 511 277 574 ἐκ
309 510 376 580 νέας
405 512 689 595 κοσμοποιουμένων.
735 515 783 578 καί
807 517 834 578 οἰ
857 515 910 598 μὲν
931 516 1014 579 ἄλλοι
1035 518 1139 586 πάντες
1162 518 1419 604 ὑπολαμβάνοντες
1442 514 1513 579 εἰναι

243 615 292 676 τδν
323 615 391 678 θεδν
420 618 479 684 τῶν
503 615 638 679 ἁπάντων
661 618 835 701 δημιουργόν
857 619 938 704 αὐτῷ
963 620 1045 704 μόνῳ
1066 620 1119 704 τὴν
1142 620 1238 683 αἰτίαν
1259 624 1318 683 τιῖιν
1334 619 1513 703 γιγνομένων

239 718 414 800 προσάπτειν
437 718 685 803 ἐπικεχειρήκασι.
730 719 877 784 Πλάτων
899 723 933 784 δὲ
955 723 1003 785 καὶ
1025 721 1077 791 τὰς
1099 722 1177 793 ἰδέας
1199 724 1363 808 εἰσήγαγεν,
1386 722 1435 793 αῖς
1461 721 1511 786 ἴσα

189 840 225 876 ιω
242 819 295 901 μὲν
311 821 530 904 ἀπεργάσασθαι
545 822 672 887 δύναται·
689 824 846 909 εἰσάίγουσι
860 825 893 886 δὲ
908 824 956 887 καὶ
971 825 1024 908 τὴν
1040 823 1141 889 ἄποιον
1158 827 1240 909 ύλην,
1256 827 1320 891 ὅσοι
1335 826 1391 889 ούκ
1406 825 1442 888 ἅν
1457 823 1508 887 ἴσα

238 923 276 987 τὰ
298 922 365 986 καθ’
387 924 495 988 ἕκαστα
518 926 716 989 συντελεῖσθαι
738 928 876 1007 διδόασιν,
898 927 1127 1011 ἀλλαλῒταύτης
1148 952 1180 991 τε
1202 927 1250 991 ὑπ’
1271 929 1364 1012 αὐτῆς
1378 927 1416 991 τὰ
1438 928 1536 989 dm:

238 1026 400 1107 τελέσματα
421 1028 579 1110 γίγνεσθαι.

848 1292 890 1356 18

323 1440 381 1506 Ka:
408 1442 473 1527 περὶ
502 1443 555 1526 μὲν
582 1447 635 1528 τῆς
661 1447 818 1529 δραστικῆς
843 1445 937 1517 αἰτίας
963 1446 1011 1510 ἐπὶ
1038 1450 1186 1511 τοσοῦτον.
1228 1447 1386 1518 διεξελθεῖν
1413 1445 1442 1511 δ’
1469 1448 1503 1512 δν

238 1546 285 1629 εἴη
308 1545 407 1629 καιρδς
429 1544 477 1608 καί
507 1547 573 1629 περί
600 1550 652 1630 τῆς
679 1549 790 1632 ὑλικῆς.
835 1550 862 1611 οῖ
889 1549 1006 1634 φυσικοί
1038 1552 1103 1634 περὶ
1136 1551 1242 1633 ταύτης
1271 1550 1401 1620 εἰπόντες
1431 1549 1503 1614 εἶναι

236 1650 289 1732 μὲν
312 1649 408 1732 ἀρχὴν
432 1647 532 1731 ύλικὴν
555 1648 679 1719 ἅπαντες
701 1651 810 1733 ὁμοίως
839 1653 1015 1729 δεδώκασιν,
1046 1651 1080 1716 οὐ
1112 1653 1169 1736 μὴν
1197 1653 1321 1722 ἅπαντες
1348 1651 1422 1716 εἰναι
1449 1653 1502 1735 τὴν
1520 1672 1542 1709 ιι

235 1751 338 1835 αὐτήν.
382 1749 458 1812 ἀλλὰ
488 1749 695 1837 Φερεκύδης
729 1754 781 1835 μὲν
815 1755 831 1817 ό
860 1751 1008 1838 Ἀσσύριος
1040 1759 1094 1839 γῆν
1127 1752 1199 1818 εἰναι
1232 1755 1339 1839 ταύτην
1373 1756 1501 1838 ἐνόμισε,

235 1853 354 1937 Θαλῆς
377 1854 410 1915 δὲ
433 1853 522 1936 ὕδωρ,
548 1851 822 1940 Ἀναξίμανδρος
852 1857 884 1920 δί
912 1859 946 1920 τὸ
977 1858 1111 1941 ἄπειρον,
1138 1856 1363 1942 Ἀναξιμένης
1392 1859 1427 1922 δὲ
1455 1860 1503 1921 καὶ

234 1954 403 2040 Διογένης
426 1958 442 2020 ό
468 1954 754 2042 Ἀπολλωνιάτης
781 1958 870 2044 ἀέρα,
898 1963 956 2045 πῦρ
981 1961 1015 2023 δὲ
1037 1957 1200 2030 Ἵππασος
1229 1962 1245 2024 ό
1275 1959 1503 2035 Μεταποντῖνος,

235 2059 440 2144 Ξενοφάνης
462 2057 488 2122 δ’
516 2061 533 2124 ό
554 2058 744 2145 Κολοφώνιος
764 2066 818 2147 γῆν
840 2062 889 2127 καί
913 2063 1001 2148 ύδωρ.
1041 2059 1167 2126 Ἵππων
1193 2064 1227 2126 δὲ
1255 2065 1272 2127 ό
1291 2060 1423 2147 Ῥηγῖνος
1444 2067 1503 2147 πῦρ

233 2163 281 2226 καί
305 2163 394 2247 ύδωρ,
416 2159 611 2245 Οἰνοπίδης
632 2163 665 2226 δὲ
686 2166 702 2228 ό
725 2162 801 2234 Χῖος
821 2169 880 2249 πῦρ
902 2166 950 2229 καί
972 2165 1056 2249 ἀέρα,
1076 2164 1330 2250 Ὀνομάκριτος
1345 2165 1379 2229 A
1394 2166 1426 2229 ἰν
1440 2172 1503 2237 τοῖς
1521 2186 1543 2224 ιι

229 2264 374 2351 Ὀρφικοῖς
395 2269 449 2349 γῆν
471 2266 519 2329 καί
542 2269 600 2349 πῦρ
622 2267 670 2330 καί
695 2266 783 2353 ὕδωρ,
805 2269 833 2331 οῖ
855 2265 1010 2331 Στωικοὶ
1034 2268 1068 2330 δὲ
1087 2265 1215 2353 τέσσαρα
1235 2274 1367 2355 στοιχεῖα
1381 2271 1501 2353 γῆνκαὶ

231 2371 289 2453 πῦρ
311 2369 359 2432 καί
383 2369 462 2452 ὕδωρ
484 2369 532 2433 καί
554 2367 638 2452 ἀέρα,
658 2367 909 2454 ’Ἀριστοτέλης
930 2370 964 2433 δὲ
985 2371 1097 2440 τούτοις
1118 2370 1286 2456 προσέθηκε
1313 2372 1362 2435 καί
1390 2372 1425 2435 τδ
1454 2397 1502 2434 κω

233 2472 442 2555 κλοφορητικδν
458 2477 556 2555 σῶμα.
586 2468 827 2557 Ἐμπεδοκλῆς
842 2473 875 2536 δὲ
888 2473 1019 2557 τέτταρσι
1035 2472 1189 2559 στοιχείοις
1201 2476 1368 2558 προσήγαγε
1389 2474 1502 2559 (φιλίαν

234 2575 282 2637 καί
304 2574 421 2657 νεῖκος),
444 2580 502 2638 τῶν
526 2574 579 2657 μὲν
601 2577 750 2660 τεσσάρων
773 2576 925 2662 στοιχείων
955 2577 1063 2639 δλικῶν
1093 2574 1184 2639 όντων
1213 2574 1290 2660 (καί)
1317 2582 1371 2662 τῐης
1401 2579 1500 2662 φιλίας

179 2695 215 2735 νιι
232 2681 324 2741 ταῦτα
345 2677 561 2761 συγκρινούσης,
581 2681 633 2740 τοῦ
659 2678 692 2741 δὲ
719 2677 839 2766 νείἰκους
866 2681 1034 2748 διαλύοντος
1065 2678 1113 2741 καί
1144 2676 1349 2762 διακρίνοντος·
1380 2681 1496 2764 Δημό-
1512 2700 1534 2738 ιι

232 2804 350 2866 κριτος
372 2780 405 2842 δὲ
427 2780 475 2843 καί
495 2777 703 2865 Ἐπίκουρος
724 2782 776 2852 τὰς
797 2782 924 2865 ἀτόμους
945 2782 1040 2867 ἀρχὰς
1062 2782 1177 2844 πάντων
1199 2780 1379 2862 νομίζουσιν,
1397 2780 1497 2867 Ἡρα-

229 2884 373 2966 κλείδης
394 2883 428 2945 δὲ
451 2884 467 2945 δ
490 2881 630 2952 Ποντικὸς
659 2884 706 2946 καί
730 2881 992 2969 ’Ἀσκληπιάδης
1020 2886 1036 2948 ό
1066 2882 1191 2953 Βιθυνός
1217 2882 1364 2966 ἀνάρμους
1392 2881 1497 2967 ὄγκους

229 2986 280 3056 τὰς
302 2984 397 3070 ἀρχὰς
425 2984 609 3050 ὑποτίθενται
636 2990 695 3048 τῶν
723 2987 816 3064 όλων,
842 2986 1077 3072 ’Ἀναξαγόρας
1107 2987 1140 3050 δὲ
1170 2987 1186 3049 δ
1216 2982 1416 3068 Κλαζομένιος
1445 2986 1497 3057 τὰς

180 3210 243 3263 1ἰκ
261 3210 318 3268 νίας
335 3214 374 3262 A:
400 3208 429 3262 ἐκ
447 3209 503 3261 νέου
521 3211 544 3261 Β
564 3207 578 3275 ΙΙ
598 3211 835 3278 κοσμοποιουμένων
886 3214 947 3262 rius.
965 3209 994 3262 τό
1012 3206 1191 3279 ἄπειρον-λθ
1209 3203 1366 3277 Ἀναξιμένης
1383 3205 1410 3259 δλ
1429 3207 1541 3279 σοιΒΙΙ

177 3300 215 3351 B:
243 3296 470 3366 κοσμοποιούμενον
495 3301 521 3349 A
554 3292 568 3365 ΙΙ
595 3297 684 3354 πάντες
711 3301 749 3350 A:
783 3317 834 3350 om.
891 3297 921 3350 13
950 3295 1054 3354 δπασίας
1081 3299 1143 3349 BN:
1171 3294 1269 3352 ἰππιίας
1295 3298 1320 3345 A
1343 3291 1359 3362 ΙΙ
1382 3294 1541 3362 μεταπόνττος

177 3388 224 3438 BN
246 3385 259 3453 ΙΙ
279 3385 295 3437 θ
313 3391 366 3438 τῶν
384 3384 501 3437 ἁπάντων
519 3386 555 3437 B:
573 3383 616 3436 τόν
635 3383 752 3437 ἁπάντων
775 3390 800 3437 A
821 3387 834 3454 ΙΙ
886 3389 923 3437 A:
953 3384 1051 3442 πόντιος
1078 3385 1127 3436 ΒΝ
1150 3382 1164 3451 ΙΙ
1192 3384 1223 3435 14
1252 3394 1312 3449 pout
1334 3385 1384 3451 πῦρ
1407 3383 1453 3434 καί
1477 3381 1541 3453 ύδιρ

176 3472 193 3525 3
212 3472 384 3543 ίπιχιιρήκασι
400 3475 462 3525 AB:
481 3490 546 3525 corr.
565 3474 714 3525 chartarius
737 3472 750 3541 ΙΙ
771 3472 832 3527 πλά-
886 3476 945 3525 εδδ.
973 3455 1017 3524 καὶ
1035 3455 1096 3540 έέρα
1119 3472 1215 3533 (στεῦτο
1238 3473 1406 3537 expunctum)
1429 3474 1468 3522 A:
1492 3489 1540 3523 om.

175 3579 228 3613 των
250 3564 291 3613 ed.
314 3566 407 3629 prinu:
436 3560 537 3613 πάντων
560 3563 598 3610 A:
622 3561 703 3612 πάντα
725 3563 760 3613 Βι
784 3561 833 3615 alii
1096 3573 1110 3626 δ

176 3652 200 3702 N
224 3646 238 3718 ΙΙ
263 3649 391 3719 εἰσήγαγεν
413 3650 450 3697 A:
480 3645 610 3715 εἰσήγαγον
635 3650 657 3699 Β
687 3647 700 3716 ΙΙ
729 3648 763 3707 εἰς
786 3647 831 3702 ύσα
883 3649 906 3699 Β
935 3644 949 3716 ΙΙ
980 3646 1012 3700 15
1042 3645 1122 3698 οἰνοπί
1150 3649 1176 3698 A
1206 3650 1243 3698 itu
1272 3651 1394 3714 :criptum
1426 3659 1455 3701 ut
1480 3648 1540 3700 οἰνο

175 3737 221 3806 μίν
244 3739 304 3789 AB:
333 3754 398 3789 corr.
422 3738 523 3788 Usener
548 3732 562 3803 Η
592 3736 608 3788 4
631 3732 693 3805 ὕλην
721 3735 757 3794 ιδς
783 3736 831 3789 οῦκ
883 3734 948 3787 πίων
969 3737 1050 3800 (quod
1076 3736 1171 3786 habent
1195 3736 1254 3786 edd.
1277 3746 1304 3787 ει
1321 3737 1354 3799 Β)
1377 3739 1430 3802 legi
1449 3740 1539 3802 ροεεῖτε

175 3824 246 3877 ἄνισα
259 3827 320 3877 AB:
334 3842 399 3876 σοιτ.
413 3826 515 3876 Usener
533 3817 548 3890 ΙΙ
568 3820 691 3875 δίκαστα
703 3827 740 3876 A:
754 3824 831 3878 ἑαυτὰ
882 3821 999 3887 Ῑιιιυρῖοκ
1027 3825 1053 3875 N
1081 3820 1095 3891 ΙΙ
1127 3819 1142 3873 δ
1171 3821 1235 3885 [om.
1266 3823 1302 3888 Β]
1331 3821 1485 3892 δημόκριτος
1515 3821 1539 3875 δί

175 3910 231 3982 ΒΗ
255 3910 348 3982 ταύτης
366 3930 393 3963 τε
412 3908 455 3963 ὑπ’
477 3908 556 3979 αθτῆς
575 3913 612 3962 A:
631 3912 710 3963 ταῦτά
732 3931 759 3964 τε
785 3910 826 3966 ὑπ’
881 3909 907 3962 έν
937 3915 988 3968 τοῖς
1018 3915 1130 3978 σοφικυῐς
1158 3912 1233 3962 ΑΒΝ
1266 3913 1315 3961 nisi
1347 3913 1419 3977 qnod
1450 3914 1474 3963 Β
1501 3924 1540 3963 σο-

174 3998 252 4052 αύτοῦ
277 4002 312 4052 B:
340 3998 433 4068 ταύτης
455 4015 483 4049 τε
506 3998 550 4049 καί
576 3995 623 4049 ἰνπ’
654 3997 733 4067 αὐτῆς
760 4006 828 4053 coni.
881 4002 1003 4067 φιστικαῖς
1035 4000 1149 4062 effinxit,
1183 3999 1253 4063 quod
1280 4008 1341 4049 ante
1370 4000 1397 4069 D
1428 4003 1455 4051 in
1482 4001 1538 4051 odd.

173 4090 274 4141 Usener
881 4102 984 4152 quoquo
994 4088 1127 4152 legebatur
1138 4082 1151 4151 Ιί
1166 4086 1197 4139 16
1210 4081 1277 4154 ὕδωρ
1288 4089 1325 4136 A:
1340 4082 1410 4155 ύδωφ
1423 4087 1469 4138 καί
1480 4086 1538 4156 ἀέρα

208 4173 828 4228 70:111:c.180f.Sex:P.}1.m30-32.cr.
880 4190 912 4224 ex
933 4193 957 4223 v.
972 4173 1004 4226 17
1024 4175 1059 4225 B:
1078 4189 1166 4224 aerem
1184 4177 1251 4238 ignia
1270 4176 1329 4226 loco
1348 4178 1469 4227 nominat
1487 4171 1537 4243 ΝΙΙ

172 4265 244 4316 Ptol.
264 4260 354 4328 1:249
374 4257 388 4327 Ιί
409 4261 426 4313 8
444 4258 577 4329 δραστικῆς
595 4257 725 4319 διεξελθεῖν
741 4259 771 4313 δν
789 4260 827 4331 εἰη
883 4260 914 4314 16
942 4258 1160 4330 κυκλοφορητικδν
1187 4261 1282 4313 Sextus
1312 4264 1345 4313 σέ
1377 4280 1404 4328 ρ.
1418 4261 1480 4325 618,
1492 4261 1537 4314 21:

172 4347 266 4420 καιρός.
289 4347 313 4399 οἱ
331 4348 431 4417 φυσικοὶ
444 4345 499 4400 κτλ.
513 4350 551 4399 A:
570 4359 655 4400 cetera
667 4360 828 4401 accesserunt
880 4346 1064 4418 κυκλοφορικδν
1083 4351 1132 4401 AB
1151 4344 1166 4417 ΙΙ
1189 4347 1221 4401 18
1244 4347 1344 4417 τέτρασι
1367 4351 1394 4400 A
1418 4345 1432 4417 ΙΙ
1456 4347 1537 4418 φιλίαν

172 4455 204 4490 εκ
233 4438 256 4488 Β
287 4433 300 4502 ΙΙ
330 4434 345 4486 9
373 4433 396 4485 οῖ
423 4435 520 4486 κυνικοί
545 4438 584 4486 A:
613 4453 678 4487 corr.
705 4438 730 4487 D
760 4434 775 4505 ΙΙ
804 4437 827 4489 οἰ
878 4435 922 4486 καί
948 4440 1030 4494 νεῖκος
1056 4439 1115 4488 add.
1143 4437 1293 4488 Οἰιετιοτίιω
1317 4430 1332 4501 ΙΙ
1359 4437 1392 4489 19
1419 4436 1467 4504 μίν
1488 4454 1536 4489 om.

171 4521 433 4596 φυσικοὶ-εἰπόντες
456 4525 590 4575 interiecto
610 4527 684 4576 titulo
703 4525 758 4594 περί
781 4528 826 4577 τοῦ
877 4525 901 4574 Β
931 4522 946 4591 ΙΙ
976 4524 1020 4576 καί
1049 4526 1109 4575 add.
1136 4526 1162 4574 D
1192 4521 1207 4590 ΙΙ
1235 4521 1384 4592 φιλοσοφίας
1410 4526 1433 4577 Β
1464 4525 1479 4589 Η
1504 4524 1536 4578 θθ

171 4611 259 4666 θλικοῦ
276 4610 355 4663 αἰτίου
374 4611 460 4662 οω.Β
481 4606 494 4677 ΙΙ
519 4611 548 4662 ll
567 4608 665 4680 ἀσύριος
683 4614 747 4664 AN:
766 4609 824 4663 άού·
877 4608 1055 4681 συγκρινοδοης
1072 4613 1152 4663 ταῦτα
1165 4613 1187 4662 Β
1202 4609 1216 4678 ΙΙ
1230 4609 1264 4664 21
1283 4610 1363 4681 ἀρχὰς
1381 4610 1444 4664 εἰναι
1461 4614 1509 4666 BN
1520 4612 1533 4680 ΙΙ

171 4717 229 4771 ραος
251 4702 282 4752 Β.
312 4699 404 4750 eodem
428 4713 515 4749 errore
539 4709 647 4751 vocatur
670 4701 822 4765 Assyrius
874 4697 909 4750 22
928 4699 1125 4765 ροεεκαίαιῖᾶ.
1144 4696 1361 4768 δἈΙίἀνόρμους
1375 4696 1534 4768 ΑΒίΙύρως

170 4783 476 4855 ερ.Διιφυει.Βρ.3εδ
490 4788 669 4839 Volusianum.
688 4789 721 4838 do
740 4790 824 4840 formu
875 4788 898 4838 B
922 4783 935 4853 ΙΙ
964 4785 998 4839 23
1028 4783 1186 4839 δπυτίθινται
1213 4788 1250 4838 B:
1278 4783 1438 4845 ὑποτιθέντος
1467 4791 1492 4838 A
1519 4785 1532 4855 ΙΙ

169 4889 195 4929 ατ
208 4878 407 4929 commutatione
419 4877 496 4927 huius
509 4878 620 4927 nominis
639 4878 669 4927 αἰ.
688 4877 823 4928 Noeldeke
875 4879 928 4926 τῶν
946 4872 1012 4944 όρων
1032 4878 1071 4926 A:
1089 4879 1142 4925 τῶν
1162 4872 1238 4943 ὡρῶν
1255 4876 1289 4926 B:
1315 4893 1383 4927 corr.
1401 4892 1435 4927 ex
1453 4877 1532 4927 Βυοιι.

168 4968 257 5020 Herm.
276 4968 300 5018 V
319 4958 400 5031 4431!
416 4961 447 5015 12
466 4960 495 5015 τδ
513 4961 561 5032 ἀὴρ
580 4966 618 5015 A:
638 4978 703 5015 corr.
717 4964 823 5017 charte·
