3464 5586
256 328 298 391 54
720 328 759 377 IV
794 327 844 377 Da
864 326 965 375 horn
983 320 1148 374 PLACITIS

257 497 395 580 positum
431 496 576 562 credens.
621 516 696 561 nam
725 495 810 578 qnod
838 494 1031 560 Duehnerus
1060 492 1247 559 Reiskeana
1273 493 1458 559 coniectura
1486 500 1618 577 recepta

256 598 499 684 Wyttenbachii
513 597 625 664 -latina
646 597 786 682 repetiit,
809 597 870 662 hoc
891 596 1065 662 admodum
1086 594 1194 660 miror.
1229 601 1369 660 cetemm
1388 596 1529 662 medium
1545 616 1618 661 nus

257 721 353 784 quam
392 700 556 767 invenitur
586 707 619 765 et
654 698 857 765 scribendum
893 698 953 764 erit
985 705 1147 779 utcunque
1177 703 1286 762 cetera
1316 696 1516 765 ordinaveris
1545 700 1619 763 ἀντι-

256 805 448 888 φραττούσης.
478 802 517 868 cf.
533 802 602 868 Arii
617 801 747 886 Didym.
764 801 801 866 fr.
819 803 869 868 10.
903 801 960 867 sed
983 800 1125 865 nondum
1147 797 1317 865 dubitandi
1338 798 1420 866 finis.
1454 799 1619 884 tetigimus

256 906 374 970 vulnus
395 911 617 988 suppuratum.
651 904 799 986 quidest
821 903 907 969 enim
929 907 1038 987 μᾶλλον
1058 901 1111 966 bt?
1136 921 1199 984 quo
1221 921 1289 967 rem
1311 907 1368 965 aut
1382 921 1497 968 vocem
1511 902 1617 968 minus

257 1012 334 1089 apte
359 1005 518 1072 redditam
545 1006 719 1072 emendare
745 1006 899 1089 solemus,
927 1005 960 1070 id
987 1013 1074 1070 stare
1101 1004 1153 1069 hio
1175 1003 1263 1069 nullo
1286 1003 1381 1069 modo
1404 1009 1522 1088 potest,
1541 1003 1618 1087 quia

257 1113 376 1172 terram
400 1110 596 1192 ἀναφράττειν
620 1109 719 1191 plano
740 1107 925 1173 necessario
949 1106 1156 1190 consequitur
1171 1126 1213 1173 ex
1228 1125 1267 1172 eo
1289 1105 1374 1188 qnod
1397 1104 1502 1188 μεταξύ
1525 1107 1618 1191 ἀμφο

257 1209 348 1293 τέρων
370 1213 428 1272 τῶν
451 1211 581 1295 ἀστέρων
612 1206 702 1295 [solis
724 1216 757 1275 et
779 1207 889 1296 lunae]
917 1211 1032 1294 γίνεται.
1075 1209 1140 1274 iam
1166 1208 1245 1273 mihi
1271 1226 1425 1292 compara
1449 1206 1618 1292 Hippolyti

257 1311 298 1376 de
321 1311 518 1395 Anaxagora
539 1312 646 1376 loeum
668 1312 719 1377 18
738 1322 754 1374 9
777 1312 917 1376 ἐκλείπειν
941 1313 974 1376 δέ
996 1315 1048 1396 τήν
1072 1315 1195 1397 σελήνην
1216 1316 1269 1396 γῆς
1291 1311 1535 1395 ἀντιφραττούσης
1558 1358 1617 1374 ...

257 1415 306 1477 τὸν
320 1415 353 1477 δὲ
365 1415 446 1499 ήλιον
458 1417 521 1483 ταῖς
532 1415 698 1497 νουμηνίαις
711 1417 834 1499 σελήνης
844 1417 1096 1500 ἀντιφραττούσης.
1109 1413 1256 1480 similiter
1267 1413 1619 1495 Laert.Di0g.V1114o

257 1516 300 1581 de
327 1515 458 1581 stoicis:
489 1516 629 1580 ἐκλείπειν
656 1517 689 1580 δέ
717 1519 765 1580 τὸν
795 1518 846 1598 μὲν
876 1519 958 1601 ήλιον
981 1516 1215 1604 ἐπιπροσθούσης
1237 1516 1317 1602 αὐτῷ
1342 1519 1464 1600 σελήνης
1566 1516 1619 1598 τὴν

258 1619 291 1682 δέ
307 1621 429 1703 σελήνην
444 1617 642 1701 ἐμπίπτουσαν
657 1619 698 1689 εἰς
713 1622 745 1682 τὸ
767 1624 820 1703 τῆς
831 1624 884 1704 γῆς
906 1620 1043 1703 σκίασμα.
1082 1638 1181 1701 quare
1202 1618 1370 1702 probabile
1392 1615 1470 1682 mihi
1492 1615 1620 1682 videtur

260 1719 380 1804 opponi
408 1719 504 1785 etiam
532 1720 598 1786 illio
621 1719 784 1806 (σελήνην
806 1724 858 1792 τὰς
880 1722 1021 1808 ἐκλείψεις
1043 1719 1203 1807 ποιεῖσθαι)
1226 1721 1266 1792 εἰς
1288 1725 1321 1786 τὸ
1344 1722 1472 1803 σκίασμα
1492 1723 1545 1803 τῆς
1566 1723 1621 1803 γῆς

258 1822 455 1905 ἐμπίπτουσαν
472 1821 576 1905 μεταξύ
593 1820 669 1909 [μὲν]
685 1825 857 1910 ἀμφοτέρων
872 1830 931 1888 τῶν
946 1826 1076 1910 ἀστέρων
1090 1825 1252 1908 γινομένης,
1267 1826 1365 1911 ἥλιον
1380 1823 1413 1886 δὲ
1427 1827 1480 1906 τῆς
1496 1823 1619 1905 σελήνης

258 1925 503 2010 ἀντιφραττούσης
526 1968 559 1987 ..
582 1925 640 1990 sed
666 1933 772 1991 utrum
799 1926 921 1992 librarii
949 1926 1029 1991 illud
1056 1926 1262 2010 peccaverint
1287 1947 1330 1991 an
1350 1924 1463 1990 Aetius
1484 1920 1618 2005 antiquo

258 2025 375 2091 mendo
398 2032 609 2104 ΛΛΑΛΛΟΝ
637 2028 802 2115 deceptus,
825 2050 891 2095 non
905 2028 1028 2112 liquido
1044 2034 1180 2093 constat.
1207 2028 1270 2094 hoc
1284 2028 1358 2093 ideo
1373 2030 1519 2111 praestat
1533 2025 1620 2107 quod

259 2125 352 2192 solis
374 2126 514 2193 desectio
537 2129 581 2193 ad
605 2149 632 2195 c.
647 2132 689 2196 29
712 2152 778 2197 non
797 2136 947 2197 aoeurate
970 2131 1117 2214 quadrat.

343 2228 392 2292 III
414 2229 435 2292 4
454 2244 470 2297 5
490 2230 762 2313 στρογγυλαίνεσθαι
783 2235 836 2319 τὴν
859 2235 990 2319 χαλαζαν
1013 2233 1061 2295 καί
1083 2236 1132 2297 τὸν
1146 2234 1227 2297 ύετθν
1243 2233 1301 2297 ἀπὸ
1324 2236 1377 2317 τῆς
1399 2232 1511 2314 μακρᾶς
1533 2253 1618 2292 κατα·

258 2334 349 2414 φορᾶς
381 2332 709 2414 ὑποπεπλασμένον.
748 2353 832 2417 quae
861 2355 1006 2418 propono
1033 2334 1155 2417 pariter
1181 2334 1335 2400 exhibent
1364 2331 1556 2398 Plutarchus
1587 2337 1620 2397 et

260 2430 419 2497 Stobaeus
445 2453 550 2516 neque
582 2435 742 2501 accusabo
768 2436 896 2502 Aetium
924 2434 1116 2502 librariosve
1148 2436 1206 2502 sed
1233 2435 1417 2520 explicabo,
1448 2455 1520 2499 curn
1551 2435 1618 2498 ὑπο-

259 2537 459 2618 πεπλασμένον
485 2536 635 2602 omnihus
657 2535 725 2603 fere
748 2545 932 2622 suspectum
954 2537 1093 2604 videam.
1116 2537 1301 2623 praeiverat
1316 2538 1462 2606 Galenus
1475 2535 1619 2602 Reiskeo

260 2639 529 2722 ἀποπεπληγμένον.
562 2659 637 2705 nam
664 2641 730 2706 tale
756 2640 832 2724 quid
861 2640 918 2706 illo
942 2642 1084 2726 legerat,
1111 2640 1139 2705 si
1161 2640 1289 2724 quidem
1311 2641 1417 2707 variat
1439 2640 1619 2724 ἀποπληττύ-

261 2765 355 2823 μενον.
407 2741 558 2808 Budaeus
585 2742 857 2826 compactilem
884 2743 904 2809 i.
937 2763 966 2809 e.
995 2744 1247 2827 capraemortem
1277 2744 1362 2827 quod
1394 2743 1428 2808 in
1457 2741 1619 2808 Vossiano

261 2843 441 2909 coniectum
469 2851 528 2911 est.
567 2843 714 2909 similiter
741 2850 854 2930 πνεῦμα
883 2848 1032 2911 ἀποτελεῖν
1059 2849 1190 2933 χαλαζαν
1216 2848 1365 2930 πιλήσαν
1394 2844 1441 2910 ΠΙ
1462 2847 1483 2909 4
1502 2854 1526 2907 5.
1563 2841 1619 2908 alii

260 2945 355 3010 aliter
378 2967 490 3012 omnes
509 2946 712 3012 sanissimam
728 2950 921 3016 sententiam
937 2957 1059 3016 temere
1075 2954 1293 3014 attrectantes.
1330 2953 1439 3013 verte:
1461 2951 1620 3031 propter

260 3045 424 3112 cadendi
447 3046 741 3115 diuturnitatem
764 3052 907 3117 sensim
931 3048 1234 3117 conformatum.¹
1264 3051 1456 3114 ὑποπλάσστιν
1473 3047 1620 3115 similiter

259 3154 448 3232 usurpatum
471 3148 525 3214 rix
547 3148 706 3217 invenies.
743 3154 872 3219 omnino
895 3154 1092 3219 rarissimum
1114 3160 1164 3218 est
1189 3152 1333 3219 verbum.
1365 3153 1424 3218 sed
1445 3159 1523 3217 nota
1545 3155 1621 3215 sunt

261 3250 499 3334 ὑποκαταβαίνειν
521 3251 662 3316 sensim
685 3254 921 3322 descendere
944 3259 1126 3330 ύποσκιοὶζειν
1149 3254 1292 3322 sensim
1316 3253 1520 3320 obscurare
1542 3251 1619 3317 alia.

260 3352 502 3436 περιπλάττεσθαι
525 3352 566 3418 de
590 3358 750 3439 σχημάτων
774 3357 967 3424 formatione
990 3361 1072 3425 dixit
1094 3360 1338 3444 Theophrastus
1361 3355 1402 3422 de
1425 3376 1509 3422 sens·
1527 3356 1579 3421 66.

344 3454 393 3518 III
418 3454 458 3517 lb
479 3463 511 3515 10
534 3454 656 3520 Πλάτων
680 3454 732 3542 [de
755 3465 862 3525 terrae
884 3460 984 3548 motu]
1006 3511 1013 3526 .
1032 3507 1039 3523 .
1056 3512 1063 3527 .
1081 3465 1133 3550 τήν
1147 3468 1201 3548 γῆν
1217 3509 1225 3525 .
1242 3508 1249 3524 .
1268 3460 1385 3542 .μένειν
1409 3461 1460 3541 μὲν
1483 3457 1619 3541 ἀκίνητον

261 3559 350 3640 μηδὲν
379 3555 505 3643 ἔχουσαν
532 3556 674 3641 ἐξαίρετον
702 3558 751 3630 εἰς
779 3563 816 3625 τὸ
846 3563 947 3648 ῥέψαι
971 3568 1116 3648 μᾶλλον,
1142 3567 1247 3633 τύπους
1268 3561 1293 3626 δ’
1321 3561 1413 3645 αὐτῆς
1435 3558 1493 3625 κατ’
1522 3559 1620 3643 ἀραιύ·

259 3683 331 3743 τητα
359 3659 543 3724 σαλεύεσθαι.
576 3659 623 3724 sic
645 3661 838 3728 Plutarchus
861 3671 894 3730 et
919 3666 1043 3732 leviora
1065 3667 1092 3734 si
1115 3667 1244 3733 omittas
1266 3662 1436 3728 Stobaeus.
1468 3663 1620 3726 lacunam

259 3762 402 3845 signavit
423 3769 497 3847 post
520 3765 628 3846 μᾶλλον
652 3763 897 3849 Duebneriana,
925 3769 1011 3850 quod
1038 3768 1241 3854 desperantis
1263 3765 1346 3830 solet
1368 3783 1450 3829 esse.
1484 3770 1519 3828 tu
1541 3781 1620 3828 vero

259 3863 334 3930 ride
356 3885 432 3929 num
454 3873 541 3931 reete
563 3863 744 3930 restituam:
772 3869 861 3950 μηδὲν
885 3867 1011 3955 ἔχουσαν
1034 3872 1175 3958 ἐξαίρετον
1201 3870 1241 3940 εἰς
1268 3869 1284 3932 θ
1309 3868 1393 3952 ῥέψαι
1416 3863 1476 3951 <ἀν>
1499 3867 1619 3948 μᾶλλον.

260 3965 406 4032 similiter
428 3965 557 4049 quidem
580 3986 680 4052 supra
702 3970 721 4048 ψ
743 3969 760 4032 ‘l
784 3970 838 4034 ούκ
860 3969 986 4057 ἔχουσαν
1009 3974 1102 4038 αἰτίαν
1126 3974 1158 4038 δι’
1186 3976 1221 4058 ἣν
1244 3974 1328 4054 δεῦρο
1352 3971 1460 4051 μᾶλλον
1483 3968 1502 4051 a
1525 3969 1623 4030 ἐκεῖσε

260 4070 371 4154 ῥέψειεν
398 4069 442 4132 ἀν.
477 4068 645 4134 Platonica
671 4069 772 4138 habos
799 4092 838 4138 ex
865 4073 1042 4141 Phaedone
1068 4097 1099 4160 p.
1122 4078 1208 4141 loos
1240 4075 1298 4159 οὐχ
1329 4071 1384 4141 ἕξει
1416 4073 1524 4153 μᾶλλον
1551 4067 1614 4133 οὐδ’

259 4171 347 4256 ήττον
372 4171 519 4254 οὐδαμόσε
540 4173 686 4257 κλιθῆναι,
710 4174 819 4257 ὁμοίως
842 4171 862 4237 δ’
891 4173 960 4260 ἔχον
983 4178 1097 4248 ἀκλινές
1120 4183 1207 4260 μενεῖ.
1241 4175 1401 4260 particula
1417 4170 1472 4236 ΑΝ
1489 4177 1563 4255 post
1578 4169 1621 4236 Al

260 4279 296 4337 ut
321 4273 519 4340 sescentiens
542 4275 661 4340 omissa
682 4275 873 4341 infinitivum
894 4277 1099 4343 intellexerat
1120 4278 1205 4343 Aetii
1226 4276 1387 4343 librarius.

344 4376 388 4440 IV
410 4376 431 4441 8
453 4387 463 4438 1
489 4381 647 4464 πολλαχῶς
668 4380 701 4441 δέ
722 4377 834 4460 λέγεται
858 4381 876 4462 ή
900 4378 1046 4465 αἴσθησις.
1072 4382 1093 4466 ή
1117 4405 1147 4444 τε
1168 4383 1222 4465 γὰρ
1245 4379 1301 4449 έξις
1323 4378 1370 4441 καλ
1394 4377 1547 4460 ήόύναμις
1569 4377 1620 4438 καὶ

259 4481 278 4563 ἡ
302 4479 430 4564 ἐνέργεια
451 4482 499 4543 καὶ
521 4483 541 4565 ἡ
564 4482 707 4567 φαντασία
730 4482 749 4564 ἡ
771 4484 971 4566 καταληπτικὴ
994 4481 1025 4546 δι’
1054 4483 1246 4567 αἰσθητηρίου
1272 4481 1394 4565 γίνονται
1417 4479 1464 4541 καὶ
1491 4477 1562 4541 αὐτὸ
1585 4479 1620 4540 τὸ

332 4738 339 4769 ¹
359 4741 390 4790 ct.
408 4741 525 4791 Isidor.
544 4742 569 4790 d.
588 4750 648 4791 nat.
668 4757 725 4791 rer.
744 4739 786 4792 35.
818 4742 899 4803 quod
922 4750 1025 4790 autem
1044 4740 1181 4789 rotunda
1204 4740 1333 4788 videtur
1352 4739 1409 4788 hoc
1427 4741 1505 4790 solis
1530 4743 1622 4790 calor

258 4827 337 4876 iacit
360 4838 391 4875 et
413 4843 498 4877 mora
520 4830 716 4879 refrenantis
744 4831 830 4878 aeris
856 4829 926 4877 dum
949 4844 1004 4892 per
1022 4829 1153 4889 longum
1172 4829 1311 4892 spatium
1329 4827 1500 4877 anubibus
1519 4844 1619 4892 usque

259 4913 296 4963 ad
315 4920 416 4963 terras
435 4914 587 4966 decurrit.
