3442 5588
560 339 661 390 ΑΕΤΙΙ
679 337 782 389 PLAC.
795 338 834 386 IV
851 336 881 388 19
894 346 954 383 ο-ιν
972 332 1029 387 201
1414 331 1478 395 409

227 403 1224 498 mmmmm
1244 435 1278 489 οι
1292 435 1351 500 [ιο]

161 581 223 649 κατ’
251 583 323 648 ἄλλο
350 584 383 646 δὲ
404 584 434 646 αἱ
457 583 617 666 ἐπιμήκεις
656 579 775 644 κα1έπ1

161 691 218 750 τών
230 686 454 750 κοσκινευόντων
470 687 503 749 δὲ
517 685 564 749 ἐπ1
579 685 612 746 τὸ
628 682 699 747 αύτό
711 702 773 747 συν-

161 788 289 861 αλίζεται
311 788 348 852 τὰ
368 790 600 873 ὁμοιοσχήμονα,
623 785 700 849 ὥστε
714 808 773 870 χω

162 889 290 975 ρ1ςε1ναι
309 890 375 960 τοὺς
390 891 518 973 κυάμους
533 888 581 953 καὶ
597 887 771 973 ἐρεβίνθους.
851 933 855 940 -

139 990 227 1078 οέχοι
255 990 281 1055 δ’
307 992 342 1056 ἀν
368 1017 409 1063 τις
439 994 511 1078 πρός
532 991 649 1060 τούτους
671 989 770 1054 εἰπεῖν·

161 1099 224 1166 πώς
246 1095 328 1178 ὀλίγα
351 1095 523 1179 θραύσματα
545 1094 707 1176 πνεύματος
722 1117 772 1176 μυ

161 1199 291 1283 ρίανδρον
313 1198 454 1282 ἐκπληροῖ
474 1197 611 1281 θέατρον;
798 1197 802 1205 '

205 1297 242 1366 01
265 1301 298 1364 δέ
320 1300 470 1365 Στωικοί
490 1320 561 1384 φασι
576 1300 625 1362 τόν
641 1299 714 1384 ἀέρα
730 1300 771 1384 μὴ
790 1306 807 1358 4

161 1404 328 1486 συγκεῖσθαι
344 1404 377 1467 ἐκ
393 1403 599 1488 θραυσμάτων,
621 1402 696 1466 ἀλλὰ
711 1424 773 1467 συν-

128 1503 218 1591 ιυεχῆ
241 1502 279 1568 δι’
307 1506 391 1584 όλου,
419 1507 509 1590 μηδὲν
538 1506 620 1569 κενόν
650 1502 772 1590 ἔχοντα·

163 1608 278 1671 ἐπειδὰν
305 1609 338 1671 δὲ
369 1611 467 1693 πληγῇ
499 1608 655 1690 πνεύματι,
684 1629 773 1688 κυμα-

162 1714 261 1773 τοῦται
275 1711 351 1775 κατὰ
365 1711 488 1780 κύκλους
508 1708 615 1795 όρθοθτ
634 1708 675 1778 εἰς
696 1707 774 1773 ἀπει-

163 1835 227 1897 ρον,
256 1811 313 1883 έως
339 1816 483 1898 πληρώσῃ
507 1815 555 1877 τόν
578 1812 775 1896 περικείμενον

162 1915 251 2000 ἀέρα,
280 1919 320 1985 ώς
342 1916 389 1979 ἐπὶ
411 1921 464 2001 τῆς
486 1913 693 1999 κολυμβήθρας
722 1918 775 2000 τῆς

133 2039 156 2077 ισ
164 2017 322 2101 πληγείσης
347 2018 434 2103 λίθῳ.
471 2018 519 2082 καὶ
546 2018 620 2100 αύτη
649 2016 701 2098 μὲν
728 2039 775 2079 κυ·

163 2123 270 2189 κλικώς
292 2123 420 2198 κινεῖται,
443 2122 459 2184 ό
482 2119 507 2184 δ’
528 2120 586 2204 ἀὴρ
605 2123 775 2204 σφαιρικῶς.

201 2219 427 2307 Ἀναξαγόρας
450 2224 502 2306 τὴν
524 2223 623 2307 φωνὴν
646 2220 774 2304 γίνεσθαι
793 2235 810 2289 5

163 2325 323 2407 πνεύματος
360 2326 559 2394 ἀντιπεσόντος
597 2325 649 2405 μὲν
683 2345 776 2408 στερε·

165 2429 239 2512 ρνόιρ
255 2427 328 2511 ἀέρι,
350 2431 387 2510 τῇ
404 2427 429 2491 δ’
451 2427 621 2512 ὑποστροφῇ
636 2429 689 2509 τῆς
704 2427 776 2511 πλή-

129 2552 152 2590 οο
165 2529 235 2601 Εεως
247 2529 333 2615 μέχρι
344 2534 403 2593 τών
412 2531 510 2594 ἀκοῶν
522 2528 775 2614 προσενεχθέντος

164 2633 240 2696 καθὸ
277 2633 325 2695 καὶ
362 2633 414 2716 τἠν
446 2632 603 2717 λεγομένην
637 2634 706 2718 η’χώ
738 2633 777 2716 γί-

163 2736 275 2799 νεσθαι.

119 2969 150 3038 κ.
183 2972 225 3038 Εἰ
247 2974 439 3057 ἀσώματος
461 2977 480 3058 ἡ
503 2978 602 3060 φωνὴ
626 2977 684 3040 καὶ
705 2980 778 3047 πῶς
941 2972 983 3038 Εἰ
1001 2975 1192 3056 ἀσώματος
1214 2975 1233 3056 ἡ
1257 2974 1366 3056 φωνή.

249 3078 329 3163 ἠχώ
351 3078 496 3160 γίνεται.
540 3089 563 3139 G
582 3087 630 3140 101

128 3232 153 3270 τι
208 3211 417 3297 Πυθαγόρας
447 3212 594 3279 Πλάτων
622 3212 807 3299 Ἀριστο-1

164 3314 266 3398 τέλης
281 3318 484 3399 ἀσώματον.
510 3316 545 3380 ού
559 3319 613 3404 γὰρ
628 3317 677 3380 τόν
693 3316 777 3400 ἀέρα,

165 3417 240 3480 ἀλλά
261 3420 294 3481 τό
317 3423 421 3504 σχῆμα
441 3420 554 3505 τόιπερὶ
569 3421 618 3484 τόν
633 3421 706 3505 ἀέρα
728 3419 776 3482 καὶ

165 3520 217 3602 τἠν
250 3521 418 3606 ἐπιφάνειαν
454 3521 528 3585 κατὰ
558 3523 642 3586 ποιὰν
675 3519 776 3606 πλῆξιν

164 3622 292 3705 γίνεσθαι
321 3626 434 3709 φωνήν·
464 3626 545 3687 πᾶσα
571 3625 604 3688 δὲ
626 3623 778 3707 ἐπιφάνεια

131 3725 337 3807 νυάσώματος·
365 3730 536 3809 συγκινεῖται
564 3728 616 3809 μὲν
642 3727 696 3811 γὰρ
718 3730 778 3796 τοῖς

166 3830 313 3908 σώμασιν,
335 3828 410 3913 αὐτὴ
430 3830 463 3892 δὲ
486 3830 642 3912 ἀσώματος
664 3831 778 3899 πάντως

161 3983 172 4034 l
193 3981 218 4033 αἱ
237 3981 367 4051 ἐπιμήκεις
386 3987 421 4037 C:
441 4002 492 4037 om.
512 3987 559 4037 AB
578 3989 662 4051 spatio
681 3987 778 4048 relicto,

122 4073 153 4121 es.
177 4071 272 4123 Sextus
296 4075 355 4124 adv.
374 4075 494 4125 matham.
513 4073 630 4125 111117
651 4069 665 4140 1Ι
684 4071 700 4123 2
719 4086 777 4123 κοσ-

122 4158 289 4225 κινιυομένων
298 4162 423 4211 suadebat
431 4162 565 4212 Burchard
578 4177 611 4211 ex
621 4161 693 4212 Sexti
707 4162 723 4211 1.
732 4178 753 4210 c.
763 4156 778 4226 Η

122 4243 148 4297 δὲ
162 4245 202 4296 ἐπὶ
212 4247 245 4298 C:
259 4243 278 4297 θ’
295 4263 345 4298 om.
359 4249 407 4298 ΑΒ
421 4243 433 4315 11
447 4245 598 4307 συναλίζεται
610 4249 671 4299 Ae:
691 4262 778 4299 συναυ·

121 4332 214 4393 λίζιται
236 4336 258 4384 Β
280 4330 294 4402 ΙΙ
314 4333 330 4387 5
348 4330 450 4391 τούτους
472 4336 505 4387 C:
527 4332 623 4392 τούτοις
636 4336 707 4399 (Α)Β
727 4332 741 4402 ΙΙ
761 4336 777 4388 9

116 4418 274 4491 θραυμάτων
293 4420 340 4490 CM
352 4426 444 4491 συνεχῆ
463 4420 524 4474 εἶναι
543 4425 634 4487 vulgo:
654 4421 714 4474 εἶναι
727 4441 777 4475 om.

123 4511 219 4562 GABO
240 4507 253 4579 ΙΙ
277 4509 308 4561 12
327 4514 483 4579 κυματοῦται
503 4510 587 4562 GAC:
606 4507 779 4579 κυματοῖισθαι

123 4601 210 4662 vulgo,
229 4608 257 4649 at
275 4601 306 4649 cf.
332 4617 356 4649 v.
371 4597 416 4650 15:
445 4594 582 4649 κυκλοῦται
603 4599 625 4648 Β
652 4593 665 4666 ΙΙ
689 4594 778 4667 ὀρθοὺς

122 4695 267 4751 suspectum
300 4702 350 4736 om.
381 4687 455 4738 Gcf.
479 4686 558 4749 Diog.
571 4684 687 4737 V11158
706 4683 719 4752 ΙΙ
745 4685 778 4738 13

122 4769 250 4841 πληρώσει
273 4774 294 4823 Β
315 4775 346 4823 cf.
365 4773 389 4825 G
409 4771 422 4840 Η
445 4772 475 4824 17
494 4773 692 4824 Anaximandro
713 4776 778 4825 haee

122 4861 211 4911 tribuit
230 4862 264 4921 G,
284 4861 414 4911 Archelao
432 4861 511 4924 Diog.
529 4860 556 4909 11
576 4859 608 4911 17
629 4857 641 4927 11
661 4860 694 4912 31
713 4857 777 4930 αὕτη

123 4950 149 4998 Δ
169 4943 183 5014 ΙΙ
203 4947 303 5005 πάντως
323 4949 408 4999 ABG:
427 4945 518 5004 παντός
540 4947 618 5013 vulgo
