3464 5586
691 348 965 399 rnouscousus
1447 349 1507 412 227

152 509 209 575 alii
236 511 453 594 Peripatetico
480 511 596 576 librum
623 512 823 580 vindicemus
849 536 920 580 cum
947 516 1030 581 alia¹
1055 516 1193 582 suadent
1220 523 1285 581 tum
1308 517 1412 582 forma
1435 519 1510 583 lem-

150 620 273 679 matum
295 619 405 707 patres
419 613 607 697 patriasque
622 617 879 700 memorantium,
904 637 968 700 qua
983 618 1226 701 Theophrastus
1248 619 1282 684 in
1298 617 1510 702 Opinionibus

149 737 229 782 usus
261 722 341 782 erat
395 715 514 782 ibidem
548 717 765 800 Anaxagorae
799 726 886 784 certe
920 719 961 785 de
995 719 1071 783 Nilo
1109 719 1262 802 placitum
1299 728 1510 805 proposuerat

150 819 296 903 [Hippoi.
319 818 340 883 8
359 816 425 901 5].'
457 825 587 902 praeter
608 820 856 887 Eratosthenem
879 828 912 886 et
934 821 1144 887 Posidonium
1161 821 1419 905 Agatharchides
1435 843 1511 904 quo-

149 941 214 1005 que
237 941 310 988 eum
333 919 448 985 librum
472 920 647 1005 excerpsit,
675 922 761 988 unde
784 930 870 988 recte
893 923 1071 987 Diodorum
1086 924 1102 989 Ι
1118 924 1159 989 38
1181 923 1323 1007 pendere
1346 924 1511 1007 perspexit

150 1023 284 1089 Roseus.
328 1030 444 1106 postca
470 1023 572 1105 magis
600 1022 801 1090 ferventibus
829 1025 865 1089 in
891 1023 961 1089 dies
982 1026 1178 1091 naturalium
1201 1025 1425 1108 quaestionum
1448 1032 1512 1090 stu-

150 1124 214 1190 diis
240 1125 282 1190 de
308 1124 383 1190 Nilo
416 1125 562 1191 certatim
589 1125 681 1190 multi
709 1126 883 1209 scripsere,
916 1127 1001 1191 unde
1024 1127 1159 1192 Diodori
1182 1126 1326 1193 Senecae
1348 1127 1510 1211 Anonymi

155 1225 349 1312 Florentini,
371 1227 578 1312 Apolloniani
601 1227 810 1311 scholiastae,
832 1228 915 1293 A'c‘tii
940 1228 1074 1312 eclogae
1097 1235 1237 1295 aetatem
1260 1229 1412 1312 tulerunt,
1435 1248 1511 1311 qua·

151 1348 221 1393 rum
249 1328 502 1413 discrepantiam
530 1349 602 1394 cum
628 1329 823 1396 Aristotelea
854 1336 1006 1414 excerpto
1032 1330 1216 1395 nominihus
1244 1329 1510 1415 philosophorum

149 1429 336 1514 compositis
359 1430 418 1497 sub
439 1451 537 1496 unum
560 1439 767 1516 conspectum
798 1431 882 1498 lerre
905 1432 1008 1497 visum
1032 1439 1089 1498 est.

228 1621 236 1651 ¹
255 1623 427 1671 memorabilis
446 1630 485 1671 est
502 1624 650 1673 Aristotelis
668 1624 750 1686 latini,
768 1637 825 1670 cum
842 1621 950 1671 Thalem
968 1625 1113 1686 impugnat,
1132 1638 1189 1672 cum
1208 1622 1342 1671 Herodoto
1363 1638 1511 1673 consensus.

151 1710 198 1758 Ar.
217 1725 241 1773 p.
260 1706 320 1769 634,
335 1704 368 1758 22
392 1707 480 1759 adduc
508 1708 583 1760 idem
606 1708 675 1759 otios
699 1707 829 1772 oportebat
854 1714 912 1772 putt
937 1709 1022 1775 inopie
1044 1708 1143 1775 fluvios
1167 1708 1212 1772 qui
1235 1723 1266 1757 ee
1289 1708 1405 1774 opposito
1420 1710 1512 1773 florent

151 1793 217 1858 ipsis
234 1793 317 1860 maqis
335 1802 360 1843 et
371 1794 486 1845 minores
505 1796 646 1848 existentes
658 1795 758 1861 soctlee
777 1803 838 1846 sont
856 1796 914 1862 cogi
932 1813 949 1844 a
966 1795 1061 1846 uentis.
1078 1795 1238 1860 frequenter
1257 1803 1338 1844 notem
1357 1803 1381 1845 et
1399 1793 1511 1845 currales

151 1898 205 1931 ιιοιι
224 1880 280 1944 [sic.
300 1880 389 1944 codd]
400 1881 485 1945 stant,
497 1882 599 1948 fluvius
618 1891 704 1932 autem
723 1882 800 1946 [aon]
819 1882 924 1933 uidetur
942 1882 1012 1932 idem
1024 1883 1141 1947 faciens.
1172 1882 1269 1931 Herod.
1282 1882 1309 1931 11
1325 1880 1359 1932 20
1377 1880 1398 1931 εί
1416 1880 1511 1950 ἐτησίαι

150 1965 223 2018 αἴτιοι
241 1965 313 2034 ἦσαν,
330 1968 395 2036 χρῆν
413 1968 456 2018 καί
474 1967 531 2025 τοὺς
550 1966 640 2026 ἄλλους
658 1967 794 2036 ποταμοίς,
816 1966 868 2020 ὅσοι
893 1973 955 2020 τοῖσι
974 1967 1084 2036 ἐτησίῃσι
1103 1966 1179 2018 ἀντίοι
1199 1965 1280 2036 ῥέουσι
1298 1964 1391 2032 ὁμοίως
1408 1969 1511 2036 πάσχειν

151 2054 195 2104 sat
213 2052 279 2104 sesti
302 2053 334 2104 τὰ
356 2051 420 2105 ahud
445 2052 483 2122 τῷ
506 2049 590 2124 Νείλῳ
613 2056 657 2107 καί
680 2052 775 2123 μᾶλλον
797 2053 833 2105 ίτι
855 2052 966 2124 τοσουτῳ
985 2052 1035 2122 ὅσῳ
1054 2053 1182 2112 ἐλάσσονες
1201 2053 1283 2110 ἐόντες
1301 2052 1462 2124 ἀσθενέστερα
1480 2054 1512 2105 τὰ

152 2137 262 2207 helpone
280 2139 438 2209 παρίχονιαι.
457 2152 535 2193 antes
551 2140 671 2199 πολλάκις
689 2140 715 2193 a
734 2140 829 2210 ίτησίαι
846 2141 891 2208 μὲν
910 2138 994 2192 οὔκων
1013 2139 1141 2205 ἔπνευσαν,
1159 2139 1172 2192 ὁ
1188 2139 1213 2192 δὲ
1231 2135 1322 2198 Νεῖλος
1340 2140 1423 2192 τώυτὸ
1442 2141 1511 2211 ἐργά-

151 2226 227 2286 ζεται.
251 2230 308 2292 quis
327 2228 415 2278 credet
433 2230 644 2279 Aristotelem
662 2232 698 2279 its
710 2229 845 2280 Herodoto
859 2245 886 2279 se
900 2232 1068 2294 mancipasse,
1087 2238 1116 2279 ut
1134 2230 1213 2279 uerba
1232 2243 1334 2292 quoque
1351 2231 1510 2278 transferret!

152 2315 352 2378 Agatharchidis
376 2316 494 2365 refutatio
521 2318 712 2381 Anaxagorese
736 2318 866 2380 opinionis
893 2315 1017 2378 [Diodor.
1030 2318 1043 2366 1
1056 2313 1126 2379 38⁵]
1152 2318 1279 2365 consentit
1303 2331 1360 2364 cnm
1385 2315 1511 2364 Herodot

151 2402 179 2451 11
191 2397 234 2451 22.
254 2404 281 2451 in
299 2399 438 2451 Aristotele
457 2403 537 2451 latino
557 2404 643 2452 alieno
663 2403 814 2452 emblemate
833 2405 967 2454 interiecto
982 2408 1038 2469 ipsa
1056 2405 1197 2453 confutatio
1217 2409 1333 2451 muscata
1352 2402 1460 2451 videtur.
1480 2403 1511 2450 cl,

151 2486 300 2537 Senec.1V
321 2487 332 2537 l
352 2496 449 2537 ιιι-21.
481 2489 689 2555 Theophrastum
713 2489 770 2538 libri
794 2491 826 2538 de
849 2491 910 2539 Nilo
933 2499 1063 2540 auctorem
1088 2506 1142 2539 esse
1166 2489 1225 2538 inde
1251 2489 1388 2537 uerisimile
1412 2488 1512 2536 uidetur

152 2573 238 2624 Roseo
258 2574 305 2623 Ar.
323 2575 413 2638 pseud.
432 2592 457 2639 p.
471 2571 529 2638 239,
550 2579 611 2639 quia
630 2578 738 2626 eandem
757 2578 794 2626 rei
813 2580 838 2625 in
858 2580 910 2626 suis
928 2573 1136 2639 meteorologicis
1155 2590 1258 2625 causam
1277 2575 1452 2639 explicaverit.
1480 2576 1511 2623 ei.

151 2660 184 2709 de
202 2663 285 2710 ventis
304 2659 318 2722 ξ
331 2657 355 2711 5.
374 2663 483 2711 Aristot.
495 2664 626 2713 Problem.
640 2660 674 2716 ‘26
687 2672 705 2713 t.
721 2673 752 2712 oo.
770 2663 860 2714 Senec.
874 2666 933 2715 Nat.
949 2680 991 2727 qu.
1004 2664 1045 2713 111
1059 2660 1092 2712 26
1106 2671 1124 2710 1.
1143 2662 1212 2711 Plin.
1226 2662 1259 2711 N.
1269 2663 1301 2710 H.
1314 2661 1342 2710 11
1357 2659 1413 2711 106.

221 2744 232 2776 ²
251 2747 322 2811 qnod
340 2747 538 2813 eTheophrasti
557 2753 639 2815 capite
660 2752 729 2801 uelut
747 2751 915 2813 fragmentum
935 2749 989 2816 περὶ
1007 2752 1053 2816 τῆς
1070 2750 1114 2798 τοῦ
1135 2742 1225 2798 Νείλου
1244 2742 1443 2812 ἀναπληρώσεως
1461 2743 1512 2795 λιά-

152 2848 222 2901 φσροι
235 2829 304 2892 δόξαι
316 2831 449 2899 [anonym.
463 2836 589 2900 Florent]
602 2847 749 2902 excerptum
763 2838 827 2887 dixit
841 2839 969 2888 Usenerus
982 2837 1059 2885 Anal.
1073 2836 1205 2898 Theophr.
1224 2852 1249 2899 p.
1263 2831 1305 2893 29,
1325 2833 1416 2894 quibus
1429 2836 1511 2882 causis
1572 2850 1575 2857 ·

152 2923 249 2970 nitatur
274 2922 369 2971 neseio.
410 2937 469 2971 nam
493 2940 549 2973 cnm
575 2925 710 2975 obscurum
736 2926 799 2977 mihi
824 2927 927 2987 quidem
952 2928 996 2985 sit,
1026 2939 1091 2987 quae
1117 2924 1182 2972 ratio
1208 2924 1274 2971 inter
1299 2921 1445 2968 Aristotelis
1468 2922 1512 2983 qui

152 3008 391 3059 Alexandrinorum
412 3017 496 3060 aetate
520 3011 648 3061 terebatur
671 3012 763 3062 librum
787 3022 813 3061 et
835 3012 1007 3077 Theophrasti
1027 3010 1185 3073 Opinionem
1210 3009 1241 3057 de
1260 3007 1322 3057 Nilo
1341 3015 1416 3069 caput
1435 3009 1511 3056 inter·

152 3098 257 3146 cesserit
283 3097 347 3157 (nisi
370 3097 435 3146 forte
462 3098 520 3146 hinc
544 3112 660 3148 seorsum
684 3101 824 3162 antiquitus
848 3116 906 3148 eum
929 3112 1076 3162 expressum
1099 3105 1128 3145 ut
1150 3097 1179 3144 ir.
1199 3097 1230 3144 de
1253 3110 1328 3143 sermo
1352 3092 1512 3156 suspicaris),

152 3184 275 3246 anonymi
294 3191 379 3232 autem
398 3183 489 3246 ecloga
508 3185 556 3232 nisi
575 3187 734 3249 singulorum
753 3188 922 3251 capitulorum
943 3185 1033 3235 ordine
1053 3183 1148 3232 ambitu
1169 3183 1219 3232 tide
1238 3196 1254 3229 a
1273 3183 1361 3230 ceteris
1381 3181 1444 3230 nihil
1464 3183 1512 3230 dif-

152 3267 225 3328 ferat,
245 3269 285 3317 vel
304 3269 379 3318 huius
399 3270 439 3317 vel
458 3270 579 3318 similium
598 3281 778 3337 excerptorum
797 3273 921 3335 originem
935 3271 968 3321 ab
983 3270 1155 3334 Opinionibus
1170 3268 1324 3331 suspendere
1344 3267 1412 3316 lrsud
1432 3277 1512 3317 tutum

152 3354 262 3405 videtur.
