3442 5588
661 338 939 390 ruonnnonnurr
1435 340 1476 403 33

112 503 195 568 senii
209 503 352 569 Violaric
375 504 510 570 iteratur
532 526 562 588 p.
580 505 642 569 122
654 503 703 568 W.
729 502 890 591 [Leutscb.
908 512 1078 569 comment.
1095 506 1136 572 dc
1159 506 1273 572 Arsen.
1290 507 1409 573 Violar.
1425 508 1476 572 ΠΙ

109 626 142 688 p.
159 606 211 688 28,
226 603 359 692 8-13],
382 607 543 672 consentit
564 605 644 670 illud
666 606 796 687 quidem
819 627 890 671 curn
914 607 997 671 Plut.
1013 608 1081 671 115
1100 618 1178 673 1—3.
1221 615 1256 672 at
1277 609 1305 674 si
1326 609 1475 675 lectionis

111 706 303 773 varietatem
325 708 508 773 accuratius
530 714 691 773 scrutatus
714 708 791 792 eris,
819 708 994 774 Eusebium
1016 710 1142 776 tenebis
1164 710 1225 774 XV
1247 711 1299 793 36,
1322 731 1387 775 non
1403 711 1476 774 Plu·

108 809 266 874 tarchum.
299 810 450 892 idemque
464 809 486 874 f.
501 811 581 875 105*-
592 812 656 894 περὶ
669 812 806 874 ἐνιαυτῶν
822 812 1015 894 compilatus
1031 819 1080 877 est
1095 809 1142 898 [P.
1155 812 1191 876 ll.
1206 812 1266 877 XV
1278 809 1341 897 54],
1357 812 1474 878 deinde

107 908 130 974 f.
147 911 228 975 108Γ
245 912 324 981 δόξαν
346 913 514 997 φιλοσόφων
535 915 599 997 περὶ
623 914 702 976 θεῶν
724 914 758 977 ἐκ
780 917 830 976 τοῦ
853 917 983 994 alocllslllp
1008 912 1078 978 ἔνιοι
1101 920 1161 978 τῶν
1184 916 1408 1000 φιλοσόφων-
1425 916 1473 977 καὶ

107 1014 144 1075 τὰ
170 1020 303 1099 στοιχεῖα
328 1014 440 1079 addito
465 1015 500 1078 in
526 1015 671 1097 margine
699 1016 757 1081 sed
783 1017 892 1080 statim
914 1017 1022 1082 deleto
1043 1017 1232 1103 Πλουτάρχου
1255 1017 1407 1081 lemmate
1434 1036 1474 1082 ex

107 1115 227 1180 Eusch.
243 1117 320 1181 XIV
338 1118 388 1199 16,
409 1117 431 1182 1.
447 1118 506 1182 85¹
522 1118 564 1187 τίς
586 1120 606 1200 ἡ
629 1118 706 1180 αἰτία
723 1124 775 1181 τοῦ
790 1120 839 1182 τὸν
854 1121 963 1202 κόσμον
979 1119 1145 1203 ἐγκλιθῆναι
1162 1138 1203 1183 ex
1218 1118 1278 1182 XV
1291 1117 1342 1200 39,
1358 1117 1379 1181 f.
1395 1119 1474 1182 139‘

109 1217 300 1305 Πλουτάρχου
319 1222 352 1284 ἐκ
367 1226 418 1284 τοῦ
440 1222 504 1305 περὶ
520 1226 579 1283 τῶν
595 1219 775 1305 ἀρεσκόντων
789 1225 848 1290 τοῖς
863 1221 1049 1305 φιλοσόφοιςε
1068 1222 1132 1304 περὶ
1148 1223 1248 1306 ἀρχῶν
1272 1241 1313 1286 ex
1329 1221 1406 1284 XIV
1423 1223 1472 1286 14.

54 1331 78 1378 0
109 1318 270 1403 Apostolii
298 1322 400 1388 codex
423 1323 626 1388 Eusebianos
652 1322 726 1387 vilis
753 1330 802 1387 est
829 1329 928 1404 atque
956 1322 1192 1387 Gaisicrdianis
1215 1322 1277 1387 Dc
1298 1323 1471 1406 proximus.

109 1423 212 1503 patris
234 1425 381 1508 eclogas,
407 1425 553 1490 sednon
576 1445 701 1507 ornnes,
724 1423 880 1490 Arscnins
902 1424 1075 1490 transtulit.
1119 1424 1250 1490 exhibet
1276 1424 1332 1490 ille
1354 1425 1472 1493 Euscb.

109 1523 170 1588 XV
186 1525 230 1589 34
252 1547 283 1611 p.
301 1528 364 1592 194
378 1528 491 1610 Walz,
514 1528 575 1591 XV
590 1527 633 1592 46
655 1548 686 1610 p.
703 1528 776 1610 374,
799 1526 860 1590 XV
875 1527 916 1591 49
938 1526 1025 1609 ibid,
1048 1527 1109 1591 XV
1124 1528 1165 1591 63
1189 1549 1220 1610 p.
1236 1527 1308 1592 262.

193 1625 360 1694 Codices
382 1651 480 1695 rnanu
503 1630 613 1715 scripti
636 1636 792 1713 quotquot
813 1629 882 1694 noti
905 1636 979 1694 sunt
1002 1649 1042 1695 ex
1064 1628 1244 1712 archetypo
1267 1629 1352 1695 circa
1370 1631 1471 1699 mille-

104 1729 220 1794 simum
249 1751 371 1796 annum
400 1732 520 1817 scripto
549 1731 678 1798 deducti
700 1739 784 1798 sunt.
819 1732 998 1816 descriptus
1026 1739 1077 1797 est
1102 1737 1211 1796 autem
1238 1731 1294 1797 ille
1322 1753 1362 1799 ex
1387 1733 1469 1801 libro

104 1851 203 1896 unam
227 1833 423 1898 Placitorum
447 1835 611 1918 epitomen
633 1836 817 1917 complexo,
841 1836 954 1917 quales
976 1833 1126 1899 meliores
1148 1833 1250 1900 nostri
1273 1843 1347 1900 sunt
1369 1844 1401 1902 ot
1422 1838 1469 1902 illi

104 1933 204 1998 fuisse
226 1934 386 2019 ridentur,
409 1936 464 2019 qui
484 1937 519 2001 in
535 1935 732 2003 bibliotheca
747 1937 920 2020 Lampriae
943 1934 993 2022 [cf.
1016 1958 1047 2019 p.
1063 1934 1116 2022 27]
1139 1936 1361 2005 servabantur.
1395 1941 1470 2006 inde

103 2044 197 2119 parte
220 2038 346 2120 postica
373 2040 436 2104 situ
459 2047 610 2123 corrupta
633 2040 770 2105 lacunas
792 2041 845 2106 vel
875 2038 1082 2105 oblitteratae
1108 2059 1205 2105 voces
1232 2040 1274 2105 ab
1301 2041 1470 2127 archetypi

103 2139 262 2222 scriptore
284 2142 328 2205 ad
348 2141 515 2207 arbitrium
538 2142 719 2224 completae
742 2142 889 2207 omnibus
911 2141 1070 2226 exemplis
1092 2161 1278 2209 communes
1298 2151 1382 2209 sunt.
1427 2144 1471 2209 bi-

102 2241 225 2325 partita
251 2252 360 2309 autern
389 2252 439 2309 est
468 2264 509 2310 cr
536 2244 593 2309 illo
615 2243 760 2310 codicum
783 2244 990 2329 propagatio:
1018 2264 1083 2308 nna
1104 2243 1227 2311 familia
1249 2246 1320 2310 sola
1344 2245 1469 2311 Placita

100 2346 274 2412 continens
295 2346 466 2430 integrior,
493 2347 598 2412 altera
620 2347 713 2430 plura
736 2347 900 2412 Plutarchi
923 2345 1045 2430 scripta
1067 2348 1235 2429 complexa
1262 2346 1404 2414 deterior
1429 2367 1469 2413 ac

101 2448 239 2530 vulgata
261 2455 321 2514 est

190 2549 336 2614 Prioris
358 2549 495 2615 classis
512 2557 593 2615 'sunt

101 2649 309 2732 Mcsquensis
323 2652 427 2717 codex
443 2652 501 2718 SS.
517 2651 641 2737 Syncdi
660 2653 774 2719 eccles.
792 2652 917 2719 orthod.
930 2650 1234 2732 Gracco-Rossicae,
1249 2670 1279 2715 n.
1293 2652 1356 2717 339
1372 2649 1468 2739 [nunc
1489 2653 1518 2718 A

98 2747 176 2836 352]
202 2751 286 2818 inter
308 2753 493 2839 quadratos,
517 2755 792 2839 membranaceus,
815 2754 953 2838 scriptus
975 2774 999 2818 s.
1017 2754 1064 2817 Xl
1086 2759 1143 2818 aut
1164 2752 1238 2817 XII.
1268 2754 1411 2821 continet
1432 2755 1466 2820 in

97 2850 274 2920 schiston
298 2856 357 2921 hos
379 2855 533 2941 deinceps
556 2855 721 2922 Plutarchi
744 2857 886 2924 libellos:
913 2855 1050 2940 primurn
1072 2854 1212 2920 t1-39
1235 2856 1299 2939 περὶ
1323 2863 1380 2920 τῶν
1403 2858 1466 2942 cipe·

98 2957 229 3020 σκόντων
251 2958 420 3043 φιλοσόφοις
442 2964 571 3043 φυσικῶν
594 2960 745 3041 δογμάτων
765 2947 904 3044 βιβλίαῖ,
925 2966 994 3024 tum
1017 2955 1138 3023 ordinis
1160 2956 1311 3022 tralaticii
1333 2980 1365 3024 n.
1380 2961 1411 3024 9.
1437 2963 1465 3024 1.

99 3059 130 3122 5.
158 3060 210 3124 45.
239 3061 268 3125 6.
296 3061 326 3125 2.
353 3063 384 3125 4.
413 3061 465 3125 44.
494 3061 544 3124 33.
573 3063 624 3124 40.
653 3062 704 3126 34.
732 3063 784 3126 42.
813 3062 864 3126 35.
891 3062 942 3126 39.
970 3063 1000 3126 3.
1029 3062 1057 3125 7.
1084 3061 1136 3124 41.
1160 3058 1190 3123 8.
1214 3059 1265 3124 38.
1289 3060 1340 3124 66.
1365 3062 1407 3124 14
1432 3059 1465 3124 in

99 3181 260 3227 summam
274 3161 389 3245 viginti
404 3162 496 3244 duos,
519 3181 654 3244 quorum
669 3162 802 3227 ultimus
823 3162 870 3228 de
892 3160 1174 3246 superstitione
1196 3160 1230 3224 in
1249 3159 1312 3227 line
1335 3160 1465 3226 mutilus

99 3262 189 3328 est¹
238 3264 373 3329 contulit
406 3263 532 3329 Placita
563 3263 761 3329 Matthacius
794 3264 827 3329 in
860 3264 1050 3329 Lectionum
1079 3262 1319 3345 Mosquensium
1348 3264 1412 3328 vol.
1432 3262 1465 3327 Il

101 3386 131 3448 p.
147 3365 276 3431 63-72
296 3366 339 3430 ad
358 3365 663 3432 Francoiurtensem
679 3367 771 3431 1620.
801 3368 859 3431 scd
880 3363 1142 3447 elegantissimae
1160 3364 1340 3448 scripturae
1355 3366 1465 3451 apices

100 3485 216 3549 parum
238 3475 390 3535 accurate
410 3467 544 3532 rimatus
558 3467 721 3551 estquod
743 3474 776 3534 ct
799 3466 875 3532 olim
897 3465 1099 3532 conieceram
1123 3471 1156 3532 et
1177 3487 1262 3532 nunc
1283 3466 1357 3531 Iulii
1373 3467 1467 3532 Vocl-

98 3568 179 3634 kelii
207 3570 400 3652 professoris
426 3569 628 3654 Mosqueusis
656 3569 772 3635 litteris
799 3568 939 3651 benigne
965 3567 1009 3632 ad
1037 3587 1088 3632 me
1113 3566 1199 3632 datis
1222 3568 1356 3634 edoctus
1385 3589 1465 3634 sum.

99 3670 153 3752 qui
180 3670 239 3735 illa
266 3670 409 3754 quidem,
437 3690 521 3754 quae
543 3673 639 3738 modo
668 3672 709 3737 de
732 3678 868 3738 externa
890 3669 1010 3736 codicis
1033 3667 1222 3734 condicione
1245 3688 1286 3734 ex
1308 3669 1465 3736 Matthaei

98 3771 228 3855 scriptis
249 3771 335 3855 dodi,
358 3774 513 3856 pleraque
535 3773 746 3856 confirmavit,
769 3773 828 3838 sed
849 3773 891 3838 de
909 3771 1041 3854 triginta
1064 3770 1267 3853 gravioribus
1283 3771 1362 3837 locis
1383 3791 1465 3853 quos

98 3874 241 3958 inspexit
264 3894 323 3958 per
343 3874 584 3956 neglegentiam
606 3875 715 3940 decies
730 3875 853 3939 nullam
868 3877 1033 3938 cnotatam
1050 3892 1124 3938 esse
1146 3872 1398 3955 discrepantiam
1420 3872 1466 3937 in·

98 3976 198 4042 venit
233 3993 334 4058 quare
355 3996 397 4041 ne
419 3996 459 4041 ex
481 3976 610 4042 silentio
632 3976 789 4042 Matthaei
811 3974 896 4040 ialsa
918 3974 1197 4057 concluderentur,
1220 3974 1376 4040 lectiones
1398 3993 1464 4039 non

96 4077 252 4144 distincte
273 4085 330 4145 aut
351 4096 372 4141 a
390 4079 567 4145 Matthaeio
590 4086 647 4144 aut
662 4099 683 4143 a
699 4077 869 4143 Voelkelic
892 4082 1023 4141 notatas
1047 4075 1198 4141 cancellis
1222 4076 1341 4161 saepsi.
1377 4075 1464 4160 quod

169 4302 178 4335 ¹
199 4305 230 4354 C.
248 4304 277 4354 Il.
297 4304 455 4353 Matthaei
476 4305 606 4355 Plutarchi
630 4302 685 4370 περὶ
709 4299 834 4358 δυσωπίας
853 4300 896 4351 acl
914 4299 970 4367 περὶ
986 4297 1065 4368 τύχης
1084 4302 1188 4363 Mosqn.
1205 4299 1271 4352 1777
1284 4300 1363 4365 praei.
1382 4300 1399 4350 l.
1414 4297 1463 4362 [3],

95 4393 240 4442 eiusdem
259 4392 390 4440 Acenrata
412 4390 487 4439 codd.
506 4406 591 4454 graec.
614 4406 673 4439 mss.
697 4389 759 4440 bibl.
778 4390 882 4452 Mosqu.
907 4387 954 4439 SS.
974 4386 1072 4451 Synodi
1101 4389 1194 4438 notitia
1212 4396 1237 4436 et
1255 4388 1370 4436 recensio
1391 4386 1461 4450 Lips.

99 4477 200 4531 18051
219 4495 244 4543 p.
259 4475 318 4527 219.
347 4477 504 4527 delineatum
523 4477 601 4527 habes
620 4477 716 4526 codicis
735 4478 864 4541 specimen
884 4477 909 4524 in
928 4474 1077 4523 eiusdem
1097 4474 1269 4524 commentat.
1288 4475 1315 4523 in
1328 4472 1463 4523 Plutarchi

95 4567 141 4616 lib.
165 4565 222 4633 περὶ
246 4561 373 4619 δυσωπίας
396 4564 499 4626 Musqu.
521 4560 687 4627 irrupit.
720 4563 788 4612 unde
813 4562 979 4623 Moeqnensis
1004 4561 1122 4610 Rossiam
1149 4569 1308 4611 transvectus
1335 4561 1379 4620 sit,
1410 4575 1461 4608 non

95 4655 196 4717 liquido
216 4660 326 4703 constat.
347 4652 500 4702 verisimile
520 4660 605 4700 tamen
619 4667 651 4700 err
664 4651 821 4699 monasterio
842 4649 955 4712 quodam
974 4649 1068 4697 montis
1087 4648 1210 4707 Athonis,
1229 4647 1297 4696 unde
1321 4647 1422 4712 plurimi
1435 4648 1460 4696 iu

95 4741 232 4806 Synoduur
257 4738 378 4788 translati
396 4745 462 4787 sunt.
491 4739 544 4787 illic
570 4753 602 4786 cx
621 4736 738 4785 omnibus
757 4735 871 4800 partibus
890 4735 951 4784 inde
975 4748 1030 4783 aa.
1049 4735 1089 4784 XI
1114 4736 1287 4799 manuscripta
1311 4734 1420 4783 collecta
1437 4742 1463 4783 et

96 4836 214 4892 coempta
233 4835 303 4885 sunt,
321 4825 494 4874 recentissime
514 4839 536 4873 e.
555 4839 579 4887 g.
599 4839 631 4872 ex
652 4823 808 4873 bibliotheca
826 4820 919 4870 medici
940 4821 1050 4882 Raearii,
1071 4823 1212 4871 vetustiora
1230 4830 1316 4871 tamen
1335 4836 1367 4869 er
1386 4820 1463 4883 Cpoli

96 4915 136 4963 vel
154 4915 221 4964 Asia
240 4914 353 4962 minore.

144 5023 233 5070 Diels,
254 5019 403 5070 Doxcgraphl
421 5019 502 5069 gruel.
1239 4989 1259 5054 3
