3464 5586
672 298 948 352 raonaeounux
1427 299 1488 363 247

123 487 193 552 qua
214 486 256 533 ex
278 467 454 550 longinquo
476 467 583 550 spatio
606 467 707 550 §106
721 502 764 512 -
780 464 841 530 hoc
863 471 896 530 et
918 486 970 533 me
994 466 1069 531 olim
1092 473 1125 532 et
1140 467 1379 533 Volkmannum
1399 487 1490 552 prae·

124 570 215 639 teriit
235 607 279 617 -
299 568 452 635 idoneum
475 568 537 635 sibi
559 569 742 653 exemplum
764 566 979 634 arcessiverit.
1002 567 1171 635 videamus
1193 568 1327 653 reliqua.

214 671 310 739 (110
331 678 367 736 ut
388 669 583 754 ineptiarum
609 670 829 755 compilatoris
856 669 972 735 mirum
999 669 1163 753 specimen
1186 671 1277 738 mitto
1301 668 1352 757 [cf.
1376 671 1491 737 Prantl

125 773 324 842 Gesobiohte
351 773 409 840 der
436 771 543 854 Logilr
561 770 677 859 16091.
716 793 743 838 c.
761 775 799 837 11
825 792 896 838 eum
925 771 1015 838 Sexti
1048 780 1185 855 cognato
1209 775 1281 840 loeo
1302 774 1417 839 11272
1444 775 1491 840 ita

123 897 194 942 non
216 876 382 960 conspirat
404 882 439 940 ut
461 875 616 959 pleraque
639 874 768 940 distent.
803 874 893 940 euius
915 876 999 957 λόγος
1022 876 1069 939 διὰ
1087 877 1226 963 βραχείας
1242 878 1433 960 ὑπομνήσεως
1448 878 1489 947 εἰς

124 977 240 1044 ἔννοιαν
261 981 340 1064 ἡμᾶς
354 978 433 1062 ἄγων
448 982 506 1041 τῶν
523 977 760 1060 ὑποτεταγμένων
776 982 839 1047 ταῖς
854 982 964 1061 φωναῖς
979 980 1157 1062 πραγμάτων
1180 978 1341 1062 quomodo
1357 977 1489 1044 tandem

124 1081 256 1149 Galerio
278 1079 428 1166 exemplo
450 1078 555 1145 credis
578 1078 678 1145 luisse
698 1079 849 1145 scribenti
866 1081 932 1165 όρος
948 1082 981 1144 δέ
995 1081 1056 1144 ἐστι
1071 1081 1155 1163 λόγος
1172 1082 1312 1162 σύντομος
1328 1080 1369 1150 εἰς
1383 1085 1488 1164 γνῶσιν

125 1186 206 1268 ἡμᾶς
228 1183 305 1267 ἄγων
328 1184 452 1247 ἑκάστου
475 1184 642 1266 πράγματος
664 1183 683 1266 ἢ
707 1182 790 1264 λόγος
817 1182 865 1245 διὰ
892 1182 1030 1268 βραχείας
1057 1184 1248 1268 ὑπομνήσεως
1271 1184 1397 1268 ἐμφανὲς
1419 1186 1488 1268 ἡμῖν

125 1286 359 1371 ἀπεργαζόμενος
391 1286 425 1347 τὸ
457 1286 644 1367 ὑποκείμενον
671 1284 814 1369 πρᾶγμαδ
848 1284 965 1349 certius
991 1283 1150 1350 iudicabis
1175 1286 1203 1349 si
1231 1284 1409 1350 consimilia
1437 1305 1489 1351 ex·

125 1393 240 1472 carpta
250 1387 368 1472 partim
384 1407 455 1452 cum
469 1387 594 1454 Galeno
611 1387 728 1472 partim
744 1407 815 1452 cum
828 1385 927 1453 Sexto
943 1385 1051 1452 lacere
1066 1385 1195 1452 videris.
1218 1386 1328 1452 confer
1343 1387 1488 1471 inprimis

125 1489 251 1557 scholia
282 1490 326 1555 ad
357 1489 550 1574 Dionysium
585 1488 744 1555 Thracem
777 1489 904 1572 [anecd.
926 1487 1033 1554 Bekk.
1060 1509 1091 1572 p.
1108 1490 1181 1571 647,
1207 1486 1264 1576 18]
1288 1509 1359 1555 cum
1387 1488 1488 1556 Sexto

126 1613 159 1676 p.
176 1593 248 1677 106,
267 1594 306 1657 21
323 1591 433 1658 Beki.
467 1598 565 1674 atque
580 1593 692 1658 eadem
709 1592 782 1675 648,
800 1592 841 1657 10
862 1590 945 1655 ἄλλοι
961 1592 993 1655 δέ
1008 1613 1094 1675 φασιν
1110 1593 1153 1655 δτι
1169 1593 1236 1676 ὅρος
1250 1592 1311 1655 ἐστὶ
1326 1593 1411 1675 λόγος
1426 1593 1488 1656 οὖν

124 1719 215 1778 topos
234 1696 393 1778 δηλωτικὸς
412 1701 466 1780 τῆς
484 1694 600 1780 φύσεως
615 1700 666 1758 τοῦ
688 1695 877 1778 ὑποκειμένου
899 1696 1065 1780 πράγματος
1084 1713 1157 1758 cum
1177 1692 1303 1759 Galeuo
1323 1693 1488 1773 1110111111.

126 1798 188 1864 VII
203 1799 223 1863 3
241 1805 267 1863 3.
290 1798 407 1864 deinde
423 1797 641 1864 conferendae
656 1797 916 1864 Pseudo-Geloni
932 1794 1026 1862 defin.
1039 1794 1153 1861 medic.
1165 1795 1246 1860 XIX
1262 1818 1292 1880 p.
1302 1798 1364 1862 348
1376 1819 1423 1882 sq.
1436 1797 1488 1883 K,

126 1919 262 1984 quarum
284 1901 392 1968 duae¹
416 1903 513 1984 plane
529 1899 692 1966 Sextianis
715 1909 790 1967 sunt
811 1899 942 1966 similes.
977 1898 1059 1964 haec
1081 1898 1124 1963 ad
1146 1899 1355 1965 vetustiorem
1370 1900 1488 1966 librum

126 2003 261 2085 digitum
288 2003 477 2087 intendunt,
506 2002 592 2068 unde
615 2003 760 2069 Galenus
786 2022 870 2085 quae
897 2001 989 2067 addit
1015 2003 1041 2064 οἱ
1065 2001 1116 2084 μέν
1139 2000 1209 2065 εἰσιν
1232 2001 1383 2072 οὐαιώδεις
1405 2005 1432 2067 οἱ
1455 2004 1488 2066 δὲ

126 2106 329 2189 ἐννοηματικοί
351 2105 524 2189 empserit
546 2126 680 2172 necesse
703 2111 761 2171 est.
796 2105 914 2171 desunt
934 2110 1042 2169 autem
1066 2103 1099 2166 in
1123 2101 1233 2168 Sexto.

206 2207 241 2274 0.
257 2210 296 2274 12
311 2209 354 2275 de
370 2208 503 2274 criterio
520 2207 679 2291 convenit,
695 2207 758 2272 nisi
775 2208 861 2291 quod
875 2206 986 2272 indicii
1002 2206 1123 2288 duplex
1138 2224 1215 2270 usus
1230 2204 1359 2269 inverso
1376 2205 1489 2274 ordine

125 2311 297 2396 profertur.
333 2310 501 2395 praecedit
520 2310 553 2375 in
569 2309 695 2375 Galeno
719 2307 862 2374 definitio
884 2307 979 2373 alteri
997 2307 1118 2390 ignota.
1151 2326 1249 2389 quam
1263 2306 1383 2372 Sextus
1404 2307 1488 2375 bene

125 2413 267 2498 explicat
288 2412 542 2479 subdivisionem
565 2418 668 2482 κοινῶς
685 2413 764 2482 ἰδίως
781 2412 933 2488 ἰδιαίτατα,
956 2410 1012 2474 1111
1035 2407 1197 2490 significat
1219 2409 1397 2474 dumtaxat.
1427 2430 1487 2476 nec

125 2517 259 2581 multum
282 2515 381 2580 distat
404 2535 431 2580 c.
449 2515 489 2579 13
513 2514 553 2580 de
576 2534 664 2580 vero.
691 2534 768 2579 nam
791 2532 874 2597 quae
897 2510 1105 2577 Volkmanno
1129 2509 1315 2595 discrepare
1337 2511 1489 2578 videntur

126 2618 216 2684 Sexti
238 2620 272 2681 τὸ
294 2620 328 2682 δὲ
349 2619 520 2701 ἡγεμονικὸν
544 2622 640 2699 σῶμα.
678 2614 814 2700 ἔστιγὰρ
837 2614 900 2679 κατ’
928 2615 1032 2683 αὐτοὺς
1056 2618 1289 2696 assumatque
1314 2614 1432 2679 Galerii
1454 2617 1487 2680 τδ

124 2722 156 2784 δὲ
177 2722 349 2805 ἡγεμονικὸν
377 2725 491 2802 πνεῦμα
518 2719 590 2783 εἶναι
617 2722 698 2783 δοκεῖ
724 2720 795 2803 ὅπερ
826 2718 1017 2800 σωματοφυὲς
1041 2717 1164 2797 μάλιστα
1187 2716 1221 2779 ἂν
1242 2717 1362 2787 εἰκότως
1385 2719 1486 2802 δοκοίη

126 2843 166 2888 ea
188 2823 296 2889 verbis
319 2829 445 2888 tantum
468 2821 631 2886 disserunt
663 2820 793 2904 gravius
817 2825 866 2885 est
893 2840 919 2884 e.
938 2821 987 2883 14.
1022 2818 1140 2884 Sextus
1171 2817 1213 2883 de
1235 2818 1394 2887 divisione
1416 2840 1488 2886 con·

125 2927 256 2991 tractior
285 2933 349 3009 est,
377 2945 449 2990 cum
483 2922 671 2989 definitione
697 2929 807 2989 eareat
833 2929 866 2988 et
892 2927 1045 3005 quattuor
1074 2920 1231 3004 exemplis
1253 2941 1289 2987 se
1312 2923 1486 3008 contineat,

125 3047 209 3110 quae
235 3029 318 3095 alter
340 3026 439 3092 auxit.
475 3025 640 3092 enimvero
668 3025 711 3089 ad
739 3044 833 3107 quem
860 3044 1027 3090 numerum
1049 3022 1269 3107 adscenderit,
1298 3023 1395 3092 hodie
1422 3046 1487 3091 non

123 3131 189 3195 iam
212 3137 341 3195 constat
362 3126 527 3194 codicibus
554 3127 628 3192 istic
651 3127 816 3192 truncatis.
851 3125 975 3191 scholia
1002 3131 1111 3190 autem
1134 3125 1338 3210 Dionysiana
1360 3125 1486 3214 [anecd.

126 3232 230 3299 Bekk.
254 3255 285 3317 p.
301 3228 506 3317 dlii,8sqq.]‚
530 3250 614 3314 quae
636 3251 701 3296 non
724 3229 795 3295 siue
816 3227 923 3293 fructu
943 3226 1091 3292 adhiberi
1113 3226 1195 3313 dixi,
1223 3234 1295 3293 octo
1318 3230 1486 3313 praebent

210 3335 304 3401 015
327 3334 368 3399 de
390 3332 666 3400 demonstratione
689 3333 832 3399 eontinet
848 3330 1031 3397 Stoicorum
1054 3329 1235 3396 celebratos
1258 3330 1398 3415 quinque
1421 3334 1488 3397 ἀνα-

124 3439 291 3506 ποδείκτους
314 3435 480 3501 Sextianis
508 3440 575 3500 tam
603 3454 762 3516 congruos
789 3434 880 3499 utin
902 3431 1072 3518 proecdosi
1095 3432 1289 3515 desperatae
1311 3434 1488 3501 memoriae

124 3538 199 3604 hinc
227 3538 370 3603 salutare
402 3544 516 3621 petere
550 3535 709 3620 potuerim
738 3534 932 3601 emendandi
960 3534 1217 3601 instrumentum.
1251 3557 1349 3601 unum
1379 3542 1488 3603 tamen

125 3639 330 3707 festinantius
352 3639 395 3703 ad
418 3638 509 3704 Sexti
533 3639 700 3703 modulum
723 3637 922 3703 conformavi
945 3636 1033 3720 quod
1054 3637 1160 3721 ipsum
1183 3637 1334 3705 diversae
1356 3638 1489 3722 originis

126 3743 277 3809 indicium
300 3751 350 3808 est
373 3741 596 3807 certissimum.
634 3741 711 3824 quid
734 3740 841 3806 enim?
874 3739 993 3805 Sextus
1026 3740 1171 3823 quintum
1202 3741 1423 3825 syllogismum
1447 3741 1490 3808 es·

126 3843 190 3910 ficit
219 3846 252 3908 ἐκ
280 3845 480 3927 διεζευγμένου
509 3845 557 3906 καὶ
591 3849 642 3907 τοῦ
669 3843 865 3925 ἀντικειμένου
894 3845 957 3913 ἑνὸς
986 3848 1054 3907 τῶν
1083 3843 1346 3925 ἐπεζευγμένων
1373 3845 1406 3907 rb
1433 3848 1489 3908 λοι·

126 3949 178 4010 τὸν
201 3950 369 4030 συνάγοντα.
405 3946 482 4030 quid
504 3945 565 4010 fuit
589 3965 707 4011 causae
731 3945 875 4028 Galeuo,
899 3967 954 4011 our
977 3945 1139 4027 ceteroqui
1162 3945 1369 4010 consentiens
1392 3967 1490 4011 uuum

126 4053 183 4112 τῶν
203 4050 419 4134 ἐπεζευγμένων
443 4047 607 4113 mutaret?
636 4067 696 4111 neo
718 4055 840 4114 temere
862 4046 1003 4130 invertit,
1027 4048 1085 4113 sed
1108 4065 1181 4111 eum
1197 4065 1377 4113 sermonem
1400 4049 1490 4114 adhi-

129 4151 197 4216 buit
219 4152 290 4236 (τῶν
314 4154 344 4216 ἐν
367 4160 409 4238 τῷ
433 4148 640 4233 διεζευγμένῳ)
662 4149 716 4231 qui
739 4149 857 4216 Stoicis
884 4150 944 4215 fuit
965 4150 998 4214 in
1021 4170 1081 4214 usu
1104 4148 1323 4230 Diogenisque
1345 4150 1420 4232 [VII
1435 4152 1491 4234 80]

130 4255 307 4337 patrocinio
336 4255 415 4320 satis
447 4251 595 4318 munitur.
638 4250 754 4318 hocine
782 4253 824 4318 ab
852 4252 982 4318 homine
1011 4253 1140 4336 qualem
1168 4257 1203 4314 tu
1232 4250 1424 4334 perspexisti
1451 4272 1492 4318 ea

130 4357 319 4439 praesertim
341 4362 450 4423 aetate
472 4354 526 4419 ubi
551 4361 710 4436 regnante
732 4354 909 4422 Aristotele
932 4355 1113 4421 Stoicorum
1140 4359 1316 4436 praecepta
1341 4353 1397 4417 diu
1420 4374 1492 4420 eon-

131 4464 252 4541 tempta
274 4459 439 4541 iacebant,
462 4458 504 4523 de
527 4456 594 4522 suis
618 4456 711 4520 bonis
734 4456 883 4521 variandi
906 4477 1004 4523 causa
1027 4462 1180 4522 novatum
1203 4454 1328 4519 credis?
1358 4456 1491 4539 nullum,

131 4561 206 4626 mibi
230 4561 335 4644 crede,
358 4559 467 4644 aptius
489 4566 538 4625 est
560 4559 759 4643 exemplum,
783 4582 846 4645 quo
870 4559 1047 4627 communis
1074 4557 1174 4623 fontis
1197 4557 1285 4639 origo
1308 4559 1491 4626 necessario

140 4716 478 4724 ——q-.-..--..--.-...-
484 4719 497 4723 ..
510 4719 530 4723 ,-

194 4797 202 4830 ¹
221 4818 245 4865 p.
259 4799 346 4861 elau
365 4797 421 4868 ὅρος
440 4800 490 4851 ἐστὶ
509 4799 549 4852 διὰ
569 4799 685 4869 βραχείας
703 4798 868 4867 incusatum:
890 4800 924 4859 εἰς
947 4800 1041 4852 ἔννοιαν
1064 4800 1131 4870 ἡμᾶς
1160 4799 1230 4867 ἄγων
1249 4805 1302 4852 τῶν
1321 4797 1490 4869 ὑποτεταγμέ-

128 4901 177 4937 νων
196 4892 249 4944 ταῖς
268 4891 362 4955 φωναῖς
380 4889 543 4959 πραγμάτων.
573 4887 589 4957 ἢ
609 4885 664 4956 όρος
684 4887 735 4939 ἐστὶ
753 4885 826 4954 λόγος
845 4886 873 4939 τὸ
891 4889 926 4951 (τό
946 4889 977 4959 ἦν
996 4890 1026 4938 ci.
1046 4890 1119 4939 Sext.
1138 4906 1162 4956 p.
1180 4887 1237 4950 106,
1248 4886 1294 4950 21>
1311 4887 1371 4940 εἶναι
1389 4888 1482 4960 δηλῶν.
