3442 5588
264 308 306 371 96
639 310 678 357 VI
713 307 762 357 DE
783 307 992 359 PLUTARCHI
1013 310 1099 358 VITA
1121 309 1263 360 HOMERI

263 478 315 560 τὴν
339 477 421 539 σκιὰν
444 476 535 559 αὐτῆς
558 479 632 560 μήτε
646 479 697 546 τὰς
712 478 919 559 ἀναθυμιάσεις
943 479 946 563 ᾖ
970 482 1048 541 τάτω
1072 479 1103 541 ὄν
1125 480 1174 542 καὶ
1196 480 1229 542 τδ
1246 479 1358 561 μαλιστ’
1379 479 1491 564 ἀπέχον
1505 484 1559 563 τῆς
1572 483 1628 562 γῆς

262 578 497 662 προσδεχόμενον
525 582 566 646 ῶς
593 581 752 661 ἀειλαμπὲς
780 581 828 643 καὶ
855 584 917 644 όλο-
970 582 1017 643 καὶ
1054 587 1112 643 τῶν
1147 580 1177 649 ἐξ
1208 581 1299 665 αὐτῆς
1328 581 1553 663 ἀναθυμιάσεων
1586 584 1628 650 ῶς

214 736 222 749 ,
262 681 374 762 λαμπὲς
402 679 532 762 ὄλυμπον
565 683 592 744 oi
629 683 745 745 παλαιοὶ
777 685 918 767 προσηγό-
942 722 945 737 ι
970 685 1037 746 ὄλον
1068 684 1200 767 λαμπρόν
1233 705 1320 767 φασιν
1354 681 1484 766 ὄλυμπον
1520 704 1628 767 προση·

263 804 376 866 ρευσαν.
399 788 484 847 τοῦτο
505 784 600 846 δὲκαὶ
617 784 651 846 δι’
667 784 763 847 αὐτῶν
780 786 917 867 δηλοῦται
969 784 1135 868 γορεδσθαι.

263 886 293 948 ἐν
315 885 358 954 οἷς
379 908 452 969 φησι
475 889 606 949 τοιῶσδε·

305 988 491 1069 οόλυμπόνδ’,
508 988 555 1051 ὄθι
568 989 638 1072 φασὶ
655 989 734 1050 θεῶν
747 989 811 1058 έδος
826 990 917 1073 ἀσφα-

789 1092 837 1160 λὲς
859 1092 918 1154 αίεί

303 1191 437 1275 ἔμμεναι,
453 1191 512 1255 οὔτ’
530 1193 659 1275 ἀνέμοισι
675 1193 835 1255 τινάσσεται
851 1193 918 1256 οότε

725 1296 788 1358 ποτ’
811 1295 913 1381 ὄμβρῳ

303 1397 426 1474 δεόεται,
448 1399 517 1462 οὐδὲ
538 1401 613 1483 χιὼν
630 1397 816 1471 ἐπικίδναται,
839 1398 914 1461 ἀλλὰ

735 1500 801 1581 μαλ’
823 1498 913 1583 αἴθει

303 1603 444 1666 πέπταται
471 1603 639 1686 ἀννέφελος,
665 1603 754 1686 λευκὴ
775 1602 799 1664 δ’
822 1601 913 1665 ἐπιδέ-

692 1707 796 1788 δρομεν
818 1703 914 1787 αἴγλη.

261 1808 376 1874 oadem
391 1807 518 1872 rationo
537 1805 710 1871 concinunt
732 1808 819 1872 ool.I
835 1808 876 1872 35
896 1816 926 1868 10
949 1829 980 1892 p.
994 1810 1056 1873 748
1078 1829 1148 1904 onm
1169 1809 1253 1873 Plut.
1269 1829 1296 1873 o.
1314 1810 1376 1872 124
1398 1806 1449 1894 [of.
1465 1806 1571 1873 Lohrs
1585 1806 1628 1873 do

260 1912 357 1976 Arist.
380 1931 410 1993 p.
427 1907 513 1996 86¹],
536 1910 596 1975 ool.
618 1910 633 1973 I
656 1910 697 1973 ‘25
720 1930 751 1992 p.
767 1911 831 1974 540
852 1910 957 1976 minus
979 1916 1128 1976 aoonrato
1150 1910 1327 1994 respondet
1348 1913 1517 1992 o.104sq.
1555 1909 1627 1975 nino

261 2012 359 2077 dubio
387 2032 428 2077 ex
451 2011 565 2077 oodoni
588 2010 669 2075 libro
693 2011 796 2095 petita
817 2020 893 2078 sunt
908 2019 1060 2096 excerpta
1076 2010 1209 2078 Stobaoi
1233 2014 1249 2077 I
1273 2016 1289 2077 1
1311 2022 1326 2074 κ
1349 2016 1417 2097 μθ
1438 2021 1471 2078 ot
1485 2011 1627 2077 fortasse

261 2113 353 2179 florii.
377 2121 399 2178 t.
423 2115 459 2178 11
485 2123 528 2177 ⁴24.

348 2215 454 2281 Unum
488 2213 647 2282 exhibebo
682 2214 779 2297 paulo
813 2214 1020 2297 insigniorem
1055 2217 1174 2300 looum,
1211 2215 1331 2301 quippo
1364 2215 1418 2298 qui
1457 2216 1625 2297 utriusque

262 2317 428 2402 scriptoris
449 2317 484 2381 in
505 2315 708 2398 excerpendo
731 2316 891 2382 diversam
915 2317 1072 2383 rationem
1094 2318 1222 2401 prodat.

422 2435 551 2502 Siob.1
575 2438 591 2499 1
616 2443 647 2494 10
669 2455 701 2517 p.
717 2435 760 2499 20
1208 2437 1293 2502 Plut.
1318 2438 1382 2502 145

305 2540 478 2624 Πυθαγόρας
497 2540 619 2620 πλείστη
640 2541 753 2621 σπουδῇ
769 2539 916 2622 περὶτοός
968 2538 1066 2625 ἔχεται
1089 2542 1122 2602 δὲ
1143 2545 1195 2624 τῆς
1217 2538 1308 2624 αίίτῆς
1330 2540 1456 2623 θεωρίας
1477 2539 1526 2601 καὶ
1542 2539 1625 2622 ἀριθ-

263 2643 404 2727 ἀριθμοδς
428 2643 575 2727 ἐχρήσατο
601 2643 652 2709 τάς
678 2664 710 2703 τε
740 2646 798 2704 τῶν
828 2638 914 2726 ζῴων
968 2644 1074 2725 μητικὴ
1098 2644 1146 2706 καὶ
1169 2644 1293 2726 μουσικὴ
1317 2642 1351 2710 ἀς
1372 2643 1425 2705 ,καὶ
1450 2640 1627 2724 Πυθαγόρας

260 2745 384 2826 γενέσεις
410 2745 515 2827 ἀνῆγεν
542 2743 582 2812 είς
613 2744 755 2826 ἀριθμοὺς
782 2745 829 2806 καὶ
856 2750 914 2806 τῶν
967 2745 1161 2829 διαφερόντως
1184 2746 1367 2827 ἐτίμησεν..
1385 2745 1425 2805 .δ
1447 2743 1501 2826 γάρ
1526 2741 1626 2805 Πυθα-

261 2846 390 2928 ἀστέρων
405 2846 456 2914 τάς
471 2845 631 2928 περιόδους.
657 2841 698 2906 ἔτι
715 2846 747 2906 δὲ
762 2851 821 2914 τοῖς
836 2846 915 2914 θεοῖς
939 2818 942 2933 λ
966 2847 1053 2930 γέρας
1081 2850 1148 2916 τοὺς
1174 2848 1315 2931 ἀριθμοὺς
1343 2845 1478 2928 μεγίστην
1506 2844 1627 2927 δύναμιν

261 2950 426 3020 ἀπεικάζων
442 2946 658 3028 ἐπωνόμαζεν,1
683 2948 722 3015 ῶς
735 2944 915 3010 Ἀπόλλωνα
967 2945 1046 3034 ἔχειν
1070 2950 1227 3032 ἡγούμενος
1249 2951 1297 3012 καὶ
1317 2952 1410 3012 πάντα
1425 2948 1466 3017 είς
1481 2948 1628 3030 ἀριθμοὺς

261 3052 313 3133 μέν
348 3052 400 3133 τὴν
438 3051 548 3132 μονάδα
578 3047 677 3123 οὖσαν,
709 3044 850 3131 Ἀρτεμιν
883 3051 915 3113 δὲ
967 3052 1118 3136 ἀναφέρων
1140 3057 1198 3114 τῶν
1217 3075 1248 3114 τε
1267 3051 1379 3136 άστρων
1400 3052 1451 3120 τάς
1470 3051 1624 3134 περιόδους

260 3154 312 3236 τὴν
329 3155 462 3228 δυάδα,.
485 3195 492 3210 .
514 3195 521 3210 .
544 3194 551 3211 .
572 3152 623 3234 τὴν
652 3151 684 3212 δὲ
706 3150 793 3219 ἑξάδα
817 3151 914 3233 Γάμον
967 3155 1015 3216 καί
1044 3160 1102 3216 τῶν
1130 3152 1215 3239 ζῴων
1245 3155 1296 3222 τὰς
1322 3153 1456 3235 γενέσεις,
1484 3154 1537 3216 δόο
1571 3154 1625 3222 τάς

261 3256 307 3318 καὶ
328 3254 521 3339 Ἀφροδίτην,
544 3254 596 3338 τὴν
619 3254 652 3315 δὲ
674 3253 822 3337 ἑβδομάδα
846 3252 914 3317 Και-
967 3257 1107 3319 ἀνωτάτω
1123 3257 1217 3341 ἀρχὰς
1236 3256 1390 3339 ἐλάμβανε,
1404 3256 1457 3338 τὴν
1473 3257 1525 3337 μὲν
1541 3259 1628 3339 ὡρισ-

261 3359 310 3441 ρδν
337 3357 385 3419 καὶ
415 3356 566 3440 Ἀθηνῶν,
594 3354 774 3440 Ἀσφαλειον
801 3358 833 3419 δὲ
861 3356 915 3421 ilo·
940 3342 943 3417 ί
968 3358 1055 3439 μένην
1083 3361 1194 3439 μονάδα
1219 3360 1271 3442 τὴν
1298 3358 1331 3419 δὲ
1364 3357 1497 3439 ἀόριστον
1530 3359 1627 3421 δυάδα

261 3462 386 3523 σειδῶνα
418 3460 469 3542 τὴν
496 3460 632 3542 δγδοάδα,
655 3459 702 3520 καὶ
728 3459 780 3539 τὴν
807 3461 915 3522 δεκάδα
968 3461 1075 3532 καλῶν,
1102 3461 1154 3542 τὴν
1178 3461 1229 3542 μὲν
1251 3459 1371 3541 ἀγαθῶν
1393 3460 1444 3542 τὴν
1467 3461 1500 3522 δὲ
1522 3466 1625 3524 κακῶν

262 3561 446 3625 Ιλαντέλειαν.
467 3561 557 3624 αὐτοῦ
573 3562 606 3622 δὲ
620 3562 704 3622 παλιν
720 3564 771 3621 τοῦ
787 3561 914 3644 ἀριθμοῦ
967 3559 1056 3624 οὖσαν
1078 3563 1174 3647 ἀρχήν
1197 3561 1344 3623 ...ὅθεν
1367 3561 1415 3623 καὶ
1437 3567 1497 3624 τῶν
1519 3562 1629 3647 ἐφεξῆς

260 3666 309 3726 τὸν
342 3665 394 3746 μὲν
425 3662 521 3747 άρτιον
548 3664 652 3746 ἀτελῆ,
684 3665 780 3746 πλήρη
807 3664 840 3725 δὲ
866 3662 914 3724 καὶ
967 3664 1100 3747 ἀριθμῶν
1116 3665 1165 3727 τδν
1181 3665 1233 3745 μὲν
1248 3663 1344 3747 άρτιον
1360 3663 1444 3726 ἐνδεᾶ
1459 3664 1506 3725 καὶ
1522 3664 1628 3748 ἀτελῆ,

260 3767 368 3830 τέλειον
396 3765 526 3850 ἀπέφηνε
554 3767 602 3827 τδν
630 3765 774 3848 περιττόν,
801 3765 845 3827 ὄτι
872 3788 914 3845 μι-
966 3768 1015 3828 τὸν
1046 3767 1078 3828 δὲ
1106 3767 1240 3849 περισσὸν
1262 3767 1360 3849 πλήρη
1382 3789 1414 3828 τε
1440 3751 1489 3828 καὶ
1515 3765 1628 3828 τέλειον

260 3869 397 3952 γνόμενός
415 3892 446 3931 τε
461 3870 533 3952 πρὸς
548 3870 596 3931 τδν
615 3868 710 3952 άρτιον
732 3869 777 3930 ἀεὶ
793 3871 914 3930 ποιεῖται
967 3868 1128 3952 ἀπέφηνεν,
1156 3869 1199 3931 ὄτι
1224 3867 1393 3949 μιγνύμενός
1419 3890 1450 3930 τε
1476 3868 1549 3951 πρδς
1574 3868 1628 3930 τδν

260 3976 439 4055 περικρατεῖν
450 3972 499 4033 τδν
511 3969 540 4038 ἐξ
553 3970 660 4055 ἀμφοῖν
672 3970 817 4053 περισσόν,
832 3970 913 4054 αὑτῷ
966 3970 1063 4053 άρτιον
1089 3971 1134 4033 ἀεὶ
1163 3971 1215 4053 τὴν
1242 3971 1347 4033 ἑαυτοῦ
1373 3969 1492 4050 δύναμιν
1519 3963 1630 4054 διασιγί·

260 4098 291 4136 τε
310 4076 394 4136 πάλιν
411 4072 610 4152 συντιθέμενος
629 4078 713 4155 γεννᾷ
736 4075 785 4135 τὸν
808 4072 913 4156 άρτιον,
938 4120 941 4173 γ
967 4077 1008 4144 ζει
1039 4077 1090 4135 τοῦ
1122 4076 1258 4155 περισσοῦ
1285 4073 1332 4134 καὶ
1359 4071 1389 4134 ἐν
1422 4071 1534 4141 τούτοις
1566 4072 1629 4134 ἐπι·

261 4178 277 4239 ό
300 4177 327 4239 δ’
351 4175 447 4260 ἀρτιος
469 4175 608 4239 οὐδέποτε
629 4176 677 4238 τόν
700 4174 850 4258 περισσόν,
874 4178 914 4243 ῶς
966 4179 1147 4259 κρατοῦντος,
1170 4175 1266 4259 ἐαυτῷ
1277 4197 1309 4237 τε
1324 4175 1526 4257 συντιθέμενος
1539 4178 1626 4257 γεννᾷ

260 4278 294 4341 οὐ
309 4278 424 4361 γόνιμος
439 4280 480 4342 ῶν
496 4278 565 4341 οὐδὲ
580 4275 658 4363 έχων
674 4278 792 4360 δύναμιν
808 4278 913 4361 ἀρχῆς.
965 4278 1013 4339 τδν
1036 4276 1141 4360 ἄρτιον·
1179 4277 1295 4359 γόνιμος
1324 4279 1377 4361 γάρ
1400 4278 1460 4340 ἐστι
1485 4277 1533 4339 καὶ
1560 4274 1628 4361 ἔχει

261 4382 336 4444 ὥστε
359 4382 388 4443 ἐν
404 4387 446 4465 τῷ
467 4382 639 4465 διαιρεῖσθαι
655 4380 724 4464 δίχα
739 4381 840 4442 πολλοὶ
856 4384 913 4442 τῶν
966 4379 1085 4460 δύναμιν
1108 4381 1203 4465 ἀρχῆς
1226 4381 1274 4442 καί
1297 4380 1432 4463 διαίρεσιν
1454 4378 1508 4441 οὐκ
1530 4377 1628 4441 ἐπιδέ·

260 4485 365 4568 ἀρτίων
387 4483 428 4552 είς
450 4483 601 4566 περισσοὺς
622 4483 674 4564 τὴν
694 4483 828 4545 ἀνάλυσιν
844 4486 913 4564 λαμ·
966 4506 1049 4566 χεται
1072 4484 1116 4546 ἀεὶ
1139 4488 1192 4567 τῆς
1215 4484 1337 4564 μονάδος
1357 4482 1387 4544 ἐν
1408 4481 1489 4566 αὐτῷ
1512 4480 1628 4564 περιού-

332 4727 340 4757 ¹
359 4727 375 4779 5
394 4724 577 4793 ἐπονομάζομεν
596 4724 673 4793 θΙίθ
692 4729 735 4779 καὶ
750 4723 893 4779 Ποσειδῶνα
912 4729 1037 4779 scribebat
1057 4729 1178 4778 Moineko
1194 4726 1206 4794 Η
1224 4726 1256 4779 13
1275 4726 1386 4796 ἀπέφηνε
1405 4736 1472 4777 moto
1491 4728 1525 4777 ii:
1544 4727 1628 4790 vulgo

261 4813 405 4884 ἀπιφήνατο
431 4831 463 4864 ox
489 4817 634 4876 Augustani
657 4815 884 4883 interpolationem
900 4815 933 4867 20
952 4813 1037 4866 ἅλυσιν
1055 4816 1076 4864 F
1095 4811 1108 4880 Ιί
1130 4813 1160 4865 θλ
1186 4811 1317 4872 λξιιαίδιιια
1340 4816 1373 4865 F:
1402 4830 1467 4864 corr.
1494 4816 1599 4864 necron
1613 4816 1627 4877 ξΙ

261 4901 294 4953 *24
307 4907 380 4953 πᾶσιν
398 4904 418 4951 F
433 4900 446 4968 ᾗ,
462 4900 495 4951 34
514 4898 549 4957 ὡς
569 4897 598 4951 ἀν
617 4902 650 4951 F:
671 4900 706 4958 ῶς
724 4900 756 4969 δὴ
775 4904 895 4955 Meineko
909 4900 923 4970 {j
