3464 5586
265 327 308 390 64
729 328 766 377 1v
802 327 852 376 DE
872 327 973 375 Anrrr
991 325 1156 377 PLACITIS

265 498 362 580 ψυχήν
382 501 545 576 tamquam
561 493 769 575 neglegenter
785 494 903 558 omissa
918 492 1025 558 intulit
1047 492 1187 576 pessimo
1210 494 1332 559 scilicet
1354 500 1481 559 eventu.
1518 512 1624 576 neque

265 598 351 662 enim
377 597 457 661 vidit
484 595 662 661 orationem
688 594 818 660 minime
841 595 1029 662 concinnam
1053 615 1240 679 evasuram,
1269 616 1342 661 cum
1364 614 1463 679 supra
1485 595 1561 675 §11
1584 594 1625 659 si·

266 699 355 763 milia
376 699 422 763 sie
446 697 701 781 exprimerentur
717 697 817 781 Θαλῆς
831 703 897 761 νοῦν
919 702 970 761 τοῦ
993 698 1104 780 κόσμου
1126 699 1270 775 τὸνθεόν,
1291 701 1324 762 τὸ
1347 700 1381 762 δὲ
1400 702 1458 761 πᾶν
1480 696 1623 783 ἔμψυχον.

265 808 352 867 certe
375 806 544 883 exspectes
565 800 613 862 καλ
638 805 688 862 τοῦ
710 801 821 882 κόσμου
844 802 951 885 ψυχήν.
986 806 1107 865 terrere
1130 819 1203 864 eum
1226 800 1305 865 illud
1331 819 1458 883 quoque
1481 798 1624 866 debebat

266 903 352 986 qnod
373 903 472 966 1132
491 900 653 966 contraria
675 902 841 968 donentur.
875 903 933 968 sed
955 923 1021 968 rem
1044 901 1282 985 apertissimam
1296 902 1352 968 ille
1366 923 1432 968 non
1447 902 1541 969 vidit:
1570 903 1623 986 τὴν

265 1012 316 1070 τοῦ
340 1006 450 1085 κόσμου
473 1004 570 1088 ψυχὴν
591 1002 687 1067 deum
709 1002 844 1069 credidit
867 1023 933 1068 non
955 1005 1170 1088 Democritus,
1192 1005 1251 1071 sed
1275 1004 1330 1088 qui
1352 1011 1504 1070 secuntur
1522 1003 1625 1088 philo-

266 1108 369 1192 sophi.
404 1106 437 1171 in
457 1104 598 1171 Stobaeo
620 1104 749 1186 quidem
771 1107 844 1185 §17
869 1105 1003 1188 Διογένης
1026 1108 1073 1169 καὶ
1089 1105 1243 1190 Κλεάνθης
1265 1109 1312 1171 καὶ
1328 1105 1484 1191 Οἰνοπίδης
1504 1109 1557 1191 τὴν
1572 1111 1625 1170 τοῦ

265 1212 376 1293 κόσμου
398 1211 505 1294 ψυχήν.
537 1207 631 1292 plura
654 1208 804 1291 exempla
827 1207 1049 1291 epitomatoris
1070 1210 1250 1275 socordiam
1272 1209 1465 1274 illustrante.

350 1313 401 1376 Ii)
420 1321 437 1371 4
460 1309 658 1394 Ἀριστοτέλης
673 1312 720 1374 καὶ
738 1310 859 1374 Πλάτων
878 1313 930 1393 τὴν
947 1313 1016 1393 ὕλην
1032 1315 1215 1397 σωματοειδῆ
1240 1355 1272 1374 ..
1290 1359 1297 1374 .
1315 1358 1323 1374 .
1339 1311 1496 1396 δεξαμενὴν
1518 1312 1551 1375 δὲ
1565 1315 1624 1375 τῶν

267 1419 352 1481 εἰδῶν
375 1416 435 1479 οἷον
458 1415 579 1497 τιθήνην
601 1415 648 1476 καὶ
672 1414 823 1495 ἐκμαγεῖον
851 1415 898 1477 καὶ
922 1414 1032 1497 μητέρα
1054 1414 1197 1496 γενέσθαι.
1242 1433 1318 1479 ecee
1340 1413 1531 1480 Aristoteles
1553 1434 1626 1480 eon·

267 1518 420 1586 tentionis
435 1516 602 1582 immemor
616 1513 669 1602 [de
683 1535 756 1598 gen.
771 1515 803 1579 Il
821 1518 837 1578 1
854 1536 885 1598 p.
899 1516 974 1580 329α
991 1517 1031 1580 13
1044 1513 1102 1602 sq.]
1120 1516 1290 1582 Platonica
1304 1517 1482 1600 amplexus.
1518 1517 1626 1583 omisit

268 1620 428 1686 Stobaous
446 1617 644 1702 Ἀριστοτέλης
666 1619 724 1681 καὶ.
769 1618 827 1683 sed
849 1616 988 1683 Aetiona
1010 1616 1153 1683 servarit
1175 1618 1301 1701 integra
1323 1618 1547 1685 Theodoretus
1569 1619 1625 1703 qui

266 1721 393 1788 Platoni
416 1720 520 1784 addit:
550 1719 583 1783 ’.λ
603 1721 749 1803 ιστοτέλης
771 1721 804 1783 δὲ
825 1720 915 1803 αὐτὴν
939 1722 1106 1805 σωματικὴν
1130 1721 1278 1805 κέκληκεν.
1324 1718 1375 1807 [cf.
1398 1722 1435 1786 V.
1458 1722 1544 1788 Rose
1565 1722 1623 1787 Ar.

265 1824 377 1908 pseud.
400 1845 431 1907 p.
447 1821 532 1908 381}

350 1926 420 1990 111
439 1933 455 1986 3
473 1923 702 1991 absurdissime
717 1925 900 1993 Aristotelis
922 1934 955 1993 et
969 1927 1177 2012 Pythagorae
1201 1929 1370 2013 opiniones
1392 1948 1456 1993 uno
1472 1927 1626 1994 lemmate

265 2029 465 2113 copulantur.
510 2047 650 2092 errorem
673 2028 828 2110 patefacit
850 2030 1010 2097 Stobaeus
1032 2033 1096 2115 §a

350 2135 456 2197 1201
487 2129 587 2196 Stoici
614 2136 647 2194 et
667 2130 818 2213 Epicurei
845 2135 1043 2199 coaluerunt.
1078 2135 1136 2199 sed
1165 2133 1251 2200 enim
1273 2132 1455 2199 sententiae
1476 2150 1557 2215 quas
1579 2132 1625 2198 in-

265 2243 374 2317 tegras
397 2233 495 2299 habet
517 2233 678 2300 Stcbaeus
700 2238 740 2316 ἓξ
758 2239 786 2300 1.
810 2237 830 2300 2
853 2235 1036 2301 consimiles
1058 2244 1142 2302 suut.

350 2338 451 2401 1141
480 2336 723 2419 comprehendit
747 2335 966 2421 Pythagoram
988 2339 1156 2404 Platonem
1181 2337 1318 2420 Stoicos,
1341 2336 1457 2421 quibus
1479 2335 1626 2416 singulas

265 2440 433 2524 opiniones
461 2442 502 2519 ἐξ
524 2441 552 2504 1.
580 2440 609 2503 2.
638 2442 657 2503 3
689 2438 800 2503 tribuit
832 2439 1001 2506 Stobaeus.
1046 2439 1132 2523 quod
1160 2460 1192 2522 p.
1209 2442 1247 2504 11
1280 2446 1412 2523 propter
1440 2436 1626 2503 testimonia

265 2540 379 2605 mirum
401 2548 556 2624 quantum
572 2540 760 2606 fluctuantia
775 2542 968 2607 secundaria
982 2544 1136 2609 lemmata
1150 2541 1183 2605 in
1198 2541 1343 2625 margine
1364 2539 1529 2622 adscripta
1552 2558 1626 2604 esse

264 2642 341 2726 dixi,
363 2643 449 2709 idem
473 2641 621 2707 adhiberi
644 2649 751 2726 potest
774 2644 919 2709 Platonis
942 2643 1185 2725 Stoicorumque
1208 2643 1369 2709 lemmatis
1390 2645 1451 2709 Vl
1475 2651 1498 2706 1.

349 2745 381 2809 Π
401 2747 443 2810 20
462 2757 487 2808 e.
506 2755 568 2807 te
601 2745 817 2828 Anaxagorae
850 2746 1027 2813 Democriti
1060 2744 1236 2810 Metrodori
1269 2745 1400 2812 decreta
1433 2744 1521 2827 apud
1554 2743 1627 2809 Sto·

264 2845 381 2912 haeum
397 2847 459 2912 tria
474 2846 616 2930 capitula
631 2846 775 2932 implent,
792 2869 889 2913 unum
904 2855 1037 2933 propter
1052 2846 1293 2912 similitudinem
1308 2846 1396 2930 apud
1407 2845 1625 2911 Plutarchum.

351 2950 485 3014 111314
512 2949 695 3015 Aristotelis
717 2969 782 3014 una
808 2953 906 3034 vulgo
935 2950 1043 3034 opinio
1066 2948 1250 3031 exhibetur,
1279 2968 1364 3032 quae
1386 2947 1554 3013 dimidiata
1576 2954 1627 3014 est

264 3051 435 3117 Stratonis.
480 3052 538 3117 sed
566 3072 637 3116 cum
663 3071 788 3116 summa
818 3052 860 3116 sit
881 3052 1096 3136 capitulorum
1122 3051 1297 3118 similitudo
1321 3050 1555 3118 Plutarchnsne
1581 3070 1626 3116 an

264 3154 414 3218 librarius
435 3153 595 3219 aberrarit
616 3153 800 3235 ambigitur.

348 3256 392 3320 IV
409 3256 448 3319 13
468 3264 484 3317 5
514 3255 720 3338 Empedoclis
750 3254 912 3320 sententia
934 3256 967 3320 in
987 3255 1127 3340 epitome
1150 3260 1250 3338 extat,
1272 3274 1356 3337 quae
1378 3254 1519 3322 Stobaee
1542 3275 1628 3322 com·

265 3357 370 3441 posito
386 3357 493 3440 potius
507 3356 662 3423 Hostiaeo
687 3355 854 3422 Perinthia
877 3356 1094 3423 adscribenda
1108 3363 1167 3422 est.
1199 3357 1397 3439 Empedocle
1411 3357 1629 3441 praecedente

265 3458 382 3524 erroris
411 3479 510 3526 causa
539 3465 639 3545 patet.
683 3457 778 3522 simili
808 3457 1016 3540 neglegentia
1044 3458 1164 3524 factum
1192 3464 1228 3523 ut
1255 3457 1289 3522 in
1317 3458 1433 3524 Galcni
1466 3459 1628 3545 excerptis

265 3561 482 3643 Empedocles
504 3568 538 3627 et
560 3560 765 3645 Hipparchus
788 3558 819 3645 [ξ
834 3559 865 3646 9]
888 3561 921 3626 in
944 3560 1117 3627 Plutarcho
1141 3559 1282 3642 contigui
1305 3562 1535 3627 coalescerent.

351 3663 438 3727 Satis
466 3664 685 3746 exemplorum
714 3670 784 3737 esto
811 3662 854 3726 ad
877 3663 1098 3746 epitomatoris
1121 3661 1288 3728 levitatem
1310 3663 1501 3747 notandam,
1530 3683 1627 3746 quem

264 3765 396 3831 tandem
421 3765 596 3847 aliquando
613 3764 822 3848 dimittamus,
844 3765 872 3829 si
894 3785 1000 3849 pauca
1021 3766 1092 3848 quis
1114 3764 1211 3830 fuerit
1233 3764 1427 3847 quandoque
1441 3765 1558 3831 vixerit
1572 3765 1629 3831 ad-

264 3867 451 3933 diderimus.

350 3970 596 4034 Plutarchum
612 3969 920 4037 Chaeronensem
936 3991 1041 4055 neque
1056 3991 1128 4036 oum
1143 3969 1243 4035 luisse
1259 3969 1313 4052 qui
1328 3970 1509 4052 grandioris
1525 3970 1630 4036 Placi-

265 4079 370 4136 torum
394 4070 536 4155 corporis
561 4069 734 4152 colligendi
757 4074 924 4139 consilium
948 4080 1080 4158 caperet
1102 4071 1335 4155 nequehercle
1357 4092 1430 4137 eum
1453 4073 1507 4155 qui
1522 4072 1580 4137 illa
1594 4073 1629 4138 in

264 4174 363 4240 breve
389 4172 614 4256 compendium
638 4183 809 4260 coartaret,
832 4175 929 4241 hodio
943 4196 1038 4241 nemo
1054 4175 1203 4241 dubitare
1217 4180 1334 4257 potest.
1367 4193 1443 4239 nam
1460 4174 1516 4239 ille
1531 4194 1629 4258 quem

263 4276 327 4340 iarn
354 4296 411 4338 suo
434 4274 564 4340 nomine
586 4274 715 4339 Aetium
742 4297 895 4343 vocamus
917 4297 938 4342 a
960 4277 1125 4343 Plutarchi
1154 4276 1281 4343 dicendi
1309 4277 1487 4360 elegantia,
1515 4276 1628 4341 hiandi

266 4379 410 4461 raritate,
425 4397 530 4443 rerum
545 4375 702 4461 ubertate,
718 4377 945 4464 philosophiae
961 4386 994 4445 et
1008 4379 1192 4462 cognitione
1207 4385 1240 4444 et
1254 4378 1361 4444 studio
1376 4397 1473 4461 quam
1489 4378 1630 4446 maxime

266 4480 429 4546 abhorret.
464 4479 626 4562 epitomen
650 4500 727 4545 vero
751 4481 778 4545 si
801 4482 873 4564 quis
891 4501 1082 4564 quocunqne
1097 4481 1193 4546 modo
1209 4480 1251 4544 ad
1267 4480 1474 4546 Plutarchum
1489 4480 1631 4546 voluerit

266 4582 396 4665 referre,
420 4602 544 4646 summo
560 4581 630 4646 iure
645 4580 767 4646 delirus
782 4581 954 4648 videbitur.
980 4604 1086 4665 neque
1101 4583 1191 4648 hisce
1207 4582 1326 4647 diutius
1341 4582 1502 4648 immoror.
1533 4602 1630 4665 quae·

266 4684 400 4748 rendum
425 4684 532 4766 potius
556 4683 641 4748 undo
663 4683 897 4748 nobilissimum
920 4686 1000 4751 illud
1023 4705 1142 4751 nomen
1164 4691 1231 4749 tam
1252 4683 1380 4749 abiecto
1404 4686 1559 4767 opusculo
1582 4685 1630 4749 in-

263 4784 414 4851 haeserit..
443 4786 667 4849 Vollnnannus
690 4785 818 4867 quidem
842 4786 1101 4869 elegantissimus
1125 4785 1289 4850 Plutarchi
1312 4783 1510 4869 biographus
1532 4788 1627 4852 lree

263 4887 426 4968 explicare
450 4908 484 4953 sc
507 4888 587 4952 illud
603 4907 700 4972 posse
715 4892 823 4969 negat.
860 4895 958 4954 terret
975 4889 1058 4955 enim
1075 4887 1206 4956 Eusebii
1222 4886 1409 4970 auctoritas,
1434 4908 1498 4970 qua
1512 4894 1627 4971 quarto
