3442 5588
652 366 927 417 rncnnconnns
1409 371 1469 433 113

102 530 179 595 huic
207 530 236 595 is
263 532 318 614 qui
341 533 418 614 λέγει
441 537 511 597 erat
533 531 755 617 Xenophanes
778 535 882 617 [λέγειν
905 534 1024 600 fmstra
1046 531 1169 598 hahent
1192 536 1293 618 DEH]
1321 536 1471 619 idemque

101 634 195 717 φησίν
214 653 324 716 neque
340 653 400 698 sua
421 633 480 699 sed
495 632 711 717 Theophrasti
726 636 928 719 auctoritate,
952 636 1099 729 quamvis
1114 656 1187 700 eam
1202 658 1267 703 non
1282 641 1471 705 nominatim

101 744 280 820 repeteret,
304 756 344 802 ea
359 743 481 802 tutatus
497 743 577 801 crat.
604 735 668 801 iam
684 758 762 803 vero
778 738 804 804 si
820 738 938 804 iustum
954 739 987 804 in
1003 740 1147 805 ordinem
1170 739 1306 805 disiecta
1328 742 1471 807 membra

104 838 273 921 redegeris
301 844 333 904 et
361 839 581 904 Alexandrum
609 838 745 922 primum
774 840 1021 925 Theophrastca
1048 841 1156 905 omnia
1178 843 1470 927 comprehendisse,

103 941 226 1007 deinde
240 941 421 1024 Nicolaum,
445 948 512 1005 tum
535 948 668 1006 auctore
691 942 761 1008 sive
775 943 852 1025 quia
866 942 1027 1008 dubitavit
1043 943 1113 1009 sive
1128 944 1252 1009 incuria
1267 946 1406 1027 quadam
1423 967 1472 1012 ce-

104 1045 175 1109 lato
199 1044 495 1110 Pseudaristotelea
517 1043 717 1126 excerpsisse
739 1043 885 1128 finxeris,
908 1045 1009 1128 plana
1032 1047 1140 1111 omnia
1164 1055 1267 1113 erunt.
1301 1068 1376 1112 nam
1400 1069 1470 1112 cum

104 1153 254 1211 extrema
268 1147 335 1229 illa,
358 1145 413 1210 uhi
429 1144 644 1229 Theophrasti
667 1146 884 1211 testimonium
900 1167 965 1211 non
980 1147 1131 1213 iteratum
1149 1158 1208 1233 est,
1231 1169 1377 1233 pugnare
1397 1172 1472 1232 quo-

104 1249 281 1314 dammodo
304 1270 377 1314 curn
398 1248 556 1332 principio
580 1247 714 1332 rideret,
736 1247 958 1314 Alexandrum
981 1270 1077 1332 quam
1101 1251 1358 1334 Theophrastum
1381 1274 1473 1318 accu-

104 1371 182 1417 sare
205 1352 358 1417 maluisse
381 1350 579 1435 Simplicium
602 1357 856 1416 consentaneum
879 1358 937 1416 est.

198 1454 354 1519 Fortasse
383 1452 493 1518 durior
518 1452 600 1517 haec
627 1451 800 1535 explicatio
829 1453 968 1537 cuipiam
996 1454 1145 1521 videatur
1171 1464 1204 1521 et
1226 1456 1390 1541 Simplicio
1411 1459 1473 1523 .vix

108 1558 221 1640 digna.
255 1577 356 1639 quare
379 1555 563 1638 exemplum
585 1573 746 1637 premam,
769 1576 832 1637 qno
854 1556 962 1639 aptius
985 1563 1017 1622 et
1039 1557 1200 1623 efficacius
1222 1560 1344 1623 nullum
1367 1569 1474 1643 potest

107 1660 255 1743 cogitari.
284 1658 458 1725 f.9'1-8
481 1660 617 1739 ὁμολογεῖ
630 1658 663 1719 δὲ
685 1659 701 1721 ὁ
721 1654 940 1742 Ἀλέξανδρος
963 1660 997 1722 ἐν
1021 1661 1080 1741 μὲν
1104 1666 1174 1730 τοῖς
1196 1664 1280 1746 πρδς
1302 1663 1472 1746 ’ἀλήθειαν

108 1765 198 1846 ἅπερ
221 1763 294 1826 ἐστὶ
316 1763 394 1846 περὶ
416 1764 475 1824 τοῦ
498 1764 627 1842 νοητοῦ
650 1759 748 1829 ὄντος
770 1762 827 1823 τὸν
851 1760 1070 1846 Παρμενίδην
1097 1763 1131 1824 ἓν
1158 1764 1195 1825 τδ
1219 1764 1254 1827 δν
1276 1766 1331 1827 καὶ
1355 1767 1472 1849 ἀκίνη-

106 1890 164 1929 τον
187 1866 321 1949 λέγειν,
350 1864 437 1927 κατὰ
461 1863 582 1946 δὲτὴν
605 1867 672 1925 τῶν
695 1866 833 1925 πολλῶν
857 1863 1038 1932 δόξανκαὶ
1061 1865 1101 1927 τὰ
1129 1866 1325 1949 φαινόμενα
1352 1890 1473 1952 φυσιο-

108 1973 224 2051 λογῶν
247 1968 331 2032 οὔτε
352 1969 389 2032 ἓν
411 1968 521 2048 λέγων
543 1965 636 2029 εἶναι
659 1968 696 2029 τὸ
720 1966 756 2030 ὃν
780 1965 861 2029 οῦτε
883 1965 1052 2048 ἀγένητον
1067 1967 1180 2051 ἀρχὰς
1199 1972 1265 2031 τῶν
1286 1971 1474 2052 γινομένων

109 2073 265 2135 ὑπέθετο
288 2075 357 2155 πῦρ
378 2072 437 2134 καὶ
459 2075 523 2153 γῆν
546 2071 609 2153 τὴν
633 2070 692 2150 μὲν
714 2073 776 2151 γῆν
800 2071 847 2137 ὡς
875 2069 959 2151 ῦλην
984 2067 1183 2146 ὑποτιθείς,
1214 2071 1251 2132 τὸ
1280 2072 1317 2133 δὲ
1342 2077 1407 2155 πῦρ
1431 2077 1475 2143 ὡς

108 2175 299 2256 ποιητικὸν
331 2171 444 2236 αἴτιον
475 2173 532 2236 καὶ
564 2173 751 2254 ὀνομάζει,
783 2172 871 2256 φησί,
903 2171 941 2232 τὸ
972 2171 1033 2251 μὲν
1061 2175 1128 2255 πῦρ
1155 2176 1228 2255 φῶς
1255 2174 1318 2256 τὴν
1347 2176 1384 2237 δὲ
1409 2181 1475 2261 γῆν

109 2277 247 2346 σκῦτος.
282 2277 330 2338 καὶ
359 2275 384 2338 εἰ
414 2276 466 2357 μὲν
495 2274 569 2337 κατὰ
591 2276 644 2358 τὴν
670 2278 729 2336 τῶν
757 2276 872 2336 πολλῶν
902 2270 986 2340 δόξαν
1014 2273 1061 2335 καὶ
1090 2274 1126 2337 τὰ
1156 2275 1316 2358 φαινόμενα
1344 2279 1475 2347 edrard

104 2379 293 2464 Ἀλέξανδρος
314 2377 471 2455 ἐξεδέξατο,
494 2380 535 2446 ὡς
551 2378 566 2440 ὁ
583 2375 766 2460 Παρμενίδης
788 2377 930 2462 βούλεται,
953 2374 1089 2443 δοξαστὸν
1112 2377 1145 2438 τδ
1160 2376 1300 2458 αἰσθητὸν
1323 2382 1420 2442 καλῶν
1442 2379 1475 2443 εῦ

108 2484 144 2547 ἄν
168 2481 246 2569 ἔχοι,
269 2482 295 2546 εί
317 2482 350 2546 δὲ
372 2484 485 2565 ψευδεῖς
507 2482 600 2562 πάντη
616 2480 683 2548 τοὺς
697 2480 799 2561 λόγους
822 2477 912 2541 οἴεται
934 2478 1060 2546 ἐκείνους
1081 2479 1137 2541 καὶ
1153 2481 1337 2560 ποιητικὸν
1361 2481 1475 2546 αἴτιον

107 2589 151 2650 τὸ
173 2592 251 2671 φῶς
273 2587 330 2649 ναὶ
357 2588 423 2667 πῦρ
445 2584 584 2664 νομίζει
606 2583 775 2664 λέγεσθαι
803 2582 837 2644 οῦ
860 2585 958 2650 καλῶς
980 2580 1081 2644 οἴεται.
1115 2580 1254 2645 citantur
1275 2583 1477 2651 Parmenidis

108 2709 238 2754 versus.
271 2705 355 2770 quae
380 2683 558 2750 Alexandri
581 2683 682 2749 verba
704 2703 802 2767 supra
824 2683 993 2767 excerpsit,
1023 2702 1063 2748 ea
1084 2702 1240 2765 germana
1262 2684 1476 2768 Theophrasti

108 2812 196 2875 esse,
218 2790 306 2857 felici
328 2809 405 2855 casn
427 2786 579 2851 discimus
601 2805 641 2851 ex
663 2785 765 2870 ipsius
784 2785 962 2852 Alexandri
985 2787 1217 2852 commentario
1239 2788 1271 2854 in
1295 2789 1477 2874 metaphys.

109 2915 144 2977 p.
160 2895 216 2976 24,
232 2893 344 2958 olion.
369 2889 417 2978 [fr.
434 2887 476 2976 6],
499 2888 549 2954 cni
573 2894 752 2954 ceterorum
776 2894 1000 2971 excerptorum
1016 2889 1208 2954 varietatem
1230 2888 1388 2955 subiunxi.
1412 2892 1477 2956 iam

109 2997 139 3059 si
163 2996 228 3080 ipsi
244 2991 461 3078 Theophrasti
484 2990 621 3076 physica
636 2991 679 3055 ad
695 3010 810 3055 manus
825 2998 926 3075 erant,
950 3012 1006 3056 cur
1019 2989 1241 3055 Alexandrum
1259 2991 1477 3075 potiusquam

109 3098 205 3163 illum
221 3096 443 3183 oppugnavit?
465 3115 531 3179 cur,
547 3094 688 3179 iuquam,
703 3092 772 3159 fal
790 3092 1048 3176 Theophrastum
1064 3094 1149 3179 ἐντῷ
1165 3096 1273 3178 πρώτῳ
1288 3101 1340 3177 τῆς
1355 3103 1479 3181 φυσικῆς

110 3201 242 3285 ἱστορίας
265 3220 305 3266 ex
319 3197 506 3264 Alexandro
522 3197 623 3264 citat?
644 3216 704 3262 nec
726 3216 820 3262 secus
838 3194 877 3259 fr.
891 3198 931 3261 15
947 3245 954 3260 .
968 3244 997 3260 ..
1015 3200 1056 3265 (ος
1078 3198 1127 3259 τὸν
1152 3195 1294 3260 Πλάτωνα
1316 3200 1479 3280 νομίζουσιν

111 3307 179 3370 ὅτε
194 3302 332 3388 Εὔδημος
354 3303 402 3366 καὶ
418 3303 434 3366 ὁ
453 3300 679 3386 Θεόφραστος
701 3300 749 3362 καὶ
767 3302 783 3362 ὁ
802 3296 1046 3382 Ἀλέξανδρος.
1069 3298 1080 3361 i
1096 3318 1180 3362 nunc
1196 3305 1229 3363 et
1244 3299 1340 3366 crede
1351 3299 1481 3385 Opinio-

110 3428 173 3474 nes
196 3427 218 3473 a
240 3404 406 3490 Simplicio
429 3422 582 3486 umquam
603 3402 784 3485 inspectas!

198 3509 444 3592 Theophrastus
472 3506 571 3588 igitur
590 3504 705 3570 librum
728 3502 769 3568 de
791 3502 823 3566 Μ
850 3502 883 3566 X
908 3503 990 3566 Ζ-
1004 3503 1080 3567 illuc
1104 3502 1190 3567 enim
1212 3502 1310 3569 redeo
1326 3541 1368 3550 —-
1390 3504 1479 3569 nullo

112 3619 213 3697 pacto
237 3608 440 3677 conscribere
462 3607 576 3692 potuit.
610 3626 685 3671 nam
708 3611 838 3690 praeter
854 3625 894 3671 ea
916 3625 1000 3687 quae
1023 3604 1079 3669 alii
1097 3611 1132 3668 ut
1143 3605 1394 3671 Vermehrenius
1417 3605 1481 3692 [die

113 3712 319 3781 antorschat't
352 3711 410 3776 der
440 3710 514 3775 dem
541 3709 705 3774 Aristotel.
734 3707 898 3791 zugeschr.
927 3708 1040 3773 schrift
1070 3706 1187 3771 πΞΖΓ
1215 3729 1247 3790 p.
1265 3710 1306 3773 14
1317 3707 1376 3794 sq.]
1410 3729 1484 3774 con·

112 3824 297 3901 gesserunt,
320 3834 384 3879 una
407 3812 511 3878 oratio
535 3830 607 3877 eam
631 3809 787 3892 originem
811 3810 1014 3876 condemnat.
1047 3810 1080 3874 in
1101 3809 1227 3875 deliciis
1250 3816 1299 3874 cst
1320 3809 1367 3873 illi
1387 3812 1415 3873 τί
1429 3837 1483 3874 κω-

113 3922 178 3984 λύει
195 3917 397 3985 sescentiens
417 3913 600 3999 repetitum,
622 3913 656 3977 in
672 3912 898 3997 Theophrasto
915 3914 961 3977 nil
976 3913 1090 3979 simile.
1124 3917 1277 3977 constans
1291 3913 1375 3979 solet
1389 3913 1486 3996 parti·

113 4023 264 4088 cularum
279 4040 357 4085 usus
374 4038 457 4085 esse.
490 4036 565 4081 ecce
583 4016 671 4099 apud
685 4016 776 4081 illum
792 4015 851 4080 ἀλλ’
874 4016 930 4100 ἄρα
946 4035 977 4099 p.
992 4015 1072 4079 975ἂι
1091 4014 1130 4079 18
1153 4015 1187 4077 οὐ
1204 4015 1348 4097 μέντοιγε
1369 4016 1485 4080 aton

113 4126 182 4189 ἐπεί
195 4125 241 4188 τοί
254 4147 288 4206 γε
302 4123 384 4187 977¹»
400 4121 441 4186 33
464 4120 498 4183 οὐ
522 4119 695 4202 μέντοι-νε
717 4119 798 4184 97812
815 4121 865 4184 10.
900 4118 1020 4182 frustra
1043 4136 1083 4181 ea
1105 4136 1243 4198 quaeres
1264 4117 1298 4180 in
1321 4125 1369 4182 tot
1384 4118 1486 4182 Theo-

115 4225 242 4310 phrasti
267 4222 392 4291 libris.¹
434 4227 547 4288 contra
569 4220 685 4287 indicis
706 4221 896 4305 Hermippei
918 4217 1094 4284 auctoritas
1118 4216 1224 4303 [Diog.
1240 4218 1268 4282 V
1284 4218 1337 4305 25]
1360 4241 1488 4285 vocum·

114 4350 181 4412 que
209 4325 501 4411 Peripateticarum
528 4321 717 4407 incorrupta
746 4320 957 4408 proprietas²
986 4321 1029 4385 ad
1061 4326 1210 4403 tempora
1242 4322 1336 4387 tertio
1363 4341 1384 4386 a
1412 4320 1487 4386 Chr.

114 4431 252 4497 saeculo
278 4428 435 4495 inferiora
463 4424 663 4512 descendere
695 4431 817 4491 vetant.
861 4444 937 4489 nam
968 4421 1147 4488 incredibili
1175 4423 1293 4488 iudicio
1319 4425 1386 4489 tale
1412 4423 1489 4506 quid

114 4533 342 4599 somniaverat
362 4526 597 4610 Ueberwegius
620 4526 788 4611 compend.
811 4526 847 4591 1⁸
862 4527 914 4590 55.
948 4524 1067 4590 rectius
1091 4525 1335 4591 Stratoneorum
1357 4527 1491 4592 mentio·

114 4657 193 4702 uem
216 4635 339 4701 inicere
362 4633 544 4699 Usenerum
566 4629 707 4695 memini.

192 4788 313 4840 ¹sentiet
337 4790 419 4837 lector
443 4803 483 4837 me
510 4790 646 4838 utilissima
671 4790 771 4852 sylloge
796 4789 827 4840 G.
851 4790 971 4839 Muelleri
996 4787 1040 4850 [de
1065 4789 1240 4852 Theophrasti
1265 4788 1366 4837 dicendi
1390 4790 1491 4837 ratione

119 4878 256 4926 Amatadt.
279 4874 360 4939 1874]
379 4877 463 4925 nisum
484 4891 550 4925 esse.

189 4962 200 4992 ²
219 4966 368 5028 categoriae
386 4960 462 5012 ποσίν
479 4979 503 5028 p.
518 4962 587 5014 978·
608 4962 650 5024 19,
668 4961 729 5029 πρός
747 4979 771 5012 τι
790 4963 861 5015 978b
882 4964 922 5025 ll,
942 4960 1008 5030 ἔχειν
1027 4960 1100 5013 9781’
1120 4958 1162 5013 20.
1182 4958 1317 5030 ἐνδελεχῶς
1336 4963 1406 5015 areb
1426 4960 1469 5013 24.

169 5074 262 5123 Diels.
283 5074 431 5126 Dexoxrsplrl
449 5075 532 5125 mem.
1267 5046 1288 5112 8
