3442 5588
408 335 667 389 THEOPHRASTI
683 334 823 386 PHYSIC.
842 335 1004 386 OPINION.
1022 333 1076 385 FR-
1090 331 1115 386 5.
1128 332 1166 386 5⁸
1406 333 1468 399 481

104 507 146 589 μὴ
172 505 217 570 ὄν·
240 505 383 589 οὔτεγὰρ
406 504 441 567 ἀν
469 505 510 574 είς
540 505 611 570 αδτδ
633 505 731 589 ἕτερον
761 503 828 568 οὔτε
848 503 920 567 αὐτὸ
947 505 1019 589 πρὸς
1041 503 1112 567 ἄλλο
1135 504 1245 569 ἐλθεῖν·
1275 502 1416 567 κινεῖσθαι
1438 504 1471 571 δὲ

103 610 140 672 τὰ
172 609 264 672 πλείω
298 611 350 671 τοῦ
379 607 460 677 ένός·
490 609 587 693 ἕτερον
613 608 668 691 γάρ
695 607 736 677 είς
771 607 868 691 ἕτερον
902 608 1105 692 μεταβαλλειν,
1143 607 1220 671 ὥστε
1253 608 1301 671 καλ
1333 607 1401 671 όταν
1435 610 1469 674 ἐν

105 711 223 796 ταύτῷ
247 711 365 793 μένειν
388 712 477 794 λέγη
500 713 561 775 καλ
585 712 629 794 μὴ
653 709 829 773 κινεῖσθαι

351 815 408 877 ἀεὶ
431 812 460 877 δ’
488 814 659 899 ἐνταύτῷ
684 812 803 895 μίμνει
826 811 1038 894 κινοόμενον
1061 810 1165 875 οὐδέν

350 916 432 979 οὐδὲ
455 916 699 1002 μετέρχεσθαί
721 938 777 998 μιν
799 915 989 998 ἐπιπρέπει
1011 914 1139 977 άλλοτε
1161 913 1266 997 άλλη,
1486 948 1498 985 ς

105 1020 140 1083 οὐ
163 1020 237 1082 κατὰ
264 1021 315 1102 τὴν
339 1019 461 1103 ἠρεμίαν
483 1020 535 1102 τὴν
558 1018 755 1101 ἀντικειμένην
776 1023 814 1100 τῇ
837 1019 947 1102 κινήσει
970 1017 1064 1099 μένειν
1086 1016 1158 1080 αδτό
1180 1038 1278 1101 φησιν,
1300 1019 1375 1081 ἀλλὰ
1397 1021 1471 1084 κατὰ

104 1120 158 1203 τῆν
187 1122 246 1184 ἀπδ
277 1124 418 1206 κινῆσεως
447 1123 494 1184 καλ
525 1120 647 1206 ἠρεμίας
669 1118 849 1205 ἐξηρημένην
872 1122 972 1204 μονήν.
1019 1118 1163 1189 Νικόλαος
1184 1120 1217 1183 δὲ
1240 1121 1256 1182 ό
1279 1120 1471 1205 Δαμασκηνὸς

107 1226 148 1293 ὡς
178 1223 295 1307 ἄπειρον
324 1225 372 1287 καλ
405 1223 539 1306 ἀκίνητον
561 1223 693 1306 λέγοντος
715 1223 805 1287 αὐτοῦ
833 1224 886 1307 τὴν
914 1222 1009 1307 ἀρχὴν
1033 1222 1063 1285 ἐν
1085 1227 1123 1304 τῇ
1146 1221 1215 1306 Περὶ
1240 1222 1319 1285 θεῶν
1341 1225 1469 1309 ἀπομνη-

108 1327 231 1407 μονεόει.
273 1324 456 1411 Ἀλέξανδρος
489 1327 521 1389 δὲ
550 1330 591 1396 ὡς
621 1327 889 1411 πεπερασμένον
918 1325 1002 1389 αὐτὸ
1029 1326 1088 1389 καὶ
1119 1325 1353 1410 σφαιροειδές.
1399 1327 1463 1392 ἀλλ’

104 1430 148 1492 ότι
178 1431 230 1512 μὲν
258 1429 325 1494 οὔτε
351 1429 468 1512 ἄπειρον
491 1428 559 1492 οότε
585 1428 802 1513 πεπερασμένον
830 1427 902 1491 αὐτὸ
925 1429 1081 1503 δείκνυσιν,
1107 1429 1141 1491 ἐκ
1168 1434 1226 1490 τῶν
1253 1431 1469 1514 προειρημένων
1489 1460 1513 1498 ιο

106 1534 214 1615 δῆλον,
241 1531 512 1616 πεπερασμένον
539 1533 576 1595 δὲ
604 1534 662 1596 καὶ
695 1532 922 1617 σφαιροειδὲς
952 1531 1042 1594 αότδ
1076 1531 1133 1594 διὰ
1165 1532 1202 1594 τδ
1235 1535 1469 1618 πανταχόθεν

105 1635 229 1717 όμοιον
252 1635 365 1718 λέγει·
390 1635 447 1698 καὶ
469 1636 583 1698 πάντα
606 1640 700 1698 νοεῖν
722 1634 761 1697 δέ
783 1655 888 1718 φησιν
911 1635 999 1698 αὐτὸ
1021 1634 1130 1717 λέγων

308 1735 386 1802 ἀλλ’
415 1738 593 1801 ἀπάνευθε
615 1737 738 1800 πόνοιο
761 1737 844 1800 νόου
868 1739 965 1822 φρενὶ
988 1739 1100 1801 πάντα
1122 1738 1316 1822 κραδαίνει.

764 2146 813 2191 08

167 2234 276 2286 Galen.
295 2237 322 2284 in
342 2235 465 2299 Hippoor.
484 2235 509 2283 d.
529 2244 581 2284 nat.
601 2236 670 2284 hom.
684 2232 734 2283 XV
748 2229 821 2284 2511.

191 2334 300 2405 Κακῶς
329 2337 362 2399 δὲ
391 2337 438 2399 καὶ
469 2342 528 2399 τῶν
558 2332 705 2418 ἐξηγητῶν
728 2331 798 2397 ἔνιοι
820 2332 1033 2419 κατεψεύσαντο
1055 2332 1278 2420 Ξενοφάνους
1300 2336 1399 2420 ὥσπερ
1422 2338 1469 2400 καὶ

103 2438 228 2524 Σαβῖνος
261 2437 317 2502 ὡδί
346 2462 408 2506 πως
436 2441 547 2524 γράψας
576 2437 674 2507 αὐτοῖς
697 2436 851 2519 ὀνόμασιν·
891 2434 973 2498 Κοίίτε
998 2434 1052 2519 γὰρ
1079 2438 1200 2519 πάμπαν
1228 2437 1301 2522 ἀέρα
1322 2439 1398 2522 λέγω
1420 2439 1469 2501 τὸν
1490 2466 1512 2503 ιε

105 2541 263 2626 ἄνθρωπον
287 2543 385 2626 ὥσπερ
407 2539 604 2622 Ἀναξιμένης,
633 2538 700 2602 οὔτε
726 2540 804 2623 ὕδωρ
827 2543 868 2609 ὡς
891 2537 1008 2622 Θαλῆς,
1034 2536 1102 2601 οὔτε
1122 2544 1176 2623 γῆν
1198 2543 1240 2609 ὡς
1259 2538 1290 2603 έν
1312 2564 1365 2604 τινι
1387 2540 1471 2605 Ξενο-

102 2642 226 2729 φάνης’·
256 2643 421 2725 οὐδαμόθεν
443 2643 497 2727 γὰρ
519 2643 680 2726 εὑρίσκεται
704 2643 720 2705 ὁ
747 2641 914 2726 Ξενοφάνης
941 2642 1163 2725 ἀποφηνάμενος
1185 2643 1287 2712 οὕτως.
1325 2643 1470 2708 ἀλλὰκαὶ

103 2749 120 2810 ὁ
144 2746 266 2832 Σαβῖνος
288 2746 375 2814 αὐτὸς
396 2743 518 2828 εὔδηλός
540 2746 615 2809 ἐστιν
638 2745 751 2808 ἐκτῶν
774 2746 864 2808 αὑτοῦ
891 2743 1155 2828 καταψευδόμενος,
1187 2746 1244 2831 οὐχ
1272 2745 1321 2810 ὑπ’
1353 2747 1469 2829 ἀγνοίας

103 2850 294 2934 ἐσφαλμένος.
329 2873 348 2931 η
365 2845 529 2935 πάντωςιάν
546 2847 682 2929 όνυμαστὶ
705 2847 888 2931 προσέγραψε
901 2847 935 2908 τὸ
952 2846 1071 2931 βιβλίον,
1093 2847 1123 2910 ἐν
1140 2845 1165 2932 ᾧ
1182 2851 1273 2910 ταῦτα
1288 2850 1466 2935 ἀπεφήνατο.

103 2957 153 3016 νῦν
181 2951 206 3015 δ’
240 2953 332 3021 οὕτως
359 2948 480 3033 ἔγραψεν
506 2948 589 3013 (οὔτε
618 2955 671 3034 γῆν
695 2953 736 3019 ὡς
757 2947 789 3013 έν
811 2973 865 3013 τινι
886 2946 1078 3034 Ξενοφάνης’.
1116 2950 1165 3013 καὶ
1188 2949 1412 3035 Θεόφραστος
1434 2952 1459 3016 δ’
1482 2979 1507 3018 νυ

102 3227 138 3284 είς
161 3225 222 3279 αὐτὸ
246 3225 328 3297 ἕτερον
350 3223 404 3278 οὔτ’
430 3225 509 3278 ἐκεῖνο
533 3225 567 3284 είς
587 3224 648 3278 ἀλλο
671 3223 759 3279 ἐλθεῖν.
811 3243 883 3278 εσσε
905 3229 994 3278 deum
1019 3244 1121 3292 nequa
1147 3237 1253 3278 natum
1273 3242 1418 3291 umquam
1437 3238 1468 3278 et

103 3310 225 3366 κινεῖσθαι
244 3312 271 3366 δὲ
293 3315 324 3366 τά
342 3313 420 3366 πλείω
439 3312 498 3364 ὄντα
521 3313 586 3371 ἑνός·
609 3312 691 3383 ίτερον
714 3315 761 3384 γὰρ
811 3318 1037 3380 sempiternum
1058 3316 1256 3379 conglobata
1274 3317 1389 3379 figura.
1407 3319 1468 3368 Pla·

102 3402 137 3458 είς
154 3399 236 3470 ἕτερον
249 3399 298 3452 δεῖν
311 3397 430 3452 κινεῖσθαι
444 3397 457 3468 ΙΙ
472 3401 489 3453 3
506 3400 655 3470 μεταβάλλει
674 3404 762 3453 codd.:
814 3404 856 3453 oit.
870 3404 884 3452 1
898 3400 914 3454 3
928 3399 1323 3464 19(Τλιευά.)’ῖνείναιτδπᾶν.
1338 3410 1366 3454 .‘.
1378 3417 1466 3471 σφαι·

102 3488 761 3557 corr.UsenerpostKarsteniumlMXenophfn4
813 3485 929 3558 ρυειδλς
961 3488 1004 3539 καὶ
1036 3488 1281 3558 πεπερασμένον,
1310 3489 1340 3541 oh
1367 3490 1468 3560 γενητὸν

103 3596 129 3643 p.
148 3575 183 3627 35
201 3578 287 3627 Karst.
308 3574 322 3642 ΙΙ
342 3575 424 3645 μίμνει
443 3578 568 3628 BDEE·:
591 3576 657 3642 μένει
682 3577 725 3626 oF
745 3573 759 3641 ΙΙ
812 3572 864 3626 ἀλλ’
879 3573 956 3626 ἀίδιον
968 3576 1012 3627 καλ
1024 3576 1128 3643 πάμπαν
1141 3575 1297 3645 ἀκίνητον.
1317 3581 1348 3630 cf.
1362 3581 1468 3631 dePar·

99 3660 244 3730 κινοόμενος
259 3666 317 3715 ΕΙΕ
334 3662 377 3732 Ηό
396 3680 437 3730 μιν
457 3663 585 3733 ἐπιπρέπει
599 3665 697 3714 anat:
717 3679 759 3730 μιν
809 3681 877 3715 men.
896 3665 1028 3729 Theophr.
1051 3666 1081 3714 ir.
1099 3665 1115 3716 6
1136 3661 1148 3731 ΙΙ
1171 3662 1202 3714 1⁶2
1221 3660 1467 3732 inconsutili:

99 3749 535 3819 ίπιτρίπηΕιμῆνέπελπρέπειυΕ
550 3748 757 3819 ΙΙδαυτόΒΒΕε
810 3755 922 3803 correxit
956 3768 973 3800 ο
1003 3753 1034 3802 of.
1066 3753 1137 3803 Prol.
1169 3768 1193 3816 p.
1220 3748 1269 3802 11⁸2
1302 3748 1317 3819 ΙΙ
1350 3757 1413 3804 νοεῖν
1441 3751 1468 3805 δὲ

100 3837 177 3890 αὐτόν
192 3837 266 3888 πέδιλ’
279 3840 291 3903 ,ψ
310 3837 325 3889 7
341 3837 419 3906 μονῆν
433 3840 537 3889 onan:
551 3838 625 3906 μόνον
637 3841 662 3889 Ι)
676 3841 756 3889 Bran·
808 3840 958 3891 nauem:
968 3836 994 3889 δὲ
1006 3843 1069 3889 νοεῖν
1080 3855 1097 3886 υ
1110 3834 1123 3904 ss
1134 3834 1195 3888 αότδ
1206 3840 1267 3888 DE:
1279 3836 1354 3890 αὐτόν
1365 3843 1441 3892 alani*
1454 3840 1467 3905 Ιψ

100 3929 176 3978 disii:
201 3943 243 3977 orn
262 3928 309 3976 oF.
338 3921 350 3990 1,
386 3926 401 3977 9
431 3928 576 3976 Alexandri
608 3929 757 3992 opinionem
813 3927 844 3979 13
856 3925 957 3978 usn.
976 3929 1008 3977 of.
1020 3936 1121 3991 praeter
1135 3927 1208 3976 locos
1221 3937 1376 3978 memoratos
1389 3930 1468 3993 Diog.

101 4031 180 4077 quam
199 4017 260 4066 dicit
271 4013 307 4074 S.‚
326 4014 521 4078 Theophrastus
534 4017 556 4063 si
569 4030 622 4065 nou
636 4015 758 4080 probasse
810 4016 851 4065 IX
862 4015 894 4066 19
913 4011 1044 4081 σίνμπαντά
1061 4010 1081 4062 τ’
1096 4011 1157 4063 εἶναι
1169 4015 1227 4062 νυῖνν
1239 4013 1283 4063 καὶ
1295 4012 1412 4083 φρόνησιν
1425 4015 1469 4066 καλ

99 4116 169 4153 carte
196 4103 311 4152 attulisse
330 4102 431 4150 videtur
449 4101 532 4165 [Prol.
552 4118 577 4165 p.
597 4098 668 4164 1121,
691 4101 758 4151 unde
814 4101 890 4154 ἀίδιον
908 4112 935 4153 ει
952 4104 1069 4153 Timonis
1088 4103 1118 4153 fr.
1131 4099 1166 4153 40
1176 4102 1219 4151 W.

101 4192 257 4255 Hippolytus
290 4189 390 4239 Philus.
416 4188 478 4239 142
509 4188 569 4256 φησὶ
596 4185 622 4238 δὲ
649 4188 693 4239 καὶ
718 4185 762 4239 τόν
837 4191 870 4241 14
883 4191 996 4242 Galenus
1007 4191 1145 4254 captiosius
1155 4187 1289 4251 Sabinum,
1300 4192 1343 4252 qui
1353 4190 1469 4256 sophista

99 4274 159 4329 θεὸν
183 4272 243 4325 εἶναι
266 4273 343 4326 ἀίδιον
366 4274 409 4327 καὶ
437 4273 479 4326 ίνα
505 4277 548 4327 καὶ
570 4271 655 4341 δμοιον
680 4276 761 4342 πάντη
813 4281 861 4329 fuit
878 4279 925 4328 sub
938 4278 1082 4337 Hadriano,
1102 4276 1222 4325 vellicare
1242 4276 1350 4326 videtur.
1372 4279 1470 4328 scilieet

102 4363 147 4413 καὶ
178 4362 362 4430 πεπερασμένον
395 4362 438 4413 καὶ
469 4360 611 4433 σφαιροειδῆ
641 4363 698 4414 Gai.
727 4364 761 4413 Η.
814 4375 964 4416 constare
977 4380 1010 4415 ex
1023 4374 1092 4413 terra
1106 4364 1469 4427 hominesnequaXenopha·

100 4454 164 4518 phil.
184 4451 233 4501 αῖ
257 4447 318 4499 εἶναι
341 4451 421 4500 πάντα
440 4448 466 4500 ἓν
485 4450 528 4502 καὶ
545 4454 620 4502 τοῦτο
643 4449 762 4519 ὑπάρχειν
812 4468 858 4502 nes
877 4468 960 4516 neque
973 4451 1169 4515 Theophrastus
1188 4451 1220 4500 de
1238 4451 1284 4500 ilio
1303 4453 1404 4502 loeutus
1423 4452 1469 4502 ad·

100 4536 159 4590 θεὸν
183 4538 368 4605 πεπερασμένον
387 4536 485 4605 λογικὸν
514 4537 699 4607 ἀμετάβλητον,
728 4554 761 4588 ex
813 4554 944 4590 severasse
964 4540 1077 4601 videtur,
1101 4540 1147 4588 sed
1172 4547 1242 4587 ortos
1261 4554 1294 4588 ex
1313 4549 1382 4590 terra
1400 4540 1471 4590 haud

101 4628 195 4677 eodem
217 4626 283 4676 libro
308 4627 379 4677 Sext.
403 4629 434 4677 P.
450 4625 576 4678 nli-25
600 4625 626 4676 ἓν
649 4624 710 4677 εἶναι
731 4622 760 4675 τὸ
812 4627 889 4676 dubie
913 4629 1032 4677 innuerat
1060 4627 1090 4676 oi.
1115 4626 1235 4689 Xenoph.
1255 4627 1285 4675 fr.
1306 4624 1322 4678 8
1345 4624 1375 4676 ίκ
1397 4625 1470 4694 γαίης

103 4718 153 4764 πᾶν
171 4712 214 4763 καὶ
230 4712 272 4762 τὸν
285 4711 342 4764 θεὸν
361 4715 462 4782 συμφυῆ
483 4717 534 4770 τοῖς
556 4718 637 4775 πᾶσιν,
656 4711 716 4764 εἶναι
734 4710 761 4764 δὲ
814 4713 861 4780 γὰρ
879 4713 959 4762 πάντα
978 4712 1022 4763 καὶ
1041 4711 1075 4768 είς
1086 4715 1133 4780 γῆν
1147 4712 1226 4763 πάντα
1244 4709 1347 4781 τελευτᾷ
1365 4723 1392 4764 et
1409 4713 1469 4766 fus

103 4797 246 4868 σφαιροειδῆ
271 4802 315 4851 καὶ
338 4799 423 4870 ἀπαθῆ
449 4800 493 4850 καὶ
519 4799 691 4869 ἀμετάβλητον
719 4801 763 4851 καὶ
813 4800 903 4857 πάντες
921 4799 967 4867 γὰρ
984 4797 1056 4867 γαίης
1078 4815 1105 4849 τε
1124 4798 1167 4849 καὶ
1185 4795 1274 4857 ὕδατος
1293 4797 1468 4868 ἐκγενόμεσθα.

101 4886 218 4954 λογικόν,
246 4889 300 4936 Οῖυ,
330 4891 429 4938 Lus-uli.
452 4887 485 4938 37
508 4898 542 4934 ns
575 4907 665 4939 unum
693 4905 761 4939 esse
815 4905 899 4952 neque
923 4889 1117 4952 Theophrastus
1142 4887 1205 4937 haec
1233 4903 1286 4939 non
1309 4892 1470 4948 memoravit,

102 4980 212 5026 omnia
236 4992 340 5039 neque
360 4978 390 5024 iu
414 4992 483 5024 ease
506 4979 661 5025 mutabile
680 4989 710 5026 et
733 4978 763 5025 iu
817 4979 883 5026 unde
901 4978 1007 5040 Bippol.
1026 4976 1126 5026 Philoa.
1142 4973 1197 5023 140·
1216 4984 1241 5024 et
1258 4976 1413 5028 Aenlssla

155 5089 245 5137 Diels,
270 5088 414 5137 Doxographi
432 5088 515 5136 graeci.
1226 5060 1267 5124 31
