3442 5588
237 334 243 344 ·
351 314 510 368 STOBAEI
528 316 755 369 mmmmm
773 317 872 368 LIBRI
888 316 904 368 1
920 318 1038 370 INDEX
1055 316 1281 373 RESTITUTUS
1431 318 1492 383 271

134 485 167 538 19
205 487 260 555 περ]
279 485 401 554 κινήσεως
419 481 457 550 [Κ
473 486 552 540 101).
592 486 623 539 19
636 488 674 540 Μ.
710 484 746 541 20
759 488 796 551 Η]

132 570 169 625 20
206 573 261 642 περὶ
278 572 395 641 γενέσεως
416 573 460 624 καί
479 569 574 642 φθορᾶς
592 568 699 638 [Γ9Ι).
736 572 770 624 20
782 575 820 625 Μ.
856 573 939 642 2111]

131 657 166 712 21
203 660 259 730 περὶ
276 658 372 727 κόσμου
390 659 433 711 καί
451 659 472 712 εί
491 658 605 731 ίμψοχος
622 660 666 711 καὶ
684 659 786 730 προνοίᾳ
804 657 970 729 διοικοίυμενος
982 663 1026 715 καὶ
1038 665 1087 714 ποῦ
1105 661 1157 733 ίχει
1175 663 1204 717 τό
1222 664 1369 735 ήγεμανικόν
1388 666 1431 718 καί
1449 665 1494 718 πό·

275 742 452 815 οεντρίφεταε
469 741 506 810 [Κ
522 746 599 800 131).
636 745 667 800 21
684 750 721 799 Μ.
758 746 791 799 22
805 748 842 812 Η]

134 834 169 886 22
206 836 261 903 περί
277 830 372 893 τάξεως
389 836 435 885 τοῦ
452 832 556 902 κόσμου.
580 832 601 884 εί
622 832 649 884 ἓν
666 832 696 885 τὸ
713 838 770 885 πᾶν.
798 833 847 886 άπὸ
869 838 940 887 ποίου
962 835 1064 905 πρώτου
1086 836 1208 905 στοιχείου
1227 835 1319 907 ήρξατο
1337 846 1495 908 κοσμοποιεῖν

276 920 290 972 δ
308 917 372 977 οεός.
391 919 428 978 τίς
445 920 461 989 ή
481 920 547 973 αίτία
565 923 610 972 τοῦ
627 921 670 971 τὸν
687 918 782 988 κόσμον
800 918 952 990 ίγκλιίλῆναι.
980 921 1001 973 εί
1017 921 1069 974 ἔστι
1081 921 1152 974 κενόν
1166 923 1238 982 ἐκτός
1256 929 1300 976 τοῦ
1318 925 1422 994 κόσμου.
1440 926 1495 978 τίνα

277 1006 343 1067 δεξιά
360 1010 405 1059 τοῦ
423 1007 519 1076 κόσμου
538 1009 581 1060 καὶ
599 1007 654 1059 τίνα
673 1006 786 1076 ἀριστερά
808 1001 940 1071 [11141).
977 1008 1010 1061 22
1023 1013 1060 1063 Μ.
1097 1008 1131 1062 23
1145 1011 1183 1076 H]

136 1096 171 1150 23
207 1096 325 1164 περὶτῆς
344 1094 450 1165 οὐρανοῦ
469 1093 615 1154 οίυσίαςκαλ
634 1093 774 1163 διαιρίσιως
792 1088 918 1158 [0151).
955 1095 989 1148 23
1002 1100 1039 1149 Μ.
1076 1097 1110 1151 24
1124 1103 1161 1166 Η]

135 1183 170 1235 24
205 1183 261 1250 περὶ
279 1181 362 1240 οίυσίας
380 1183 479 1253 ἄστρων
496 1184 540 1235 καὶ
559 1183 697 1252 σχημάτων
715 1179 838 1250 κινήσεώς
853 1200 880 1234 τε
898 1184 942 1235 καί
960 1183 1123 1254 ἐπισημασίας
1141 1186 1175 1251 [Α
1194 1190 1265 1243 861)
1312 1189 1345 1241 24
1360 1192 1396 1240 Μ.
1410 1188 1444 1242 25
1457 1190 1495 1253 Η]

135 1270 170 1323 25
205 1270 260 1340 περὶ
279 1269 362 1330 ωὐσίας
380 1270 451 1340 ήλίου
469 1270 513 1322 καὶ
530 1266 650 1339 μεγέθους
668 1267 797 1339 σχήματός
820 1287 847 1321 τε
866 1271 909 1322 καὶ
927 1276 1027 1340 τροπῶν
1045 1273 1088 1324 κα]
1108 1273 1242 1343 ίκλείψ.·ως
1260 1276 1304 1327 καί
1322 1275 1432 1345 σημείων
1450 1276 1494 1328 καί

276 1358 398 1426 κινήσεως
416 1354 528 1422 [1121).
565 1357 600 1410 25
613 1361 650 1410 Μ.
687 1356 771 1421 2611]

136 1445 170 1499 26
206 1447 261 1512 περί
278 1443 383 1515 σελήνης
401 1443 485 1503 οίυσίας
502 1441 622 1513 μεγίίλους
640 1444 683 1495 καὶ
701 1442 831 1512 σχήματος
848 1451 987 1512 φωτισμῶν
1008 1465 1036 1499 τε
1058 1447 1102 1499 καὶ
1124 1448 1178 1516 περὶ
1198 1446 1333 1516 ἐκλείψεως
1351 1449 1394 1500 καί
1413 1448 1493 1518 ἐμφά-

277 1547 340 1589 σεως
358 1534 401 1585 καί
419 1534 474 1602 περ]
492 1532 677 1601 ἀποστημάτων
695 1531 739 1583 καί
756 1530 866 1600 σημείων
889 1531 935 1595 [26
949 1535 986 1585 Μ.
1023 1532 1057 1585 27
1071 1534 1107 1598 Η]

138 1620 170 1673 27
206 1621 261 1689 περὶ
279 1618 405 1688 γάλακτος
422 1615 529 1685 [ΓΘΗ.
567 1618 600 1671 27
614 1621 651 1671 Μ.
688 1617 772 1684 23Η]

137 1707 171 1759 23
206 1709 261 1776 περὶ
278 1712 400 1777 κομητῶν
418 1709 462 1759 καί
480 1705 629 1775 διᾳττόντων
647 1705 691 1757 καὶ
708 1710 760 1757 τῶν
777 1701 898 1757 τοιοώτων
920 1701 957 1770 [Κ
974 1706 1052 1760 151).
1088 1706 1122 1760 28
1136 1710 1173 1759 Μ.
1209 1707 1243 1761 29
1256 1709 1294 1773 Η]

137 1794 171 1848 29
205 1796 261 1864 περὶ
280 1794 390 1864 βροντῶν
409 1793 543 1862 ἀστραπῶν
560 1798 688 1862 κεραυνῶν
705 1791 856 1862 πρηστήρων
874 1792 999 1862 τυφώνων
1022 1789 1057 1859 [Β
1072 1794 1150 1848 161).
1187 1793 1220 1847 29
1230 1796 1268 1846 Μ.
1304 1794 1339 1848 30
1352 1798 1389 1861 Η]

138 1882 171 1935 30
207 1884 262 1951 περὶ
280 1881 354 1951 ἴριδος
372 1881 427 1949 περὶ
446 1879 501 1932 ἅλω
519 1882 563 1932 καί
580 1879 702 1951 παρηλίου
720 1879 765 1931 καὶ
783 1878 883 1949 ῥάβδων
901 1877 999 1945 [171).
1036 1879 1071 1933 30
1084 1883 1121 1932 Μ.
1158 1880 1191 1933 31
1206 1882 1240 1946 Η]

137 1970 169 2023 31
206 1973 261 2040 περὶ
278 1976 361 2039 νεφῶν
378 1967 485 2038 ὁμίχλης
503 1965 583 2020 ὑετῶν
601 1966 688 2036 δρόσου
707 1966 788 2037 χιόνος
805 1968 903 2036 πάχνης
921 1966 1031 2037 χαλάζης
1050 1963 1087 2032 [Ν
1100 1970 1116 2022 6
1130 1970 1163 2019 D.
1200 1967 1232 2020 31
1248 1970 1285 2020 Μ.
1322 1968 1355 2022 32
1370 1969 1406 2033 Η]

138 2058 171 2111 32
207 2058 262 2126 περὶ
280 2057 381 2124 άνίμων
399 2051 434 2119 [Α
448 2053 528 2108 521).
565 2052 599 2106 32
612 2056 649 2105 Μ.
686 2052 771 2119 3311]

137 2145 169 2197 33
206 2145 260 2211 περὶ
278 2147 324 2212 γῆς
342 2143 362 2194 εί
380 2141 425 2209 μία
443 2142 486 2192 καί
505 2140 676 2210 πεπερασμίνη
695 2141 739 2192 καὶ
757 2139 828 2193 ποίου
846 2139 965 2209 μεγέθους
983 2143 1026 2195 καὶ
1044 2144 1099 2211 περὶ
1118 2140 1212 2201 θέσεως
1231 2141 1309 2212 αίυτῆς

138 2232 171 2284 34
207 2232 263 2300 περί
281 2229 411 2299 σχήματος
428 2231 473 2297 γῆς
490 2224 523 2293 [Γ
539 2228 617 2281 171).
653 2225 738 2293 3711]
1135 2224 1168 2292 [Γ
1184 2231 1261 2282 161).
1298 2229 1340 2282 34.
1354 2228 1397 2283 35.
1410 2229 1444 2284 30
1458 2229 1495 2294 Η]

138 2319 171 2372 35
207 2318 298 2387 πότερα
317 2318 385 2385 μίνει
402 2316 419 2385 ή
437 2319 469 2385 γῆ
489 2315 505 2383 ή
524 2321 625 2367 κινεῖται
643 2310 676 2378 [Γ
690 2315 770 2369 181).
806 2315 891 2381 3811]

136 2406 169 2461 36
205 2406 260 2475 περὶ
279 2410 386 2471 σεισμῶν
403 2407 449 2471 γῆς
466 2397 499 2467 [Γ
514 2403 593 2455 191).
630 2402 673 2466 32,
683 2402 708 2454 2.
727 2402 761 2455 33
774 2405 811 2455 Μ.
848 2402 882 2456 39
897 2402 933 2466 Η]

137 2494 168 2547 37
206 2494 261 2562 περὶ
278 2490 405 2560 οαλάττης
423 2494 477 2548 πῶς
496 2490 598 2559 συνίστη
617 2491 661 2542 καί
679 2495 735 2548 πῶς
753 2489 804 2542 ἐστι
823 2490 900 2559 πικρά
917 2484 953 2553 [Θ
966 2488 980 2540 1
994 2490 1029 2540 D.
1059 2489 1094 2542 40
1108 2490 1144 2554 Η]

136 2581 170 2633 33
205 2585 261 2637 πῶς
278 2578 394 2646 ἄμπωτις
411 2578 456 2629 καί
473 2575 620 2647 πλήμμυραι
638 2576 744 2646 γίνονται
762 2573 798 2642 [Α
811 2576 892 2629 381).
929 2574 973 2639 33,
987 2573 1012 2628 2.
1025 2574 1041 2627 3
1054 2578 1092 2627 Μ.
1128 2576 1161 2628 41
1177 2577 1214 2641 Η]

136 2668 169 2721 39
206 2668 260 2736 περὶ
279 2665 377 2718 Ιὐδάτων
395 2663 480 2731 [34,1
498 2667 534 2716 Μ.
571 2663 689 2731 42,1Η]

134 2756 168 2807 40
204 2755 259 2821 περὶ
278 2756 322 2805 τοῦ
342 2750 431 2810 παντός
449 2749 583 2815 [34,2Μ.
620 2750 812 2817 42,2(44)11]

135 2842 168 2893 41
206 2841 261 2909 περ]
279 2838 377 2908 φίυσεως
394 2838 507 2890 καὶτῶν
525 2834 551 2897 ἐξ
569 2836 648 2906 αὐτῆς
665 2838 850 2908 συμβαινόντων
869 2838 955 2891 αίτίων
973 2837 1071 2903 [35Μ.
1107 2835 1141 2890 43
1156 2837 1193 2902 Η]

135 2927 169 2980 42
205 2927 261 2995 περὶ
278 2930 324 2995 της
342 2926 459 2993 γενέσεως
476 2928 529 2975 τῶν
547 2924 627 2993 ζῴων.
655 2927 710 2997 περὶ
728 2925 884 2995 συλλήψεως.
911 2926 967 2995 περὶ
984 2929 1029 2977 τοῦ
1048 2924 1069 2977 εί
1081 2929 1155 2992 σῶμα
1168 2922 1197 2975 τό
1209 2923 1314 2992 σπέρμα.
1327 2922 1348 2974 εί
1360 2924 1404 2975 καί
1416 2920 1496 2990 θήλεα

276 3013 400 3083 προίενται
421 3011 453 3062 τά
476 3010 614 3080 σπίρματα.
642 3012 667 3064 ἐν
685 3013 755 3082 πόσῳ
773 3013 856 3084 χρόνῳ
875 3010 1033 3083 διαρθροῶται
1056 3010 1085 3063 τό
1103 3009 1218 3080 ἔμβρυον.
1237 3009 1286 3062 άπὸ
1304 3008 1376 3060 ποίου
1394 3007 1496 3077 ἄρχεται

275 3099 361 3169 μορίου
380 3094 536 3167 μορφοῦσθαι
553 3097 582 3150 τὸ
601 3097 716 3169 ίμβρυον.
743 3107 798 3159 πῶς
816 3100 906 3170 ἄρρενα
918 3105 1030 3170 γεννᾶται
1043 3098 1086 3150 καὶ
1098 3093 1187 3166 οήλια.
1215 3102 1269 3154 πῶς
1287 3096 1378 3165 τίρατα
1397 3093 1496 3162 γίνεται.

274 3185 351 3240 πό3εν
368 3185 474 3254 γίνονται
492 3191 544 3236 τῶν
561 3187 653 3253 γονέων
672 3187 697 3239 α1
715 3185 845 3257 όμοιώσεις
857 3186 874 3256 ἦ
886 3191 937 3240 τῶν
956 3187 1091 3258 προγόνων.
1118 3168 1173 3242 πῶς
1191 3182 1274 3240 άλλοις
1293 3179 1372 3250 ὅμοιοι
1390 3180 1496 3250 γίνονται

276 3274 298 3326 ο1
316 3271 463 3341 γεννώμενοι
481 3274 525 3325 καὶ
543 3271 573 3325 ob
590 3279 641 3332 τοῖς
659 3278 762 3344 γονεῦσι.
789 3272 829 3327 διά
851 3274 875 3326 τί
897 3274 1016 3335 πολλάκις
1038 3274 1100 3344 γυνὴ
1123 3269 1313 3330 συνουσιάζουσα
1335 3266 1365 3319 οίυ
1388 3266 1496 3335 συλλαμ-

274 3361 348 3430 βάνει.
376 3361 431 3429 περὶ
453 3365 556 3429 στειρῶν
579 3368 704 3429 γυναικῶν
726 3363 770 3414 καὶ
793 3360 897 3431 ἀνδρῶν.
925 3362 965 3416 διὰ
987 3364 1011 3415 τί
1034 3362 1059 3414 α1
1081 3359 1180 3429 ήμίονοι
1203 3362 1303 3425 στεῖραι.
1329 3361 1385 3412 πῶς
1407 3353 1496 3423 δίδυμα

276 3450 366 3517 γίνεται
384 3449 428 3500 καί
446 3446 558 3516 τρίδυμα.
576 3447 597 3499 εί
615 3447 644 3501 τὸ
662 3446 770 3519 ἔμβρυον
782 3449 854 3519 ζῷον.
881 3455 936 3509 πῶς
954 3451 1069 3519 τρέφεται
1088 3448 1119 3499 τά
1137 3445 1242 3515 ίμβρυα.
1269 3444 1293 3496 τί
1311 3447 1411 3511 πρῶτον
1429 3438 1496 3492 τελε-

276 3541 420 3606 σιουργεῖται
442 3535 468 3586 ίν
490 3535 522 3604 τη]
545 3534 639 3603 γαστρί.
667 3533 706 3587 διὰ
728 3537 752 3588 τί
774 3538 805 3589 τά
828 3538 993 3608 ἑπταμηνιαῖα
1015 3534 1112 3604 γόνιμα.
1139 3533 1195 3601 περὶ
1213 3530 1288 3601 ζῴων
1305 3530 1423 3598 γενίσεως
1441 3532 1497 3585 πῶς

276 3624 387 3691 ίγένοντο
406 3621 458 3691 ζῷα
475 3622 519 3673 καί
537 3621 558 3673 εί
577 3619 676 3691 φθαρτά
695 3618 728 3686 [Γ
744 3623 775 3677 10
787 3627 822 3676 D.
859 3623 893 3679 36
907 3627 944 3677 Μ.
980 3621 1064 3690 4511]

133 3714 166 3766 43
202 3712 267 3765 πόσα
288 3711 346 3779 γένη
365 3709 438 3778 ζώων
461 3710 505 3760 καὶ
527 3709 548 3760 εί
570 3710 650 3760 πάντα
673 3707 761 3777 λογικά
783 3712 827 3763 καὶ
850 3709 965 3781 αίσίλητά.
993 3710 1019 3762 ἐν
1041 3707 1111 3778 πόσῳ
1130 3705 1213 3776 χρόνῳ
1232 3707 1372 3774 μορφοῦται
1392 3703 1423 3755 τά
1442 3702 1494 3772 ζῷα

276 3800 301 3850 ἐν
319 3798 405 3865 γαστρὶ
423 3794 490 3848 όντα.
518 3796 548 3848 ίκ
566 3795 645 3847 ποίων
663 3796 793 3866 στοιχείων
811 3796 916 3850 ἕκαστον
935 3797 1075 3849 συνίσταται
1087 3799 1139 3846 τῶν
1158 3792 1183 3844 ἐν
1201 3792 1261 3862 ήμῑν
1279 3796 1384 3859 γενικῶν
1403 3794 1496 3859 μερῶν.

275 3885 335 3937 πότε
352 3884 456 3953 ἄρχεται
473 3881 605 3953 ἄνθρωπος
623 3885 669 3952 τῆς
687 3882 840 3955 τελειότητος
859 3881 892 3949 [Γ
908 3886 937 3937 11
952 3888 985 3938 D.
1022 3883 1055 3936 37
1070 3886 1107 3935 Μ.
1143 3882 1178 3934 46
1192 3879 1227 3947 Η]

134 3978 169 4030 44
205 3975 261 4044 περί
278 3971 355 4025 ὕπνου
373 3973 417 4025 καί
435 3969 544 4023 θανάτου
563 3970 609 4035 [47
622 3973 660 4036 Η]

134 4063 168 4117 45
205 4067 259 4120 πῶς
277 4059 377 4131 ηίυξήίλη
396 4060 427 4111 τά
446 4059 512 4128 φυτὰ
529 4059 572 4109 καί
590 4057 611 4109 εί
629 4056 682 4126 ζῷα
700 4056 747 4121 [38
759 4060 797 4110 Μ.
833 4056 868 4110 48
881 4057 918 4121 Η]

135 4152 169 4204 46
206 4150 261 4218 περ]
278 4152 373 4217 τροφῆς
391 4149 434 4199 καί
452 4144 557 4215 όρίξιως
575 4150 627 4197 τῶν
645 4144 718 4214 ζῴων
736 4144 783 4208 [49
796 4145 833 4209 Η]

134 4238 169 4289 47
206 4237 261 4305 περ]
279 4232 377 4303 φόσεως
395 4229 538 4302 ἀνθρώπων
556 4232 600 4298 [39
613 4233 649 4284 Μ.
686 4230 720 4284 50
733 4231 769 4295 Η]

134 4324 169 4375 43
204 4323 260 4392 περὶ
279 4325 322 4374 νοῦ
348 4322 395 4386 [40
409 4324 446 4374 Μ.
483 4320 568 4384 5111]

134 4411 169 4463 49
205 4411 260 4479 περὶ
283 4410 369 4479 ψυχῆς
386 4409 431 4474 [41
447 4411 484 4460 Μ.
522 4405 556 4460 52
570 4406 608 4470 Η]

134 4497 168 4550 50
204 4499 259 4567 περ]
277 4495 417 4566 αίσ3ήσεως
434 4497 478 4547 καὶ
496 4491 626 4563 αίσίλητῶν
644 4493 687 4544 καὶ
706 4492 726 4544 εί
744 4486 845 4560 ἀληθείς
864 4488 889 4541 αἱ
907 4486 1033 4559 αίσοήσεις
1050 4487 1086 4553 [Α
1099 4489 1132 4543 27
1146 4493 1180 4544 D.
1217 4489 1251 4541 42
1265 4492 1302 4540 Μ.
1339 4487 1373 4541 53
1388 4487 1423 4551 Η]

131 4583 165 4636 51
202 4585 275 4636 πόσαι
293 4584 351 4637 είσίν
370 4584 395 4635 α1
413 4581 538 4651 αίσβήσεις
556 4581 599 4631 καὶ
617 4580 689 4638 ποίας
707 4577 790 4636 σὐσίας
808 4578 852 4630 καί
870 4576 989 4646 ἐνεργείας
1007 4577 1101 4646 ἑκάστη
1121 4574 1156 4641 [Α
1169 4576 1249 4628 281).
1279 4576 1365 4628 4311.
1403 4574 1438 4627 54
1452 4574 1493 4639 Η]

134 4671 167 4723 52
204 4673 258 4740 περὶ
276 4670 386 4740 ὁράσεως
404 4673 447 4722 καὶ
465 4672 642 4737 κατοπτρικῶν
660 4667 793 4736 ἐμφάσεων
816 4662 850 4728 [11
865 4665 944 4717 141).
982 4666 1016 4717 44
1029 4669 1066 4718 Μ.
1103 4664 1137 4718 55
1153 4666 1190 4729 Η]

134 4757 168 4810 53
204 4760 259 4828 περὶ
277 4758 358 4827 άκοῆς
377 4756 412 4823 [Α
425 4757 459 4810 30
473 4759 506 4808 D.
542 4755 586 4818 45,
601 4753 707 4806 Lm.
745 4750 910 4816 56,1.211]

134 4844 168 4895 54
205 4845 259 4914 περὶ
277 4843 423 4916 ὀσφρήσεως
441 4841 475 4909 [11
492 4844 570 4897 161).
607 4841 731 4904 45,3Μ.
769 4838 893 4903 56311]
