3442 5588
583 326 685 375 reru
704 327 806 376 Ρικσ.
819 328 846 377 11
864 325 894 377 rs
907 335 990 375 ls-ls
1008 326 1065 379 ιιι
1445 327 1507 390 343

269 391 1286 483 recesserimus&
1298 432 1312 481 1
1327 428 1384 482 ιιι

810 579 843 632 13
891 565 1137 654 Ἀριστοτέλης
1178 570 1212 632 έκ
1248 573 1299 632 τοῦ
1333 569 1465 651 πέμπτου

853 672 988 751 σώματος
1010 671 1182 756 γεγενῆσθαι
1204 672 1240 734 τά
1263 670 1364 755 ἄστρα.

229 770 432 855 Ξενοφάνης
459 772 493 835 ἐκ
521 773 616 855 νεφῶν
640 772 691 853 μέν
714 794 800 834 πεπυ·
814 780 846 832 14
898 770 1101 857 Ξενοφάνης
1129 773 1162 836 ἐκ
1185 778 1280 859 νεφῶν
1303 775 1355 857 μέν
1377 797 1465 837 πεπυ·
1517 790 1534 815 ⁰

186 873 335 956 ρωμένων·
362 873 567 958 σβεννυμένους
588 874 622 937 δέ
643 870 709 936 καθΙ
737 873 801 937 ἐκά-
852 874 1001 956 φωμένων·
1025 876 1230 960 σβεννυμένους
1253 875 1371 940 δὲκαθ’
1400 877 1464 939 έκά·

186 997 255 1059 στην
275 976 387 1060 ἡμέραν
408 976 606 1061 ἀναζωπυρεῖν
625 976 737 1060 νύκτωρ
752 999 801 1040 κα-
851 995 921 1060 στην
943 977 1055 1062 ἡμέραν
1075 980 1273 1062 ἀναζωπυρεῖν
1288 980 1400 1063 νύκτωρ
1415 1003 1463 1042 κα·
1487 999 1499 1036 ι

187 1079 281 1162 θάπερ
303 1079 370 1147 τοὺς
392 1075 557 1163 ἄνθρακας·
580 1079 630 1148 τὰς
658 1079 712 1162 γάρ
734 1079 800 1141 ἀνα·
851 1077 946 1162 θάπερ
968 1080 1035 1149 τοὺς
1056 1080 1213 1164 ἄνθρακας.
1248 1083 1299 1152 τὰς
1321 1082 1375 1166 γάρ
1398 1084 1463 1145 ἀνα-

163 1180 273 1249 ιτοίιάς
305 1181 355 1244 καί
384 1181 435 1250 τάς
465 1181 559 1251 δόσεις
590 1180 702 1266 ἐξάψεις
728 1179 800 1243 εἰναι
849 1179 936 1249 τοίιάς
968 1183 1017 1245 καὶ
1044 1183 1095 1251 τάς
1125 1183 1220 1254 δόσεις
1247 1183 1360 1269 ἐξάψεις
1389 1183 1461 1248 εἶναι

185 1282 233 1346 καί
257 1282 379 1366 σβέσεις.
852 1283 899 1344 καί
922 1283 1043 1368 σβέσεις.

223 1383 450 1469 Ἡρακλείδης
487 1385 535 1449 καί
572 1387 600 1448 οί
638 1384 841 1468 Πυθαγόιὸ
888 1381 1117 1469 Ἡρακλείδης
1153 1387 1200 1449 καί
1237 1389 1264 1449 οἱ
1302 1387 1461 1470 Πυθαγό-

184 1511 274 1571 ρειοι
302 1488 423 1553 ἕκαστον
445 1491 504 1553 τῶν
527 1487 657 1572 ἀστέρων
687 1487 796 1569 κόσμον
849 1508 934 1568 ρειοι
962 1486 1083 1551 ἕκαστον
1112 1492 1170 1550 τῶν
1198 1487 1328 1573 ἀστέρων
1351 1491 1459 1572 κόσμον
1472 1509 1496 1547 10

185 1591 324 1676 ὑπάρχειν
345 1595 399 1674 γῆν
419 1590 592 1676 περιέχοντα
614 1590 687 1674 ἀέρα
701 1613 733 1653 τε
748 1590 796 1653 καί
848 1587 988 1674 ὑπάρχειν
1016 1595 1069 1675 γῆν
1096 1590 1268 1677 περιέχοντα
1289 1589 1364 1674 (καὶ)
1386 1591 1460 1675 ἀέρα

148 1713 172 1750 10
184 1693 289 1777 αἰθέρα
311 1693 341 1756 ἐν
362 1697 405 1776 τῷ
429 1692 541 1777 ἀπείρῳ
562 1691 669 1776 αἰθέρι.
705 1696 796 1757 ταῦτα
848 1689 943 1775 ἐντῷ
971 1691 1083 1777 ἀπείρῳ
1104 1691 1211 1776 αἰθέρι.
1253 1697 1343 1756 ταῦτα
1366 1694 1398 1756 δέ
1423 1693 1459 1756 τά

183 1796 215 1859 δὲ
236 1797 273 1859 τὰ
294 1796 424 1879 δόγματα
445 1795 476 1858 ἐν
503 1797 563 1865 τοῖς
582 1792 725 1879 Ὀρφικοῖς
746 1794 795 1879 φέ-
848 1793 978 1875 δόγματα
1004 1795 1034 1859 έν
1056 1798 1116 1864 τοῖς
1134 1791 1279 1879 Ὀρφικοῖς
1304 1794 1457 1879 φέρεσθαι·

183 1921 273 1983 ρεται·
297 1902 505 1980 κοσμοποιοῦσι
524 1898 578 1982 γάρ
594 1896 715 1961 ἕκαστον
737 1902 795 1960 τῶν
848 1901 1056 1979 κοσμοποιοῦσι
1078 1898 1132 1981 γὰρ
1155 1896 1276 1961 ἕκαστον
1299 1901 1357 1960 τῶν
1376 1898 1457 1962 ἀστέ-

184 2001 324 2086 ἀστέρων.
848 2021 917 2081 ρων.

216 2100 514 2188 Ἐπίκουροςοίδέν
526 2101 719 2184 ἀπογινώσκει
730 2099 792 2164 cci
806 2112 836 2166 16
884 2097 1087 2187 Ἐπίκουρος
1135 2100 1219 2166 οὐδὲν
1265 2103 1456 2185 ἀπογινώσκει
1470 2123 1493 2160 rs

146 2226 169 2264 ιτ
181 2230 238 2269 των
260 2205 400 2291 ἐχόμενος
422 2208 474 2268 τοῦ
495 2203 696 2288 ἐνδεχομένου.
843 2202 952 2267 τούτων
976 2204 1116 2291 ἐχόμενος
1139 2208 1190 2268 τοῦ
1212 2204 1413 2291 ἐνδεχομένου.

138 2447 173 2526 ι-δ.
202 2462 288 2547 Περὶ
305 2465 498 2548 σχημάτων
518 2461 686 2545 ἀστέρων.
711 2465 792 2522 056⁴
1014 2461 1096 2546 [ispi
1120 2464 1321 2546 σχημάτων.

180 2570 202 2617 Ε
329 2579 388 2616 1-3

218 2567 423 2718 {giemo}
443 2652 610 2738 σφαιρικοὺς
625 2651 693 2721 τοὺς
707 2651 788 2716 ἀστέ·
811 2669 822 2718 1
885 2648 922 2714 Οἱ
946 2651 999 2733 μέν
1021 2651 1103 2715 ἄλλοι
1126 2653 1294 2736 σφαιρικοὺς
1317 2652 1432 2721 αὐτούς.

171 2878 250 2945 Ιμίν
268 2880 305 2930 E:
325 2899 376 2932 om.
392 2880 519 2942 G(A)BO
544 2876 558 2945 11
583 2877 600 2930 3
622 2877 791 2948 ἀναζωπυρεῖν
878 2876 908 2928 11
930 2875 973 2927 καὶ
990 2877 1093 2939 addidi3
1111 2875 1173 2946 ἀέρα
1193 2895 1221 2930 τε
1240 2882 1307 2930 coni.
1321 2882 1432 2941 Hceren,
1451 2881 1496 2930 sed

135 2968 264 3030 smne:
282 2965 496 3037 ἀναζωπυριῖσθαι
514 2970 537 3022 G
552 2971 583 3018 ci.
596 2967 755 3019 Theodoret.
776 2964 789 3036 Η
841 2966 871 3016 ci.
889 2965 923 3014 sd
943 2965 1011 3015 Plut.

134 3055 149 3106 7
178 3053 328 3124 ἡρακλείδης
349 3057 458 3119 (A)BC:
484 3051 648 3123 Ἡρακλείδης
674 3052 701 3105 δέ
728 3056 789 3108 EG:
878 3050 910 3103 16
929 3052 1029 3101 titulum
1048 3069 1081 3103 ex
1100 3056 1215 3116 generali
1235 3072 1256 3104 c.
1270 3051 1304 3105 24
1323 3057 1438 3120 excerpsi

129 3137 290 3209 Ἡράκλειτος
304 3161 336 3195 ex
350 3145 407 3196 cod.
421 3147 565 3196 Petaviano
578 3143 643 3193 salso
657 3152 789 3207 receperat
879 3133 999 3188 17011101
1021 3134 1131 3189 Στωικοὶ
1156 3158 1188 3190 cx
1213 3143 1282 3192 Plut.
1304 3145 1405 3207 scripsit
1427 3145 1494 3194 Hee-

131 3230 202 3280 Beck
233 3225 246 3297 11
276 3230 291 3282 9
318 3227 437 3299 ῖιπάρχειν
459 3231 543 3300 γήινον
567 3233 635 3280 coni.
658 3230 744 3281 Rocth
772 3225 786 3296 Η
839 3242 884 3275 ren
906 3221 918 3289 Η
939 3221 1029 3282 αὐτοὺς
1048 3226 1081 3275 C:
1100 3224 1197 3283 τοδςβ

131 3319 177 3384 γῆν
196 3333 247 3368 om.
261 3315 365 3382 E[oe1]
385 3315 398 3385 ίΙ
419 3315 480 3386 ἀέρα
497 3334 524 3369 τε
542 3315 585 3368 καὶ
604 3313 692 3385 αἰθέρα
709 3314 735 3366 ἰν
750 3321 787 3385 τῷ

131 3402 225 3472 ἀπείρῳ
244 3401 324 3473 αἰθέρι
342 3406 448 3469 (A)BC:
467 3405 528 3474 ἀέρα
546 3422 573 3456 τε
592 3403 635 3455 καὶ
654 3400 743 3471 αἰθέρα
762 3401 788 3454 έν

130 3490 168 3560 τῳ
189 3489 298 3559 ἀπείρῳῖ
324 3495 360 3543 E:
389 3493 432 3543 καί
460 3490 547 3561 αἰθέρα
576 3490 601 3543 έν
628 3491 665 3559 τῳ
693 3489 786 3559 ἀπείρῳ

130 3577 183 3647 ἀέρι
207 3580 238 3631 G.
262 3578 306 3630 καί
328 3575 417 3648 αἰθέρα
440 3583 537 3630 veriam
560 3582 696 3630 lectionem
719 3579 785 3629 duco

130 3683 222 3717 vocum
235 3666 296 3735 ἀέρα
308 3683 343 3718 τε.
365 3683 424 3718 nem
437 3668 529 3719 Aetius
543 3669 644 3717 videtur
655 3668 786 3732 scripsisse

128 3755 173 3805 καὶ
185 3753 246 3822 ἀέρα
258 3752 284 3805 έν
296 3772 333 3823 τῳ
321 3753 433 3823 απείρ
419 3774 440 3805 ω
456 3751 537 3822 αἰθέρι
556 3757 588 3805 cf
606 3755 738 3805 Theodor.
751 3780 784 3789 -
1002 3805 1040 3810 ,.,
1046 3805 1120 3810 ,-,-
1132 3805 1229 3811 „-

1233 3805 1287 3810 .—.
1293 3805 1367 3811 ---..-
1384 3806 1437 3812 -----
1446 3806 1488 3813 -.

129 3860 186 3893 cum
206 3845 327 3894 extremis
341 3840 368 3893 έν
385 3846 422 3910 τῷ
435 3840 528 3909 ἀπείρῳ
541 3836 622 3909 αἰθέρι
640 3845 671 3893 οῖ.
687 3843 715 3892 11
728 3839 785 3893 157
838 3873 1005 3925 ALIORUM
1024 3874 1075 3923 Ex
1093 3874 1206 3925 Assio
1226 3873 1422 3923 EXCERPTA

128 3924 783 3999 έντραίθέρι1111δ.ἐοιυΕίῖέμφέρεταιΕἰΙ
874 3975 906 4027 13
925 3971 1158 4033 Theodoram
1177 3972 1304 4043 ὀδέχηχ
1312 3974 1493 4044 ptumam

131 4016 163 4069 ¹3
182 4015 346 4085 immo
363 4016 588 4081 om.GE[081¹⁶].
607 4018 786 4082 mmmm
836 4065 881 4113 τοῦ
900 4063 1014 4130 πέμπτου
1032 4061 1149 4131 σώματος
1168 4061 1251 4131 είρηκε
1270 4066 1399 4128 συγγενεῖς.

128 4115 182 4157 tum
195 4106 354 4158 referendum
369 4107 402 4155 ad
415 4101 539 4173 Ὀρφικοῖς
561 4102 572 4171 11
597 4102 627 4157 16
647 4102 785 4171 σχημάτων
873 4151 905 4201 14
924 4147 1000 4206 mom
1013 4152 1051 4201 pv
1072 4151 1102 4203 γρ
1122 4146 1298 4219 Ξενοφάνης
1317 4147 1343 4199 δὲ
1362 4150 1391 4200 ἐκ
1410 4156 1493 4219 νεφῶν

128 4193 301 4257 ΕωθέΑΒῖ
315 4190 480 4260 σχήματοςο
837 4236 882 4303 μὲν
900 4234 964 4304 λέγει
987 4240 1174 4307 πεπυρωμένων
1196 4233 1365 4297 ξυνίστασθαι·
1394 4237 1491 4306 σβεννυ-

837 4323 925 4390 μένους
944 4321 970 4374 δέ
988 4322 1047 4391 μεθ’
1068 4324 1163 4394 ἡμέραν
1185 4321 1285 4392 νόκτιυρ
1305 4323 1377 4375 πάλιν
1396 4325 1491 4386 ἀναζω-

128 4389 358 4440 TESTIMONIA
376 4388 587 4439 PLUTARCffl
837 4406 966 4479 παρεῖσθαι
984 4408 1098 4480 καθάπερ
1116 4411 1174 4469 τοὺς
1192 4408 1327 4479 ἄνθρακας.

157 4488 191 4543 13
206 4492 238 4543 14
251 4488 353 4547 sehin.
365 4494 412 4543 1ο.
426 4486 601 4561 Ξενοφάνης
615 4490 641 4543 δέ
654 4490 718 4560 λέγει
729 4492 787 4549 τοὺς
874 4497 906 4549 15
925 4495 1000 4554 Iden
1016 4502 1055 4549 1v
1068 4498 1101 4550 20
1114 4494 1314 4568 Ἡρακλείδης
1326 4498 1351 4551 δὲ
1366 4501 1409 4552 καὶ
1422 4499 1492 4551 ἄλλοι

128 4579 232 4646 ἀστέρας
260 4579 289 4630 έκ
317 4582 400 4647 νεφῶν
427 4580 568 4631 συνεστάναι
597 4577 715 4648 έμιιέιριυν
741 4581 786 4631 καί
836 4589 889 4634 τῶν
902 4580 1120 4653 Πυθαγορείων
1130 4585 1193 4644 τινίς
1206 4585 1310 4638 ἕκαστον
1319 4605 1371 4638 των
1381 4586 1491 4655 ἀστέρων

128 4662 274 4732 σβέννυσθαι
297 4667 340 4717 καί
363 4664 513 4719 ἀνάπτεσθαι
536 4666 625 4718 ὡσανεὶ
649 4665 784 4736 ἄνθρακας.
836 4669 962 4737 κόσμον
954 4672 1073 4742 υπάρχειν
1100 4673 1173 4741 φασί,
1200 4692 1247 4744 γην
1274 4676 1420 4757 περιέχοντα
1447 4676 1491 4725 καί

127 4752 171 4802 καὶ
195 4748 236 4804 ότε
259 4753 304 4820 μέν
327 4752 447 4805 ἀπτονται
469 4754 604 4822 φαντασίας
627 4754 693 4823 ημᾶς
720 4753 785 4824 ἔχειν
837 4756 905 4825 ἀέρα.

128 4838 259 4908 ἀνατολῆς,
278 4838 318 4892 ἀπε
337 4838 374 4892 δέ·
381 4840 509 4908 σβέννυται
528 4839 628 4900 δόσεως.
870 4839 938 4896 141
961 4832 1037 4902 ldeh
1059 4850 1076 4899 1.
1094 4866 1115 4900 ο.
1139 4849 1183 4902 καὶ
1209 4849 1232 4900 οἰ
1261 4850 1305 4917 μέν
1332 4847 1491 4920 σφαιροειδεῖς

163 4923 196 4980 14
216 4928 230 4978 1
250 4925 325 4985 idem
344 4947 368 4997 p.
381 4928 458 4981 1330
478 4928 501 4980 οἰ
519 4927 545 4981 δέ
564 4925 701 4980 Στωικοὶ
714 4946 783 4998 σφαι-
835 4930 938 4991 τοότους
956 4933 1077 5003 εἰρήκασι.

137 4316 299 4322 ——..
534 4315 682 4322 ------
