<?xml version="1.0" encoding="UTF-8"?>
<!DOCTYPE html PUBLIC "-//W3C//DTD XHTML 1.0 Transitional//EN"
    "http://www.w3.org/TR/xhtml1/DTD/xhtml1-transitional.dtd">
<html xmlns="http://www.w3.org/1999/xhtml" xml:lang="en" lang="en">
 <head>
  <title>
</title>
<meta http-equiv="Content-Type" content="text/html;charset=utf-8" />
  <meta name='ocr-system' content='tesseract 3.04.00' />
  <meta name='ocr-capabilities' content='ocr_page ocr_carea ocr_par ocr_line ocrx_word'/>
</head>
<body>
  <div class='ocr_page' id='page_1' title='image "./doxographigraec00dielgoog/doxographigraec00dielgoog_0507.png"; bbox 0 0 3464 5586; ppageno 0'>
   <div class='ocr_carea' id='block_1_1' title="bbox 258 345 1310 429">
    <p class='ocr_par' dir='ltr' id='par_1_1' title="bbox 258 345 1310 429">
     <span class='ocr_line' id='line_1_1' title="bbox 258 345 1310 429; baseline -0.005 -25"><span class='ocrx_word' id='word_1_1' title='bbox 258 349 321 412; x_wconf 83' lang='grc'>478</span> <span class='ocrx_word' id='word_1_2' title='bbox 576 348 833 429; x_wconf 68' lang='lat' dir='ltr'>THEOPHRnSTl</span> <span class='ocrx_word' id='word_1_3' title='bbox 852 347 990 399; x_wconf 84' lang='lat' dir='ltr'><strong>PHYSIC.</strong></span> <span class='ocrx_word' id='word_1_4' title='bbox 1009 347 1170 399; x_wconf 87' lang='lat' dir='ltr'><strong>OPINION.</strong></span> <span class='ocrx_word' id='word_1_5' title='bbox 1187 347 1242 397; x_wconf 62' lang='lat' dir='ltr'>PR.</span> <span class='ocrx_word' id='word_1_6' title='bbox 1255 345 1310 399; x_wconf 78' lang='lat'>3.4</span> 
     </span>
    </p>
   </div>
   <div class='ocr_carea' id='block_1_2' title="bbox 220 456 1628 2030">
    <p class='ocr_par' dir='ltr' id='par_1_2' title="bbox 220 456 1628 2030">
     <span class='ocr_line' id='line_1_2' title="bbox 259 456 1626 601; baseline -0.004 -21"><span class='ocrx_word' id='word_1_7' title='bbox 259 516 363 586; x_wconf 87' lang='grc' dir='ltr'>ούτος</span> <span class='ocrx_word' id='word_1_8' title='bbox 385 515 478 578; x_wconf 82' lang='grc' dir='ltr'>δὲτὰ</span> <span class='ocrx_word' id='word_1_9' title='bbox 500 516 562 597; x_wconf 81' lang='grc' dir='ltr'>μὲν</span> <span class='ocrx_word' id='word_1_10' title='bbox 585 456 965 601; x_wconf 49' lang='grc' dir='ltr'>σωματικὰξτοιχεῖα</span> <span class='ocrx_word' id='word_1_11' title='bbox 987 520 1083 579; x_wconf 88' lang='grc' dir='ltr'>ποιεῖ</span> <span class='ocrx_word' id='word_1_12' title='bbox 1102 514 1265 598; x_wconf 89' lang='grc' dir='ltr'>τέτταρα,</span> <span class='ocrx_word' id='word_1_13' title='bbox 1286 517 1355 598; x_wconf 93' lang='grc' dir='ltr'>πῦρ</span> <span class='ocrx_word' id='word_1_14' title='bbox 1376 512 1435 577; x_wconf 78' lang='grc' dir='ltr'>καὶ</span> <span class='ocrx_word' id='word_1_15' title='bbox 1458 511 1548 597; x_wconf 88' lang='grc' dir='ltr'>ἀέρα</span> <span class='ocrx_word' id='word_1_16' title='bbox 1567 512 1626 576; x_wconf 74' lang='grc' dir='ltr'>καὶ</span> 
     </span>
     <span class='ocr_line' id='line_1_3' title="bbox 262 614 1627 704; baseline -0.004 -22"><span class='ocrx_word' id='word_1_17' title='bbox 262 620 352 702; x_wconf 88' lang='grc' dir='ltr'>ύδωρ</span> <span class='ocrx_word' id='word_1_18' title='bbox 369 619 425 680; x_wconf 84' lang='grc' dir='ltr'>καὶ</span> <span class='ocrx_word' id='word_1_19' title='bbox 441 621 503 700; x_wconf 86' lang='grc' dir='ltr'>γῆν</span> <span class='ocrx_word' id='word_1_20' title='bbox 526 617 625 680; x_wconf 84' lang='grc' dir='ltr'>ἀίδια</span> <span class='ocrx_word' id='word_1_21' title='bbox 648 618 712 699; x_wconf 79' lang='grc' dir='ltr'>μὲν</span> <span class='ocrx_word' id='word_1_22' title='bbox 735 614 834 696; x_wconf 84' lang='grc' dir='ltr'>ὄντα,</span> <span class='ocrx_word' id='word_1_23' title='bbox 856 620 1128 704; x_wconf 84' lang='grc' dir='ltr'><strong>μεταβάλλοντα</strong></span> <span class='ocrx_word' id='word_1_24' title='bbox 1150 617 1188 680; x_wconf 82' lang='grc' dir='ltr'>δὲ</span> <span class='ocrx_word' id='word_1_25' title='bbox 1210 616 1341 700; x_wconf 74' lang='grc' dir='ltr'>πλήθει</span> <span class='ocrx_word' id='word_1_26' title='bbox 1362 615 1420 677; x_wconf 77' lang='grc' dir='ltr'>καὶ</span> <span class='ocrx_word' id='word_1_27' title='bbox 1442 614 1627 698; x_wconf 78' lang='grc' dir='ltr'>ὀλιγότητι</span> 
     </span>
     <span class='ocr_line' id='line_1_4' title="bbox 259 717 1627 804; baseline -0.001 -21"><span class='ocrx_word' id='word_1_28' title='bbox 259 721 349 783; x_wconf 82' lang='grc' dir='ltr'>κατὰ</span> <span class='ocrx_word' id='word_1_29' title='bbox 376 722 442 804; x_wconf 78' lang='grc' dir='ltr'>τὴν</span> <span class='ocrx_word' id='word_1_30' title='bbox 469 719 658 803; x_wconf 77' lang='grc' dir='ltr'>σύγκρισιν</span> <span class='ocrx_word' id='word_1_31' title='bbox 686 720 743 782; x_wconf 84' lang='grc' dir='ltr'>καὶ</span> <span class='ocrx_word' id='word_1_32' title='bbox 766 721 958 804; x_wconf 81' lang='grc' dir='ltr'>διάκρισιν,</span> <span class='ocrx_word' id='word_1_33' title='bbox 984 721 1045 790; x_wconf 82' lang='grc' dir='ltr'>τὰς</span> <span class='ocrx_word' id='word_1_34' title='bbox 1072 721 1111 783; x_wconf 82' lang='grc' dir='ltr'>δέ</span> <span class='ocrx_word' id='word_1_35' title='bbox 1132 718 1265 803; x_wconf 86' lang='grc' dir='ltr'>κυρίως</span> <span class='ocrx_word' id='word_1_36' title='bbox 1286 717 1400 802; x_wconf 80' lang='grc' dir='ltr'>ἀρχὰς</span> <span class='ocrx_word' id='word_1_37' title='bbox 1423 717 1479 803; x_wconf 83' lang='grc' dir='ltr'>ὑφ’</span> <span class='ocrx_word' id='word_1_38' title='bbox 1508 719 1554 781; x_wconf 82' lang='grc' dir='ltr'>ὧν</span> <span class='ocrx_word' id='word_1_39' title='bbox 1576 742 1627 781; x_wconf 89' lang='grc' dir='ltr'>κι-</span> 
     </span>
     <span class='ocr_line' id='line_1_5' title="bbox 260 820 1628 907; baseline -0.001 -21"><span class='ocrx_word' id='word_1_40' title='bbox 260 827 372 886; x_wconf 84' lang='grc' dir='ltr'>νεῖται</span> <span class='ocrx_word' id='word_1_41' title='bbox 395 827 505 885; x_wconf 92' lang='grc' dir='ltr'>ταῦτα</span> <span class='ocrx_word' id='word_1_42' title='bbox 526 821 645 906; x_wconf 78' lang='grc' dir='ltr'>φιλίαν</span> <span class='ocrx_word' id='word_1_43' title='bbox 668 822 725 884; x_wconf 82' lang='grc' dir='ltr'>καὶ</span> <span class='ocrx_word' id='word_1_44' title='bbox 747 826 876 892; x_wconf 87' lang='grc' dir='ltr'>νεῖκος·</span> <span class='ocrx_word' id='word_1_45' title='bbox 900 825 955 886; x_wconf 90' lang='grc' dir='ltr'>δεῖ</span> <span class='ocrx_word' id='word_1_46' title='bbox 973 823 1036 907; x_wconf 79' lang='grc' dir='ltr'>γὰρ</span> <span class='ocrx_word' id='word_1_47' title='bbox 1058 824 1238 886; x_wconf 75' lang='grc' dir='ltr'>διατελεῖν</span> <span class='ocrx_word' id='word_1_48' title='bbox 1260 821 1410 890; x_wconf 84' lang='grc' dir='ltr'>ἐναλλὰξ</span> <span class='ocrx_word' id='word_1_49' title='bbox 1432 820 1628 903; x_wconf 88' lang='grc' dir='ltr'>κινούμενα</span> 
     </span>
     <span class='ocr_line' id='line_1_6' title="bbox 232 923 1626 1010; baseline -0.003 -20"><span class='ocrx_word' id='word_1_50' title='bbox 232 924 302 990; x_wconf 83' lang='grc' dir='ltr'>ιτὰ</span> <span class='ocrx_word' id='word_1_51' title='bbox 332 929 499 1009; x_wconf 85' lang='grc' dir='ltr'>στοιχεῖα</span> <span class='ocrx_word' id='word_1_52' title='bbox 527 925 618 987; x_wconf 86' lang='grc' dir='ltr'>ποτὲ</span> <span class='ocrx_word' id='word_1_53' title='bbox 648 925 709 1006; x_wconf 80' lang='grc' dir='ltr'>μὲν</span> <span class='ocrx_word' id='word_1_54' title='bbox 739 925 805 988; x_wconf 87' lang='grc' dir='ltr'>ὁπὸ</span> <span class='ocrx_word' id='word_1_55' title='bbox 835 929 900 1009; x_wconf 90' lang='grc' dir='ltr'>τῆς</span> <span class='ocrx_word' id='word_1_56' title='bbox 921 925 1043 1010; x_wconf 82' lang='grc' dir='ltr'>φιλίας</span> <span class='ocrx_word' id='word_1_57' title='bbox 1066 923 1347 1008; x_wconf 74' lang='grc' dir='ltr'>συγκρινόμενα,</span> <span class='ocrx_word' id='word_1_58' title='bbox 1376 923 1462 986; x_wconf 78' lang='grc' dir='ltr'>ποτὲ</span> <span class='ocrx_word' id='word_1_59' title='bbox 1493 924 1534 986; x_wconf 83' lang='grc' dir='ltr'>δὲ</span> <span class='ocrx_word' id='word_1_60' title='bbox 1556 923 1626 986; x_wconf 81' lang='grc' dir='ltr'>ὑπὸ</span> 
     </span>
     <span class='ocr_line' id='line_1_7' title="bbox 259 1024 1626 1112; baseline -0.001 -22"><span class='ocrx_word' id='word_1_61' title='bbox 259 1032 319 1090; x_wconf 88' lang='grc' dir='ltr'>τοῦ</span> <span class='ocrx_word' id='word_1_62' title='bbox 349 1027 488 1097; x_wconf 77' lang='grc' dir='ltr'>νείκους</span> <span class='ocrx_word' id='word_1_63' title='bbox 510 1025 780 1111; x_wconf 82' lang='grc' dir='ltr'>διακρινόμενα·</span> <span class='ocrx_word' id='word_1_64' title='bbox 812 1030 901 1092; x_wconf 83' lang='grc' dir='ltr'>ὥστε</span> <span class='ocrx_word' id='word_1_65' title='bbox 926 1028 983 1091; x_wconf 75' lang='grc' dir='ltr'>καί</span> <span class='ocrx_word' id='word_1_66' title='bbox 1005 1026 1041 1096; x_wconf 79' lang='grc' dir='ltr'>ἓξ</span> <span class='ocrx_word' id='word_1_67' title='bbox 1061 1025 1155 1090; x_wconf 86' lang='grc' dir='ltr'>εἶναι</span> <span class='ocrx_word' id='word_1_68' title='bbox 1177 1024 1256 1089; x_wconf 84' lang='grc' dir='ltr'>κατ’</span> <span class='ocrx_word' id='word_1_69' title='bbox 1284 1024 1390 1088; x_wconf 85' lang='grc' dir='ltr'>αῦτδν</span> <span class='ocrx_word' id='word_1_70' title='bbox 1412 1027 1474 1096; x_wconf 79' lang='grc' dir='ltr'>τὰς</span> <span class='ocrx_word' id='word_1_71' title='bbox 1496 1026 1626 1112; x_wconf 87' lang='grc' dir='ltr'>ἀρχάς·</span> 
     </span>
     <span class='ocr_line' id='line_1_8' title="bbox 259 1128 1628 1214; baseline -0.002 -22"><span class='ocrx_word' id='word_1_72' title='bbox 259 1131 316 1194; x_wconf 88' lang='grc' dir='ltr'>καὶ</span> <span class='ocrx_word' id='word_1_73' title='bbox 346 1130 409 1214; x_wconf 90' lang='grc' dir='ltr'>γὰρ</span> <span class='ocrx_word' id='word_1_74' title='bbox 432 1130 521 1193; x_wconf 82' lang='grc' dir='ltr'>ὅπου</span> <span class='ocrx_word' id='word_1_75' title='bbox 544 1130 605 1211; x_wconf 82' lang='grc' dir='ltr'>μὲν</span> <span class='ocrx_word' id='word_1_76' title='bbox 627 1132 818 1212; x_wconf 82' lang='grc' dir='ltr'>ποιητικὴν</span> <span class='ocrx_word' id='word_1_77' title='bbox 841 1130 967 1194; x_wconf 91' lang='grc' dir='ltr'>δίδωσι</span> <span class='ocrx_word' id='word_1_78' title='bbox 990 1129 1137 1211; x_wconf 91' lang='grc' dir='ltr'>δύναμιν</span> <span class='ocrx_word' id='word_1_79' title='bbox 1162 1133 1210 1213; x_wconf 80' lang='grc' dir='ltr'>τῷ</span> <span class='ocrx_word' id='word_1_80' title='bbox 1233 1128 1347 1191; x_wconf 88' lang='grc' dir='ltr'>νείκει</span> <span class='ocrx_word' id='word_1_81' title='bbox 1368 1129 1426 1191; x_wconf 78' lang='grc' dir='ltr'>καὶ</span> <span class='ocrx_word' id='word_1_82' title='bbox 1448 1134 1490 1211; x_wconf 88' lang='grc' dir='ltr'>τῆ</span> <span class='ocrx_word' id='word_1_83' title='bbox 1506 1129 1628 1212; x_wconf 80' lang='grc' dir='ltr'>φιλίᾳ,</span> 
     </span>
     <span class='ocr_line' id='line_1_9' title="bbox 260 1232 456 1315; baseline -0.005 -19"><span class='ocrx_word' id='word_1_84' title='bbox 260 1232 343 1296; x_wconf 88' lang='grc' dir='ltr'>ὁταν</span> <span class='ocrx_word' id='word_1_85' title='bbox 366 1232 456 1315; x_wconf 88' lang='grc' dir='ltr'>λέγη</span> 
     </span>
     <span class='ocr_line' id='line_1_10' title="bbox 462 1330 1414 1420; baseline 0 -24"><span class='ocrx_word' id='word_1_86' title='bbox 462 1332 587 1396; x_wconf 84' lang='grc' dir='ltr'>ἄλλοτε</span> <span class='ocrx_word' id='word_1_87' title='bbox 610 1333 675 1415; x_wconf 82' lang='grc' dir='ltr'>μὲν</span> <span class='ocrx_word' id='word_1_88' title='bbox 698 1334 861 1418; x_wconf 91' lang='grc' dir='ltr'>φιλότητι</span> <span class='ocrx_word' id='word_1_89' title='bbox 884 1330 1121 1420; x_wconf 81' lang='grc' dir='ltr'>συνερχόμεν’</span> <span class='ocrx_word' id='word_1_90' title='bbox 1149 1333 1199 1402; x_wconf 89' lang='grc' dir='ltr'>είς</span> <span class='ocrx_word' id='word_1_91' title='bbox 1221 1332 1257 1395; x_wconf 83' lang='grc' dir='ltr'>ἓν</span> <span class='ocrx_word' id='word_1_92' title='bbox 1279 1331 1414 1396; x_wconf 78' lang='grc' dir='ltr'>ἅπαντα</span> 
     </span>
     <span class='ocr_line' id='line_1_11' title="bbox 223 1432 1470 1522; baseline 0 -24"><span class='ocrx_word' id='word_1_93' title='bbox 223 1465 246 1503; x_wconf 80' lang='grc' dir='ltr'>ιο</span> <span class='ocrx_word' id='word_1_94' title='bbox 463 1435 591 1499; x_wconf 80' lang='grc' dir='ltr'>ἄλλοτε</span> <span class='ocrx_word' id='word_1_95' title='bbox 613 1433 639 1497; x_wconf 86' lang='grc' dir='ltr'>δ’</span> <span class='ocrx_word' id='word_1_96' title='bbox 668 1434 711 1499; x_wconf 88' lang='grc' dir='ltr'>αῦ</span> <span class='ocrx_word' id='word_1_97' title='bbox 734 1436 816 1522; x_wconf 85' lang='grc' dir='ltr'>δίχα</span> <span class='ocrx_word' id='word_1_98' title='bbox 838 1439 949 1500; x_wconf 91' lang='grc' dir='ltr'>πάντα</span> <span class='ocrx_word' id='word_1_99' title='bbox 969 1436 1170 1522; x_wconf 76' lang='grc' dir='ltr'>φορεύμενα</span> <span class='ocrx_word' id='word_1_100' title='bbox 1191 1434 1328 1504; x_wconf 86' lang='grc' dir='ltr'>νείκεος</span> <span class='ocrx_word' id='word_1_101' title='bbox 1349 1432 1470 1520; x_wconf 79' lang='grc' dir='ltr'>ἔχθει·</span> 
     </span>
     <span class='ocr_line' id='line_1_12' title="bbox 260 1536 1627 1625; baseline -0.001 -23"><span class='ocrx_word' id='word_1_102' title='bbox 260 1541 344 1602; x_wconf 87' lang='grc' dir='ltr'>ποτὲ</span> <span class='ocrx_word' id='word_1_103' title='bbox 366 1541 404 1601; x_wconf 82' lang='grc' dir='ltr'>δὲ</span> <span class='ocrx_word' id='word_1_104' title='bbox 426 1542 497 1607; x_wconf 89' lang='grc' dir='ltr'>τοῖς</span> <span class='ocrx_word' id='word_1_105' title='bbox 519 1538 714 1621; x_wconf 83' lang='grc' dir='ltr'>τέσσαρσιν</span> <span class='ocrx_word' id='word_1_106' title='bbox 738 1541 784 1606; x_wconf 84' lang='grc' dir='ltr'>ὡς</span> <span class='ocrx_word' id='word_1_107' title='bbox 807 1539 997 1625; x_wconf 84' lang='grc' dir='ltr'>ίσόστοιχα</span> <span class='ocrx_word' id='word_1_108' title='bbox 1020 1539 1201 1602; x_wconf 87' lang='grc' dir='ltr'>συντάττει</span> <span class='ocrx_word' id='word_1_109' title='bbox 1223 1537 1418 1617; x_wconf 82' lang='grc' dir='ltr'>καὶταῦτα,</span> <span class='ocrx_word' id='word_1_110' title='bbox 1441 1537 1524 1602; x_wconf 88' lang='grc' dir='ltr'>όταν</span> <span class='ocrx_word' id='word_1_111' title='bbox 1539 1536 1627 1621; x_wconf 88' lang='grc' dir='ltr'>λέγη</span> 
     </span>
     <span class='ocr_line' id='line_1_13' title="bbox 664 1637 1405 1726; baseline 0.003 -24"><span class='ocrx_word' id='word_1_112' title='bbox 664 1640 743 1703; x_wconf 84' lang='grc' dir='ltr'>τοτὲ</span> <span class='ocrx_word' id='word_1_113' title='bbox 766 1638 791 1702; x_wconf 84' lang='grc' dir='ltr'>δ’</span> <span class='ocrx_word' id='word_1_114' title='bbox 820 1640 863 1704; x_wconf 86' lang='grc' dir='ltr'>αύ</span> <span class='ocrx_word' id='word_1_115' title='bbox 886 1642 987 1726; x_wconf 83' lang='grc' dir='ltr'>διέφυ</span> <span class='ocrx_word' id='word_1_116' title='bbox 1008 1638 1124 1704; x_wconf 86' lang='grc' dir='ltr'>πλέον’</span> <span class='ocrx_word' id='word_1_117' title='bbox 1153 1637 1188 1708; x_wconf 90' lang='grc' dir='ltr'>ἐξ</span> <span class='ocrx_word' id='word_1_118' title='bbox 1211 1639 1288 1709; x_wconf 82' lang='grc' dir='ltr'>ἑνὸς</span> <span class='ocrx_word' id='word_1_119' title='bbox 1310 1639 1405 1704; x_wconf 79' lang='grc' dir='ltr'>εἶναι</span> 
     </span>
     <span class='ocr_line' id='line_1_14' title="bbox 462 1741 1405 1828; baseline 0.002 -24"><span class='ocrx_word' id='word_1_120' title='bbox 462 1746 529 1824; x_wconf 94' lang='grc' dir='ltr'>πῦρ</span> <span class='ocrx_word' id='word_1_121' title='bbox 552 1741 608 1803; x_wconf 77' lang='grc' dir='ltr'>καὶ</span> <span class='ocrx_word' id='word_1_122' title='bbox 632 1741 726 1826; x_wconf 85' lang='grc' dir='ltr'>ῦδωρ</span> <span class='ocrx_word' id='word_1_123' title='bbox 748 1744 808 1805; x_wconf 86' lang='grc' dir='ltr'>καὶ</span> <span class='ocrx_word' id='word_1_124' title='bbox 830 1748 913 1826; x_wconf 85' lang='grc' dir='ltr'>γαῖα</span> <span class='ocrx_word' id='word_1_125' title='bbox 935 1743 995 1806; x_wconf 82' lang='grc' dir='ltr'>καὶ</span> <span class='ocrx_word' id='word_1_126' title='bbox 1017 1743 1123 1827; x_wconf 85' lang='grc' dir='ltr'>ήέρος</span> <span class='ocrx_word' id='word_1_127' title='bbox 1144 1742 1296 1806; x_wconf 83' lang='grc' dir='ltr'>ἄπλετον</span> <span class='ocrx_word' id='word_1_128' title='bbox 1320 1744 1405 1828; x_wconf 78' lang='grc' dir='ltr'>ῦψος</span> 
     </span>
     <span class='ocr_line' id='line_1_15' title="bbox 462 1841 1455 1931; baseline 0.001 -25"><span class='ocrx_word' id='word_1_129' title='bbox 462 1844 582 1912; x_wconf 84' lang='grc' dir='ltr'>νεῖκός</span> <span class='ocrx_word' id='word_1_130' title='bbox 604 1841 632 1905; x_wconf 83' lang='grc' dir='ltr'>τ’</span> <span class='ocrx_word' id='word_1_131' title='bbox 660 1843 860 1926; x_wconf 81' lang='grc' dir='ltr'>οὐλόμενον</span> <span class='ocrx_word' id='word_1_132' title='bbox 883 1844 974 1931; x_wconf 89' lang='grc' dir='ltr'>δίχα</span> <span class='ocrx_word' id='word_1_133' title='bbox 995 1849 1064 1907; x_wconf 83' lang='grc' dir='ltr'>τῶν</span> <span class='ocrx_word' id='word_1_134' title='bbox 1087 1846 1284 1908; x_wconf 84' lang='grc' dir='ltr'>ἀτάλαντον</span> <span class='ocrx_word' id='word_1_135' title='bbox 1308 1847 1455 1909; x_wconf 82' lang='grc' dir='ltr'>ἕκαστον</span> 
     </span>
     <span class='ocr_line' id='line_1_16' title="bbox 220 1945 1391 2030; baseline 0 -20"><span class='ocrx_word' id='word_1_136' title='bbox 220 1980 244 2016; x_wconf 68' lang='lat'>15</span> <span class='ocrx_word' id='word_1_137' title='bbox 463 1948 524 2010; x_wconf 83' lang='grc' dir='ltr'>καὶ</span> <span class='ocrx_word' id='word_1_138' title='bbox 547 1947 701 2030; x_wconf 78' lang='grc' dir='ltr'>φιλότης</span> <span class='ocrx_word' id='word_1_139' title='bbox 724 1947 758 2009; x_wconf 86' lang='grc' dir='ltr'>ἐν</span> <span class='ocrx_word' id='word_1_140' title='bbox 781 1950 894 2009; x_wconf 85' lang='grc' dir='ltr'>τοῖσιν</span> <span class='ocrx_word' id='word_1_141' title='bbox 918 1945 975 2029; x_wconf 87' lang='grc' dir='ltr'>ίση</span> <span class='ocrx_word' id='word_1_142' title='bbox 999 1947 1110 2030; x_wconf 79' lang='grc' dir='ltr'>μῆκός</span> <span class='ocrx_word' id='word_1_143' title='bbox 1132 1970 1167 2009; x_wconf 86' lang='grc' dir='ltr'>τε</span> <span class='ocrx_word' id='word_1_144' title='bbox 1189 1949 1324 2016; x_wconf 84' lang='grc' dir='ltr'>πλάτος</span> <span class='ocrx_word' id='word_1_145' title='bbox 1345 1972 1391 2011; x_wconf 90' lang='grc' dir='ltr'>τε.</span> 
     </span>
    </p>
   </div>
   <div class='ocr_carea' id='block_1_3' title="bbox 220 2223 1630 3316">
    <p class='ocr_par' dir='ltr' id='par_1_3' title="bbox 316 2223 954 2376">
     <span class='ocr_line' id='line_1_17' title="bbox 316 2223 954 2376; baseline -0.005 -14"><span class='ocrx_word' id='word_1_146' title='bbox 316 2312 461 2376; x_wconf 85' lang='lat' dir='ltr'>Simplie.</span> <span class='ocrx_word' id='word_1_147' title='bbox 482 2312 508 2360; x_wconf 90' lang='lat' dir='ltr'>in</span> <span class='ocrx_word' id='word_1_148' title='bbox 527 2309 600 2374; x_wconf 84' lang='lat' dir='ltr'>phys.</span> <span class='ocrx_word' id='word_1_149' title='bbox 619 2309 636 2357; x_wconf 83' lang='lat' dir='ltr'>s.</span> <span class='ocrx_word' id='word_1_150' title='bbox 650 2304 841 2360; x_wconf 72' lang='lat'><strong>6&#39;37-7&#39;3.</strong></span> <span class='ocrx_word' id='word_1_151' title='bbox 933 2223 954 2284; x_wconf 70' lang='grc'>4</span> 
     </span>
    </p>

    <p class='ocr_par' dir='ltr' id='par_1_4' title="bbox 345 2407 1628 2495">
     <span class='ocr_line' id='line_1_18' title="bbox 345 2407 1628 2495; baseline -0.002 -19"><span class='ocrx_word' id='word_1_152' title='bbox 345 2411 413 2476; x_wconf 88' lang='grc' dir='ltr'>Τῶν</span> <span class='ocrx_word' id='word_1_153' title='bbox 441 2413 474 2475; x_wconf 85' lang='grc' dir='ltr'>δὲ</span> <span class='ocrx_word' id='word_1_154' title='bbox 499 2410 634 2495; x_wconf 84' lang='grc' dir='ltr'>ἀπείρους</span> <span class='ocrx_word' id='word_1_155' title='bbox 661 2415 704 2495; x_wconf 82' lang='grc' dir='ltr'>τῷ</span> <span class='ocrx_word' id='word_1_156' title='bbox 728 2410 838 2493; x_wconf 83' lang='grc' dir='ltr'>πλήὸει</span> <span class='ocrx_word' id='word_1_157' title='bbox 864 2411 1006 2494; x_wconf 89' lang='grc' dir='ltr'>λεγόντων</span> <span class='ocrx_word' id='word_1_158' title='bbox 1034 2412 1061 2473; x_wconf 87' lang='grc' dir='ltr'>οί</span> <span class='ocrx_word' id='word_1_159' title='bbox 1088 2411 1140 2492; x_wconf 81' lang='grc' dir='ltr'>μὲν</span> <span class='ocrx_word' id='word_1_160' title='bbox 1162 2410 1257 2479; x_wconf 82' lang='grc' dir='ltr'>ἁπλᾶς</span> <span class='ocrx_word' id='word_1_161' title='bbox 1279 2407 1377 2493; x_wconf 80' lang='grc' dir='ltr'>ἔλεγον</span> <span class='ocrx_word' id='word_1_162' title='bbox 1399 2410 1448 2473; x_wconf 84' lang='grc' dir='ltr'>καὶ</span> <span class='ocrx_word' id='word_1_163' title='bbox 1471 2411 1628 2492; x_wconf 84' lang='grc' dir='ltr'>ὁμογενεῖς,</span> 
     </span>
    </p>

    <p class='ocr_par' dir='ltr' id='par_1_5' title="bbox 220 2512 1630 3316">
     <span class='ocr_line' id='line_1_19' title="bbox 261 2512 1629 2598; baseline -0.003 -19"><span class='ocrx_word' id='word_1_164' title='bbox 261 2517 288 2579; x_wconf 84' lang='grc' dir='ltr'>οἱ</span> <span class='ocrx_word' id='word_1_165' title='bbox 310 2516 343 2579; x_wconf 82' lang='grc' dir='ltr'>δὲ</span> <span class='ocrx_word' id='word_1_166' title='bbox 365 2513 520 2583; x_wconf 72' lang='grc' dir='ltr'>συνθέτους</span> <span class='ocrx_word' id='word_1_167' title='bbox 542 2513 591 2576; x_wconf 84' lang='grc' dir='ltr'>καὶ</span> <span class='ocrx_word' id='word_1_168' title='bbox 614 2513 796 2595; x_wconf 84' lang='grc' dir='ltr'>ἀνομογενεῖς</span> <span class='ocrx_word' id='word_1_169' title='bbox 823 2513 871 2576; x_wconf 84' lang='grc' dir='ltr'>καὶ</span> <span class='ocrx_word' id='word_1_170' title='bbox 894 2512 1033 2591; x_wconf 86' lang='grc' dir='ltr'>ἐναντίας,</span> <span class='ocrx_word' id='word_1_171' title='bbox 1055 2512 1130 2576; x_wconf 81' lang='grc' dir='ltr'>κατὰ</span> <span class='ocrx_word' id='word_1_172' title='bbox 1151 2512 1183 2575; x_wconf 83' lang='grc' dir='ltr'>δὲ</span> <span class='ocrx_word' id='word_1_173' title='bbox 1204 2512 1238 2574; x_wconf 87' lang='grc' dir='ltr'>τὸ</span> <span class='ocrx_word' id='word_1_174' title='bbox 1261 2512 1432 2597; x_wconf 79' lang='grc' dir='ltr'>ἐπικρατοῦν</span> <span class='ocrx_word' id='word_1_175' title='bbox 1453 2535 1629 2598; x_wconf 83' lang='grc' dir='ltr'>χαρακτηρι-</span> 
     </span>
     <span class='ocr_line' id='line_1_20' title="bbox 261 2612 1629 2701; baseline -0.004 -18"><span class='ocrx_word' id='word_1_176' title='bbox 261 2619 394 2701; x_wconf 77' lang='grc' dir='ltr'>ξομένας.</span> <span class='ocrx_word' id='word_1_177' title='bbox 421 2615 659 2700; x_wconf 73' lang='grc' dir='ltr'>Ἀναξαγόρας</span> <span class='ocrx_word' id='word_1_178' title='bbox 682 2615 745 2697; x_wconf 82' lang='grc' dir='ltr'>μὲν</span> <span class='ocrx_word' id='word_1_179' title='bbox 768 2616 832 2700; x_wconf 83' lang='grc' dir='ltr'>γὰρ</span> <span class='ocrx_word' id='word_1_180' title='bbox 849 2614 1109 2701; x_wconf 80' lang='grc' dir='ltr'>Ἡγησιβούλου</span> <span class='ocrx_word' id='word_1_181' title='bbox 1132 2612 1383 2698; x_wconf 72' lang='grc' dir='ltr'>Κλαζομένιος</span> <span class='ocrx_word' id='word_1_182' title='bbox 1405 2618 1629 2700; x_wconf 83' lang='grc' dir='ltr'>κοινωνήσας</span> 
     </span>
     <span class='ocr_line' id='line_1_21' title="bbox 259 2716 1628 2804; baseline -0.001 -21"><span class='ocrx_word' id='word_1_183' title='bbox 259 2725 323 2804; x_wconf 88' lang='grc' dir='ltr'>τῆς</span> <span class='ocrx_word' id='word_1_184' title='bbox 341 2718 590 2801; x_wconf 80' lang='grc' dir='ltr'>Ἀναξιμένους</span> <span class='ocrx_word' id='word_1_185' title='bbox 612 2717 829 2803; x_wconf 92' lang='grc' dir='ltr'>φιλοσοφίας</span> <span class='ocrx_word' id='word_1_186' title='bbox 851 2724 990 2803; x_wconf 87' lang='grc' dir='ltr'>πρῶτος</span> <span class='ocrx_word' id='word_1_187' title='bbox 1012 2717 1208 2801; x_wconf 88' lang='grc' dir='ltr'>μετέστησε</span> <span class='ocrx_word' id='word_1_188' title='bbox 1229 2716 1294 2786; x_wconf 80' lang='grc' dir='ltr'>τὰς</span> <span class='ocrx_word' id='word_1_189' title='bbox 1315 2717 1393 2801; x_wconf 82' lang='grc' dir='ltr'>περὶ</span> <span class='ocrx_word' id='word_1_190' title='bbox 1415 2721 1483 2781; x_wconf 86' lang='grc' dir='ltr'>τῶν</span> <span class='ocrx_word' id='word_1_191' title='bbox 1505 2719 1628 2803; x_wconf 79' lang='grc' dir='ltr'>ἀρχῶν</span> 
     </span>
     <span class='ocr_line' id='line_1_22' title="bbox 220 2819 1628 2904; baseline -0.003 -17"><span class='ocrx_word' id='word_1_192' title='bbox 220 2823 365 2893; x_wconf 76' lang='grc' dir='ltr'>οοδόξας</span> <span class='ocrx_word' id='word_1_193' title='bbox 395 2823 452 2886; x_wconf 78' lang='grc' dir='ltr'>καί</span> <span class='ocrx_word' id='word_1_194' title='bbox 483 2822 545 2903; x_wconf 80' lang='grc' dir='ltr'>τὴν</span> <span class='ocrx_word' id='word_1_195' title='bbox 574 2819 808 2883; x_wconf 85' lang='grc' dir='ltr'>ἐλλείπουσαν</span> <span class='ocrx_word' id='word_1_196' title='bbox 837 2821 954 2884; x_wconf 80' lang='grc' dir='ltr'>αἰτίαν</span> <span class='ocrx_word' id='word_1_197' title='bbox 984 2821 1217 2904; x_wconf 77' lang='grc' dir='ltr'>ἀνεπλήρωσε</span> <span class='ocrx_word' id='word_1_198' title='bbox 1245 2819 1305 2888; x_wconf 81' lang='grc' dir='ltr'>τὰς</span> <span class='ocrx_word' id='word_1_199' title='bbox 1336 2820 1399 2901; x_wconf 86' lang='grc' dir='ltr'>μέν</span> <span class='ocrx_word' id='word_1_200' title='bbox 1422 2821 1628 2903; x_wconf 82' lang='grc' dir='ltr'>σωματικὰς</span> 
     </span>
     <span class='ocr_line' id='line_1_23' title="bbox 261 2921 1630 3009; baseline -0.001 -21"><span class='ocrx_word' id='word_1_201' title='bbox 261 2925 432 3009; x_wconf 79' lang='grc' dir='ltr'>ἀπείρους</span> <span class='ocrx_word' id='word_1_202' title='bbox 454 2926 630 3008; x_wconf 89' lang='grc' dir='ltr'>ποιήσας·</span> <span class='ocrx_word' id='word_1_203' title='bbox 654 2923 822 3007; x_wconf 79' lang='grc' dir='ltr'>πάνταγὰρ</span> <span class='ocrx_word' id='word_1_204' title='bbox 845 2924 881 2986; x_wconf 84' lang='grc' dir='ltr'>τὰ</span> <span class='ocrx_word' id='word_1_205' title='bbox 904 2925 1063 3006; x_wconf 83' lang='grc' dir='ltr'>ὁμοιομερῆ</span> <span class='ocrx_word' id='word_1_206' title='bbox 1086 2921 1147 2985; x_wconf 91' lang='grc' dir='ltr'>οίον</span> <span class='ocrx_word' id='word_1_207' title='bbox 1170 2922 1248 3006; x_wconf 85' lang='grc' dir='ltr'>ὁδωρ</span> <span class='ocrx_word' id='word_1_208' title='bbox 1270 2922 1290 3005; x_wconf 92' lang='grc' dir='ltr'>ῆ</span> <span class='ocrx_word' id='word_1_209' title='bbox 1312 2926 1369 3005; x_wconf 88' lang='grc' dir='ltr'>πῦρ</span> <span class='ocrx_word' id='word_1_210' title='bbox 1390 2922 1411 3005; x_wconf 82' lang='grc' dir='ltr'><strong>ἢ</strong></span> <span class='ocrx_word' id='word_1_211' title='bbox 1433 2923 1542 3008; x_wconf 82' lang='grc' dir='ltr'>χρυσὸν</span> <span class='ocrx_word' id='word_1_212' title='bbox 1564 2923 1630 3006; x_wconf 84' lang='grc' dir='ltr'>ἀγέ·</span> 
     </span>
     <span class='ocr_line' id='line_1_24' title="bbox 263 3024 1627 3112; baseline -0.004 -20"><span class='ocrx_word' id='word_1_213' title='bbox 263 3051 335 3112; x_wconf 91' lang='grc' dir='ltr'>νητα</span> <span class='ocrx_word' id='word_1_214' title='bbox 364 3029 416 3110; x_wconf 82' lang='grc' dir='ltr'>μὲν</span> <span class='ocrx_word' id='word_1_215' title='bbox 448 3025 520 3089; x_wconf 79' lang='grc' dir='ltr'>εἶναι</span> <span class='ocrx_word' id='word_1_216' title='bbox 550 3026 598 3089; x_wconf 85' lang='grc' dir='ltr'>καὶ</span> <span class='ocrx_word' id='word_1_217' title='bbox 628 3024 776 3111; x_wconf 83' lang='grc' dir='ltr'>άφδαρτα,</span> <span class='ocrx_word' id='word_1_218' title='bbox 804 3026 959 3110; x_wconf 71' lang='grc' dir='ltr'>φαίνεσθαι</span> <span class='ocrx_word' id='word_1_219' title='bbox 989 3025 1022 3087; x_wconf 74' lang='grc' dir='ltr'>δὲ</span> <span class='ocrx_word' id='word_1_220' title='bbox 1048 3025 1183 3108; x_wconf 89' lang='grc' dir='ltr'>γινόμενα</span> <span class='ocrx_word' id='word_1_221' title='bbox 1203 3025 1252 3087; x_wconf 82' lang='grc' dir='ltr'>καὶ</span> <span class='ocrx_word' id='word_1_222' title='bbox 1275 3025 1461 3107; x_wconf 76' lang='grc' dir='ltr'>ἀπολλύμενα</span> <span class='ocrx_word' id='word_1_223' title='bbox 1484 3025 1627 3108; x_wconf 89' lang='grc' dir='ltr'>συγκρίσει</span> 
     </span>
     <span class='ocr_line' id='line_1_25' title="bbox 262 3127 1627 3212; baseline -0.001 -19"><span class='ocrx_word' id='word_1_224' title='bbox 262 3131 310 3193; x_wconf 79' lang='grc' dir='ltr'>καὶ</span> <span class='ocrx_word' id='word_1_225' title='bbox 333 3131 471 3212; x_wconf 88' lang='grc' dir='ltr'>διακρίσει</span> <span class='ocrx_word' id='word_1_226' title='bbox 494 3127 592 3210; x_wconf 91' lang='grc' dir='ltr'>μόνον,</span> <span class='ocrx_word' id='word_1_227' title='bbox 614 3129 729 3192; x_wconf 88' lang='grc' dir='ltr'>πάντων</span> <span class='ocrx_word' id='word_1_228' title='bbox 753 3129 805 3211; x_wconf 80' lang='grc' dir='ltr'>μὲν</span> <span class='ocrx_word' id='word_1_229' title='bbox 827 3128 858 3192; x_wconf 85' lang='grc' dir='ltr'>ἐν</span> <span class='ocrx_word' id='word_1_230' title='bbox 873 3134 960 3192; x_wconf 85' lang='grc' dir='ltr'>πᾶσιν</span> <span class='ocrx_word' id='word_1_231' title='bbox 976 3127 1108 3206; x_wconf 81' lang='grc' dir='ltr'>ἐνόντων,</span> <span class='ocrx_word' id='word_1_232' title='bbox 1131 3127 1254 3190; x_wconf 75' lang='grc' dir='ltr'>ἑκάστου</span> <span class='ocrx_word' id='word_1_233' title='bbox 1270 3128 1302 3190; x_wconf 88' lang='grc' dir='ltr'>δὲ</span> <span class='ocrx_word' id='word_1_234' title='bbox 1317 3127 1392 3190; x_wconf 80' lang='grc' dir='ltr'>κατὰ</span> <span class='ocrx_word' id='word_1_235' title='bbox 1406 3127 1438 3190; x_wconf 86' lang='grc' dir='ltr'>τὸ</span> <span class='ocrx_word' id='word_1_236' title='bbox 1456 3129 1627 3212; x_wconf 82' lang='grc' dir='ltr'>ἐπικρατοῦν</span> 
     </span>
     <span class='ocr_line' id='line_1_26' title="bbox 262 3227 1628 3316; baseline -0.001 -21"><span class='ocrx_word' id='word_1_237' title='bbox 262 3233 292 3296; x_wconf 92' lang='grc' dir='ltr'>ἐν</span> <span class='ocrx_word' id='word_1_238' title='bbox 314 3232 395 3316; x_wconf 78' lang='grc' dir='ltr'>αὐτῷ</span> <span class='ocrx_word' id='word_1_239' title='bbox 419 3231 721 3316; x_wconf 74' lang='grc' dir='ltr'>χαρακτηριξυμένου·</span> <span class='ocrx_word' id='word_1_240' title='bbox 750 3231 858 3316; x_wconf 80' lang='grc' dir='ltr'>χρυσός</span> <span class='ocrx_word' id='word_1_241' title='bbox 885 3230 939 3315; x_wconf 78' lang='grc' dir='ltr'>γάρ</span> <span class='ocrx_word' id='word_1_242' title='bbox 962 3229 1092 3316; x_wconf 87' lang='grc' dir='ltr'>φαίνεται</span> <span class='ocrx_word' id='word_1_243' title='bbox 1115 3230 1207 3293; x_wconf 86' lang='grc' dir='ltr'>ἐκεῖνο</span> <span class='ocrx_word' id='word_1_244' title='bbox 1230 3227 1308 3315; x_wconf 81' lang='grc' dir='ltr'>ἐνῷ</span> <span class='ocrx_word' id='word_1_245' title='bbox 1337 3230 1411 3294; x_wconf 83' lang='grc' dir='ltr'>πολύ</span> <span class='ocrx_word' id='word_1_246' title='bbox 1439 3230 1558 3316; x_wconf 88' lang='grc' dir='ltr'>χρυσίον</span> <span class='ocrx_word' id='word_1_247' title='bbox 1586 3228 1628 3294; x_wconf 86' lang='grc' dir='ltr'>ἔνι</span> 
     </span>
    </p>
   </div>
   <div class='ocr_carea' id='block_1_4' title="bbox 260 3381 1632 5027">
    <p class='ocr_par' dir='ltr' id='par_1_6' title="bbox 260 3381 1632 5027">
     <span class='ocr_line' id='line_1_27' title="bbox 263 3381 1629 3457; baseline 0.004 -21"><span class='ocrx_word' id='word_1_248' title='bbox 263 3385 276 3436; x_wconf 92' lang='lat'>1</span> <span class='ocrx_word' id='word_1_249' title='bbox 291 3381 371 3441; x_wconf 81' lang='grc' dir='ltr'>οὕτως</span> <span class='ocrx_word' id='word_1_250' title='bbox 384 3387 409 3435; x_wconf 91' lang='grc' dir='ltr'>Ι)</span> <span class='ocrx_word' id='word_1_251' title='bbox 426 3383 440 3451; x_wconf 93' lang='grc' dir='ltr'>Η</span> <span class='ocrx_word' id='word_1_252' title='bbox 454 3390 486 3437; x_wconf 82' lang='lat' dir='ltr'>cf.</span> <span class='ocrx_word' id='word_1_253' title='bbox 501 3389 592 3437; x_wconf 74' lang='lat' dir='ltr'>Pleuit.</span> <span class='ocrx_word' id='word_1_254' title='bbox 602 3386 676 3437; x_wconf 79' lang='grc' dir='ltr'>13ιο</span> <span class='ocrx_word' id='word_1_255' title='bbox 691 3382 917 3457; x_wconf 82' lang='grc' dir='ltr'>Ἐμπεδοκλῆς...</span> <span class='ocrx_word' id='word_1_256' title='bbox 969 3386 1028 3437; x_wconf 76' lang='lat' dir='ltr'><strong>adv.</strong></span> <span class='ocrx_word' id='word_1_257' title='bbox 1041 3387 1119 3437; x_wconf 80' lang='lat' dir='ltr'>msth.</span> <span class='ocrx_word' id='word_1_258' title='bbox 1133 3388 1159 3437; x_wconf 91' lang='lat' dir='ltr'>X</span> <span class='ocrx_word' id='word_1_259' title='bbox 1171 3385 1222 3439; x_wconf 90' lang='grc'>317</span> <span class='ocrx_word' id='word_1_260' title='bbox 1239 3383 1253 3454; x_wconf 94' lang='grc' dir='ltr'>Η</span> <span class='ocrx_word' id='word_1_261' title='bbox 1268 3385 1300 3439; x_wconf 82' lang='grc'>15</span> <span class='ocrx_word' id='word_1_262' title='bbox 1313 3385 1376 3452; x_wconf 85' lang='grc' dir='ltr'>μιτά</span> <span class='ocrx_word' id='word_1_263' title='bbox 1387 3391 1463 3440; x_wconf 84' lang='grc' dir='ltr'>τοῖσιν</span> <span class='ocrx_word' id='word_1_264' title='bbox 1472 3386 1524 3440; x_wconf 76' lang='grc' dir='ltr'>ἴσον</span> <span class='ocrx_word' id='word_1_265' title='bbox 1534 3392 1629 3443; x_wconf 85' lang='lat' dir='ltr'>Sextus</span> 
     </span>
     <span class='ocr_line' id='line_1_28' title="bbox 260 3471 1626 3545; baseline 0.004 -22"><span class='ocrx_word' id='word_1_266' title='bbox 260 3472 367 3540; x_wconf 84' lang='grc' dir='ltr'>τέτταρα</span> <span class='ocrx_word' id='word_1_267' title='bbox 380 3472 425 3539; x_wconf 80' lang='grc' dir='ltr'>μὲν</span> <span class='ocrx_word' id='word_1_268' title='bbox 436 3471 501 3541; x_wconf 77' lang='grc' dir='ltr'>λέγει</span> <span class='ocrx_word' id='word_1_269' title='bbox 515 3477 624 3542; x_wconf 82' lang='grc' dir='ltr'>στοιχεῖα</span> <span class='ocrx_word' id='word_1_270' title='bbox 636 3477 685 3542; x_wconf 88' lang='grc' dir='ltr'>πῦρ</span> <span class='ocrx_word' id='word_1_271' title='bbox 703 3474 764 3544; x_wconf 84' lang='grc' dir='ltr'>ἀέρα</span> <span class='ocrx_word' id='word_1_272' title='bbox 782 3471 850 3545; x_wconf 79' lang='grc' dir='ltr'>ὕδωρ</span> <span class='ocrx_word' id='word_1_273' title='bbox 862 3479 917 3545; x_wconf 85' lang='grc' dir='ltr'>γῆν,</span> <span class='ocrx_word' id='word_1_274' title='bbox 1005 3472 1039 3526; x_wconf 89' lang='grc'>16</span> <span class='ocrx_word' id='word_1_275' title='bbox 1057 3471 1101 3523; x_wconf 81' lang='grc' dir='ltr'>καὶ</span> <span class='ocrx_word' id='word_1_276' title='bbox 1118 3476 1212 3525; x_wconf 70' lang='lat' dir='ltr'>mm·</span> <span class='ocrx_word' id='word_1_277' title='bbox 1237 3492 1274 3540; x_wconf 86' lang='lat' dir='ltr'>pr.</span> <span class='ocrx_word' id='word_1_278' title='bbox 1289 3476 1323 3525; x_wconf 82' lang='lat' dir='ltr'>F:</span> <span class='ocrx_word' id='word_1_279' title='bbox 1347 3474 1391 3527; x_wconf 84' lang='grc' dir='ltr'>καὶ</span> <span class='ocrx_word' id='word_1_280' title='bbox 1409 3475 1445 3544; x_wconf 87' lang='grc' dir='ltr'>μὴ</span> <span class='ocrx_word' id='word_1_281' title='bbox 1464 3495 1481 3526; x_wconf 87' lang='lat' dir='ltr'><strong><em>a</em></strong></span> <span class='ocrx_word' id='word_1_282' title='bbox 1500 3494 1551 3529; x_wconf 87' lang='lat' dir='ltr'>sec.</span> <span class='ocrx_word' id='word_1_283' title='bbox 1570 3479 1592 3528; x_wconf 59' lang='lat'>12</span> <span class='ocrx_word' id='word_1_284' title='bbox 1611 3474 1626 3545; x_wconf 92' lang='grc' dir='ltr'>Η</span> 
     </span>
     <span class='ocr_line' id='line_1_29' title="bbox 261 3557 1627 3634; baseline 0.004 -24"><span class='ocrx_word' id='word_1_285' title='bbox 261 3557 304 3610; x_wconf 84' lang='grc' dir='ltr'>δύο</span> <span class='ocrx_word' id='word_1_286' title='bbox 323 3557 342 3609; x_wconf 85' lang='grc' dir='ltr'>δ’</span> <span class='ocrx_word' id='word_1_287' title='bbox 357 3559 463 3627; x_wconf 76' lang='grc' dir='ltr'>ἀρχικὰς</span> <span class='ocrx_word' id='word_1_288' title='bbox 476 3559 588 3628; x_wconf 83' lang='grc' dir='ltr'>δυνάμεις</span> <span class='ocrx_word' id='word_1_289' title='bbox 602 3558 684 3629; x_wconf 88' lang='grc' dir='ltr'>φιλίαν</span> <span class='ocrx_word' id='word_1_290' title='bbox 695 3579 723 3614; x_wconf 83' lang='grc' dir='ltr'>τε</span> <span class='ocrx_word' id='word_1_291' title='bbox 736 3563 780 3614; x_wconf 80' lang='grc' dir='ltr'>καὶ</span> <span class='ocrx_word' id='word_1_292' title='bbox 791 3567 871 3620; x_wconf 84' lang='grc' dir='ltr'>νεῖκος</span> <span class='ocrx_word' id='word_1_293' title='bbox 880 3561 918 3614; x_wconf 80' lang='grc' dir='ltr'>ὧν</span> <span class='ocrx_word' id='word_1_294' title='bbox 972 3561 1003 3613; x_wconf 91' lang='grc'>17</span> <span class='ocrx_word' id='word_1_295' title='bbox 1022 3559 1045 3612; x_wconf 76' lang='grc' dir='ltr'>οἱ</span> <span class='ocrx_word' id='word_1_296' title='bbox 1063 3558 1290 3630; x_wconf 76' lang='grc' dir='ltr'>δέ-ἀνυμογενιῑς</span> <span class='ocrx_word' id='word_1_297' title='bbox 1302 3565 1391 3615; x_wconf 71' lang='lat' dir='ltr'>BER·</span> <span class='ocrx_word' id='word_1_298' title='bbox 1411 3565 1466 3628; x_wconf 83' lang='lat' dir='ltr'>(qni</span> <span class='ocrx_word' id='word_1_299' title='bbox 1485 3563 1627 3634; x_wconf 84' lang='grc' dir='ltr'>ἀνομοιογε-</span> 
     </span>
     <span class='ocr_line' id='line_1_30' title="bbox 261 3646 1630 3720; baseline 0.004 -23"><span class='ocrx_word' id='word_1_300' title='bbox 261 3647 336 3715; x_wconf 80' lang='grc' dir='ltr'>ῆμέν</span> <span class='ocrx_word' id='word_1_301' title='bbox 349 3648 414 3699; x_wconf 82' lang='grc' dir='ltr'>ἐστιν</span> <span class='ocrx_word' id='word_1_302' title='bbox 427 3646 585 3716; x_wconf 78' lang='grc' dir='ltr'>ἑνωτική,τὸ</span> <span class='ocrx_word' id='word_1_303' title='bbox 598 3646 623 3700; x_wconf 79' lang='grc' dir='ltr'>δέ</span> <span class='ocrx_word' id='word_1_304' title='bbox 636 3647 781 3719; x_wconf 83' lang='grc' dir='ltr'>διαιρετικόν</span> <span class='ocrx_word' id='word_1_305' title='bbox 794 3653 917 3716; x_wconf 83' lang='lat' dir='ltr'>ef.Diog.</span> <span class='ocrx_word' id='word_1_306' title='bbox 968 3652 1016 3704; x_wconf 74' lang='grc' dir='ltr'>νεῖς</span> <span class='ocrx_word' id='word_1_307' title='bbox 1037 3652 1064 3699; x_wconf 82' lang='lat' dir='ltr'>in</span> <span class='ocrx_word' id='word_1_308' title='bbox 1092 3647 1276 3717; x_wconf 70' lang='grc' dir='ltr'>ἂνομυῑομερεῖς</span> <span class='ocrx_word' id='word_1_309' title='bbox 1303 3653 1437 3713; x_wconf 67' lang='lat' dir='ltr'>conexio:</span> <span class='ocrx_word' id='word_1_310' title='bbox 1471 3668 1522 3703; x_wconf 90' lang='lat' dir='ltr'>om.</span> <span class='ocrx_word' id='word_1_311' title='bbox 1550 3654 1590 3703; x_wconf 63' lang='lat' dir='ltr'>as*</span> <span class='ocrx_word' id='word_1_312' title='bbox 1614 3650 1630 3720; x_wconf 95' lang='grc' dir='ltr'>Η</span> 
     </span>
     <span class='ocr_line' id='line_1_31' title="bbox 261 3732 1631 3809; baseline 0.007 -25"><span class='ocrx_word' id='word_1_313' title='bbox 261 3736 328 3784; x_wconf 86' lang='lat' dir='ltr'>VIII</span> <span class='ocrx_word' id='word_1_314' title='bbox 341 3735 374 3787; x_wconf 77' lang='grc'>76</span> <span class='ocrx_word' id='word_1_315' title='bbox 405 3734 417 3800; x_wconf 88' lang='grc' dir='ltr'>Η</span> <span class='ocrx_word' id='word_1_316' title='bbox 447 3735 492 3786; x_wconf 76' lang='grc' dir='ltr'>καὶ</span> <span class='ocrx_word' id='word_1_317' title='bbox 513 3744 574 3786; x_wconf 76' lang='lat' dir='ltr'>ente</span> <span class='ocrx_word' id='word_1_318' title='bbox 602 3733 670 3805; x_wconf 78' lang='grc' dir='ltr'>ὕδωρ</span> <span class='ocrx_word' id='word_1_319' title='bbox 693 3754 744 3788; x_wconf 87' lang='lat' dir='ltr'>om.</span> <span class='ocrx_word' id='word_1_320' title='bbox 772 3740 822 3789; x_wconf 84' lang='lat' dir='ltr'>DE</span> <span class='ocrx_word' id='word_1_321' title='bbox 852 3736 865 3804; x_wconf 93' lang='grc' dir='ltr'>Η</span> <span class='ocrx_word' id='word_1_322' title='bbox 902 3737 918 3789; x_wconf 74' lang='lat'><strong>2</strong></span> <span class='ocrx_word' id='word_1_323' title='bbox 970 3732 997 3785; x_wconf 74' lang='grc' dir='ltr'>δὲ</span> <span class='ocrx_word' id='word_1_324' title='bbox 1009 3743 1068 3799; x_wconf 81' lang='lat' dir='ltr'>post</span> <span class='ocrx_word' id='word_1_325' title='bbox 1080 3735 1146 3787; x_wconf 80' lang='grc' dir='ltr'>κατὰ</span> <span class='ocrx_word' id='word_1_326' title='bbox 1158 3739 1281 3788; x_wconf 56' lang='lat' dir='ltr'>nmen:</span> <span class='ocrx_word' id='word_1_327' title='bbox 1300 3747 1360 3802; x_wconf 78' lang='lat' dir='ltr'>post</span> <span class='ocrx_word' id='word_1_328' title='bbox 1374 3737 1581 3809; x_wconf 80' lang='grc' dir='ltr'>ἐπικρατοῦναΗ</span> <span class='ocrx_word' id='word_1_329' title='bbox 1599 3741 1631 3793; x_wconf 89' lang='grc'>18</span> 
     </span>
     <span class='ocr_line' id='line_1_32' title="bbox 261 3819 1630 3892; baseline 0.006 -21"><span class='ocrx_word' id='word_1_330' title='bbox 261 3819 449 3890; x_wconf 81' lang='grc' dir='ltr'>μεταβάλλοντα</span> <span class='ocrx_word' id='word_1_331' title='bbox 468 3819 494 3873; x_wconf 81' lang='grc' dir='ltr'>δέ</span> <span class='ocrx_word' id='word_1_332' title='bbox 513 3833 571 3886; x_wconf 90' lang='lat' dir='ltr'>post</span> <span class='ocrx_word' id='word_1_333' title='bbox 594 3820 718 3892; x_wconf 83' lang='grc' dir='ltr'>ὀλιγότητι</span> <span class='ocrx_word' id='word_1_334' title='bbox 740 3827 811 3876; x_wconf 85' lang='lat' dir='ltr'>libri:</span> <span class='ocrx_word' id='word_1_335' title='bbox 836 3836 919 3877; x_wconf 80' lang='lat' dir='ltr'>trans·</span> <span class='ocrx_word' id='word_1_336' title='bbox 971 3819 1133 3891; x_wconf 85' lang='grc' dir='ltr'>ὁγησιβυύλου</span> <span class='ocrx_word' id='word_1_337' title='bbox 1142 3825 1192 3874; x_wconf 84' lang='lat' dir='ltr'>DE</span> <span class='ocrx_word' id='word_1_338' title='bbox 1205 3821 1218 3892; x_wconf 94' lang='grc' dir='ltr'>Η</span> <span class='ocrx_word' id='word_1_339' title='bbox 1230 3823 1265 3876; x_wconf 74' lang='lat'>20</span> <span class='ocrx_word' id='word_1_340' title='bbox 1277 3823 1322 3892; x_wconf 77' lang='grc' dir='ltr'>μὶν</span> <span class='ocrx_word' id='word_1_341' title='bbox 1335 3828 1465 3878; x_wconf 83' lang='lat' dir='ltr'>molestius</span> <span class='ocrx_word' id='word_1_342' title='bbox 1477 3831 1585 3878; x_wconf 83' lang='lat' dir='ltr'>refertur</span> <span class='ocrx_word' id='word_1_343' title='bbox 1597 3830 1630 3878; x_wconf 81' lang='lat' dir='ltr'>ed</span> 
     </span>
     <span class='ocr_line' id='line_1_33' title="bbox 261 3906 1630 3984; baseline 0.005 -26"><span class='ocrx_word' id='word_1_344' title='bbox 261 3912 347 3973; x_wconf 83' lang='lat' dir='ltr'>posuit</span> <span class='ocrx_word' id='word_1_345' title='bbox 374 3912 474 3961; x_wconf 78' lang='lat' dir='ltr'>Usener</span> <span class='ocrx_word' id='word_1_346' title='bbox 499 3906 513 3976; x_wconf 93' lang='grc' dir='ltr'>Η</span> <span class='ocrx_word' id='word_1_347' title='bbox 538 3911 554 3962; x_wconf 85' lang='grc'><strong>6</strong></span> <span class='ocrx_word' id='word_1_348' title='bbox 578 3909 604 3970; x_wconf 77' lang='grc' dir='ltr'>ἓξ</span> <span class='ocrx_word' id='word_1_349' title='bbox 622 3914 653 3962; x_wconf 80' lang='lat' dir='ltr'>cs.</span> <span class='ocrx_word' id='word_1_350' title='bbox 673 3913 745 3964; x_wconf 80' lang='lat' dir='ltr'>Sext.</span> <span class='ocrx_word' id='word_1_351' title='bbox 764 3915 823 3964; x_wconf 77' lang='lat' dir='ltr'>eds.</span> <span class='ocrx_word' id='word_1_352' title='bbox 842 3915 920 3964; x_wconf 85' lang='lat' dir='ltr'>meth.</span> <span class='ocrx_word' id='word_1_353' title='bbox 972 3907 1054 3978; x_wconf 66' lang='grc' dir='ltr'>τῆσδὲ</span> <span class='ocrx_word' id='word_1_354' title='bbox 1064 3908 1185 3978; x_wconf 68' lang='grc' dir='ltr'>κινήσεως</span> <span class='ocrx_word' id='word_1_355' title='bbox 1197 3910 1382 3980; x_wconf 67' lang='grc' dir='ltr'>μ.479,7ΗῖῙ</span> <span class='ocrx_word' id='word_1_356' title='bbox 1392 3913 1559 3984; x_wconf 82' lang='grc' dir='ltr'>ἀνομοιομερῆ</span> <span class='ocrx_word' id='word_1_357' title='bbox 1571 3912 1630 3982; x_wconf 69' lang='grc' dir='ltr'>ΕῑΗ</span> 
     </span>
     <span class='ocr_line' id='line_1_34' title="bbox 262 3994 1630 4067; baseline 0.004 -20"><span class='ocrx_word' id='word_1_358' title='bbox 262 3999 288 4047; x_wconf 84' lang='grc' dir='ltr'>Χ</span> <span class='ocrx_word' id='word_1_359' title='bbox 306 3996 357 4049; x_wconf 87' lang='grc'>317</span> <span class='ocrx_word' id='word_1_360' title='bbox 385 3997 468 4059; x_wconf 86' lang='lat' dir='ltr'>[Prol.</span> <span class='ocrx_word' id='word_1_361' title='bbox 492 3994 555 4061; x_wconf 78' lang='lat'><strong>93²]</strong></span> <span class='ocrx_word' id='word_1_362' title='bbox 592 3996 605 4067; x_wconf 93' lang='grc' dir='ltr'>Η</span> <span class='ocrx_word' id='word_1_363' title='bbox 638 3999 704 4050; x_wconf 76' lang='grc' dir='ltr'>κατὰ</span> <span class='ocrx_word' id='word_1_364' title='bbox 731 4001 820 4050; x_wconf 87' lang='grc' dir='ltr'>τοῦτον</span> <span class='ocrx_word' id='word_1_365' title='bbox 846 4002 886 4050; x_wconf 78' lang='grc' dir='ltr'>Ε·</span> <span class='ocrx_word' id='word_1_366' title='bbox 907 3995 920 4065; x_wconf 99' lang='grc' dir='ltr'>Η</span> <span class='ocrx_word' id='word_1_367' title='bbox 973 4001 1037 4050; x_wconf 79' lang='lat' dir='ltr'>haee</span> <span class='ocrx_word' id='word_1_368' title='bbox 1049 4003 1070 4049; x_wconf 87' lang='lat' dir='ltr'>si</span> <span class='ocrx_word' id='word_1_369' title='bbox 1083 3999 1162 4048; x_wconf 88' lang='lat' dir='ltr'><strong>modo</strong></span> <span class='ocrx_word' id='word_1_370' title='bbox 1181 4000 1376 4065; x_wconf 80' lang='lat' dir='ltr'>Theophrnstes</span> <span class='ocrx_word' id='word_1_371' title='bbox 1388 4010 1456 4063; x_wconf 76' lang='lat' dir='ltr'>sunt,</span> <span class='ocrx_word' id='word_1_372' title='bbox 1475 4019 1507 4052; x_wconf 82' lang='lat' dir='ltr'>ex</span> <span class='ocrx_word' id='word_1_373' title='bbox 1521 4004 1630 4053; x_wconf 80' lang='lat' dir='ltr'>Aristot.</span> 
     </span>
     <span class='ocr_line' id='line_1_35' title="bbox 262 4082 1632 4157; baseline 0.004 -22"><span class='ocrx_word' id='word_1_374' title='bbox 262 4085 278 4135; x_wconf 86' lang='grc'>9</span> <span class='ocrx_word' id='word_1_375' title='bbox 297 4085 405 4149; x_wconf 82' lang='lat' dir='ltr'>Emped.</span> <span class='ocrx_word' id='word_1_376' title='bbox 425 4103 465 4135; x_wconf 82' lang='lat' dir='ltr'>vv.</span> <span class='ocrx_word' id='word_1_377' title='bbox 479 4084 522 4138; x_wconf 82' lang='lat'>67.</span> <span class='ocrx_word' id='word_1_378' title='bbox 534 4084 612 4138; x_wconf 73' lang='lat' dir='ltr'><strong>GBSt.</strong></span> <span class='ocrx_word' id='word_1_379' title='bbox 642 4087 714 4139; x_wconf 85' lang='lat' dir='ltr'>Sext.</span> <span class='ocrx_word' id='word_1_380' title='bbox 733 4089 749 4136; x_wconf 80' lang='lat'>1.</span> <span class='ocrx_word' id='word_1_381' title='bbox 763 4104 784 4137; x_wconf 83' lang='grc' dir='ltr'>ο.</span> <span class='ocrx_word' id='word_1_382' title='bbox 803 4088 843 4137; x_wconf 88' lang='lat' dir='ltr'>IX</span> <span class='ocrx_word' id='word_1_383' title='bbox 860 4085 891 4137; x_wconf 90' lang='lat'>10</span> <span class='ocrx_word' id='word_1_384' title='bbox 905 4082 918 4151; x_wconf 90' lang='grc' dir='ltr'>Η</span> <span class='ocrx_word' id='word_1_385' title='bbox 974 4086 1164 4153; x_wconf 75' lang='grc' dir='ltr'>ωειορὸγε.13</span> <span class='ocrx_word' id='word_1_386' title='bbox 1183 4107 1207 4155; x_wconf 89' lang='grc' dir='ltr'>ρ.</span> <span class='ocrx_word' id='word_1_387' title='bbox 1219 4088 1324 4142; x_wconf 78' lang='grc'>984·11</span> <span class='ocrx_word' id='word_1_388' title='bbox 1340 4099 1452 4154; x_wconf 78' lang='lat' dir='ltr'>sumpte:</span> <span class='ocrx_word' id='word_1_389' title='bbox 1470 4084 1632 4157; x_wconf 79' lang='grc' dir='ltr'>Ἀναξαγόρας</span> 
     </span>
     <span class='ocr_line' id='line_1_36' title="bbox 262 4168 1631 4245; baseline 0.005 -25"><span class='ocrx_word' id='word_1_390' title='bbox 262 4168 288 4220; x_wconf 77' lang='grc' dir='ltr'>ἓν</span> <span class='ocrx_word' id='word_1_391' title='bbox 301 4168 398 4222; x_wconf 83' lang='grc' dir='ltr'>ἅπαντα</span> <span class='ocrx_word' id='word_1_392' title='bbox 411 4174 518 4225; x_wconf 71' lang='lat' dir='ltr'>nsssu:</span> <span class='ocrx_word' id='word_1_393' title='bbox 538 4171 580 4224; x_wconf 82' lang='grc' dir='ltr'>ὁνα</span> <span class='ocrx_word' id='word_1_394' title='bbox 599 4174 679 4225; x_wconf 84' lang='grc' dir='ltr'>πάντα</span> <span class='ocrx_word' id='word_1_395' title='bbox 690 4175 747 4224; x_wconf 78' lang='lat' dir='ltr'>BF:</span> <span class='ocrx_word' id='word_1_396' title='bbox 766 4171 807 4223; x_wconf 72' lang='grc' dir='ltr'>ἕνα</span> <span class='ocrx_word' id='word_1_397' title='bbox 826 4170 920 4240; x_wconf 84' lang='grc' dir='ltr'>κόσμον</span> <span class='ocrx_word' id='word_1_398' title='bbox 974 4173 1126 4243; x_wconf 63' lang='grc' dir='ltr'>»ἀπείρους</span> <span class='ocrx_word' id='word_1_399' title='bbox 1144 4173 1204 4227; x_wconf 79' lang='grc' dir='ltr'>εἷναί</span> <span class='ocrx_word' id='word_1_400' title='bbox 1222 4191 1283 4245; x_wconf 91' lang='grc' dir='ltr'>φησι</span> <span class='ocrx_word' id='word_1_401' title='bbox 1300 4175 1344 4232; x_wconf 85' lang='grc' dir='ltr'>τὰς</span> <span class='ocrx_word' id='word_1_402' title='bbox 1363 4174 1449 4245; x_wconf 80' lang='grc' dir='ltr'>ἀρχάς.</span> <span class='ocrx_word' id='word_1_403' title='bbox 1480 4175 1567 4245; x_wconf 63' lang='grc' dir='ltr'>σχεδὸν</span> <span class='ocrx_word' id='word_1_404' title='bbox 1585 4176 1631 4245; x_wconf 76' lang='grc' dir='ltr'>γὰρ</span> 
     </span>
     <span class='ocr_line' id='line_1_37' title="bbox 262 4256 1631 4333; baseline 0.003 -24"><span class='ocrx_word' id='word_1_405' title='bbox 262 4259 374 4324; x_wconf 75' lang='lat' dir='ltr'>simplic.</span> <span class='ocrx_word' id='word_1_406' title='bbox 386 4259 425 4310; x_wconf 70' lang='grc' dir='ltr'>λθ</span> <span class='ocrx_word' id='word_1_407' title='bbox 433 4261 463 4311; x_wconf 74' lang='grc' dir='ltr'>Γ4</span> <span class='ocrx_word' id='word_1_408' title='bbox 475 4258 488 4327; x_wconf 92' lang='grc' dir='ltr'>Η</span> <span class='ocrx_word' id='word_1_409' title='bbox 503 4260 534 4313; x_wconf 89' lang='grc'>10</span> <span class='ocrx_word' id='word_1_410' title='bbox 544 4258 684 4329; x_wconf 74' lang='grc' dir='ltr'>φορούμενα</span> <span class='ocrx_word' id='word_1_411' title='bbox 694 4261 807 4325; x_wconf 84' lang='lat' dir='ltr'>Simplie.</span> <span class='ocrx_word' id='word_1_412' title='bbox 817 4256 918 4326; x_wconf 73' lang='lat' dir='ltr'><strong>s.8&#39;4ll</strong></span> <span class='ocrx_word' id='word_1_413' title='bbox 973 4258 1070 4312; x_wconf 77' lang='grc' dir='ltr'>ἅπαντα</span> <span class='ocrx_word' id='word_1_414' title='bbox 1079 4261 1110 4312; x_wconf 78' lang='grc' dir='ltr'>τὰ</span> <span class='ocrx_word' id='word_1_415' title='bbox 1120 4261 1256 4333; x_wconf 80' lang='grc' dir='ltr'>ὁμοιομερῆ</span> <span class='ocrx_word' id='word_1_416' title='bbox 1267 4259 1381 4333; x_wconf 69' lang='grc' dir='ltr'>καθάπερ</span> <span class='ocrx_word' id='word_1_417' title='bbox 1391 4260 1458 4331; x_wconf 82' lang='grc' dir='ltr'>ὕδωρ</span> <span class='ocrx_word' id='word_1_418' title='bbox 1471 4260 1488 4332; x_wconf 81' lang='grc' dir='ltr'>ῆ</span> <span class='ocrx_word' id='word_1_419' title='bbox 1501 4264 1549 4331; x_wconf 86' lang='grc' dir='ltr'>πῦρ</span> <span class='ocrx_word' id='word_1_420' title='bbox 1562 4259 1631 4314; x_wconf 86' lang='grc' dir='ltr'>οῦτω</span> 
     </span>
     <span class='ocr_line' id='line_1_38' title="bbox 262 4342 1631 4421; baseline 0.005 -27"><span class='ocrx_word' id='word_1_421' title='bbox 262 4344 353 4401; x_wconf 83' lang='grc' dir='ltr'>νείκεος</span> <span class='ocrx_word' id='word_1_422' title='bbox 373 4342 443 4414; x_wconf 70' lang='grc' dir='ltr'>ἔχθει</span> <span class='ocrx_word' id='word_1_423' title='bbox 465 4349 595 4399; x_wconf 68' lang='lat' dir='ltr'>Bnfflea:</span> <span class='ocrx_word' id='word_1_424' title='bbox 618 4353 698 4404; x_wconf 83' lang='grc' dir='ltr'>νεῖκος</span> <span class='ocrx_word' id='word_1_425' title='bbox 719 4345 772 4415; x_wconf 77' lang='grc' dir='ltr'>ἔχει</span> <span class='ocrx_word' id='word_1_426' title='bbox 793 4349 832 4397; x_wconf 78' lang='lat' dir='ltr'>oF</span> <span class='ocrx_word' id='word_1_427' title='bbox 853 4343 865 4414; x_wconf 96' lang='grc' dir='ltr'>Η</span> <span class='ocrx_word' id='word_1_428' title='bbox 888 4347 918 4399; x_wconf 86' lang='lat' dir='ltr'>ll</span> <span class='ocrx_word' id='word_1_429' title='bbox 971 4345 1095 4416; x_wconf 79' lang='grc' dir='ltr'>γίγνεσθαι</span> <span class='ocrx_word' id='word_1_430' title='bbox 1104 4351 1148 4402; x_wconf 81' lang='grc' dir='ltr'>καὶ</span> <span class='ocrx_word' id='word_1_431' title='bbox 1161 4347 1315 4403; x_wconf 68' lang='grc' dir='ltr'>ἀπόλλυσθαί</span> <span class='ocrx_word' id='word_1_432' title='bbox 1324 4365 1384 4421; x_wconf 86' lang='grc' dir='ltr'>φησι</span> <span class='ocrx_word' id='word_1_433' title='bbox 1394 4349 1516 4419; x_wconf 84' lang='grc' dir='ltr'>συγκρίσει</span> <span class='ocrx_word' id='word_1_434' title='bbox 1526 4350 1569 4401; x_wconf 83' lang='grc' dir='ltr'>καλ</span> <span class='ocrx_word' id='word_1_435' title='bbox 1579 4348 1631 4401; x_wconf 83' lang='grc' dir='ltr'>δια·</span> 
     </span>
     <span class='ocr_line' id='line_1_39' title="bbox 261 4432 1628 4508; baseline 0.006 -26"><span class='ocrx_word' id='word_1_436' title='bbox 261 4432 320 4484; x_wconf 79' lang='grc' dir='ltr'>πατὲ</span> <span class='ocrx_word' id='word_1_437' title='bbox 334 4434 438 4484; x_wconf 77' lang='lat' dir='ltr'><strong>DEE¹2</strong></span> <span class='ocrx_word' id='word_1_438' title='bbox 457 4434 610 4497; x_wconf 71' lang='grc' dir='ltr'>τοτέαΕ(Β)</span> <span class='ocrx_word' id='word_1_439' title='bbox 624 4432 638 4502; x_wconf 96' lang='grc' dir='ltr'>Η</span> <span class='ocrx_word' id='word_1_440' title='bbox 653 4434 778 4485; x_wconf 84' lang='grc' dir='ltr'>συντάττει</span> <span class='ocrx_word' id='word_1_441' title='bbox 796 4435 919 4485; x_wconf 73' lang='lat' dir='ltr'>BDE⁸F=</span> <span class='ocrx_word' id='word_1_442' title='bbox 971 4435 1049 4505; x_wconf 85' lang='grc' dir='ltr'>κρίσει</span> <span class='ocrx_word' id='word_1_443' title='bbox 1077 4436 1164 4504; x_wconf 91' lang='grc' dir='ltr'>μόνον,</span> <span class='ocrx_word' id='word_1_444' title='bbox 1192 4436 1275 4496; x_wconf 77' lang='grc' dir='ltr'>ἄλλως</span> <span class='ocrx_word' id='word_1_445' title='bbox 1301 4437 1324 4490; x_wconf 84' lang='grc' dir='ltr'>δ’</span> <span class='ocrx_word' id='word_1_446' title='bbox 1346 4435 1403 4490; x_wconf 81' lang='grc' dir='ltr'>οὔτε</span> <span class='ocrx_word' id='word_1_447' title='bbox 1425 4434 1547 4508; x_wconf 77' lang='grc' dir='ltr'>γίγνεσθαι</span> <span class='ocrx_word' id='word_1_448' title='bbox 1571 4434 1628 4490; x_wconf 71' lang='grc' dir='ltr'>οὔτ’</span> 
     </span>
     <span class='ocr_line' id='line_1_40' title="bbox 261 4518 1631 4594; baseline 0.006 -26"><span class='ocrx_word' id='word_1_449' title='bbox 261 4521 344 4571; x_wconf 81' lang='grc' dir='ltr'>τάττει</span> <span class='ocrx_word' id='word_1_450' title='bbox 362 4524 401 4570; x_wconf 84' lang='lat' dir='ltr'>aE</span> <span class='ocrx_word' id='word_1_451' title='bbox 428 4518 441 4587; x_wconf 95' lang='grc' dir='ltr'>Η</span> <span class='ocrx_word' id='word_1_452' title='bbox 464 4522 543 4573; x_wconf 79' lang='grc' dir='ltr'>ταυτά</span> <span class='ocrx_word' id='word_1_453' title='bbox 561 4524 582 4572; x_wconf 79' lang='lat' dir='ltr'>F</span> <span class='ocrx_word' id='word_1_454' title='bbox 603 4520 616 4586; x_wconf 94' lang='grc' dir='ltr'>Η</span> <span class='ocrx_word' id='word_1_455' title='bbox 640 4521 671 4573; x_wconf 75' lang='lat'>12</span> <span class='ocrx_word' id='word_1_456' title='bbox 690 4541 714 4573; x_wconf 83' lang='grc' dir='ltr'>ν.</span> <span class='ocrx_word' id='word_1_457' title='bbox 729 4520 835 4574; x_wconf 82' lang='grc'><strong>77-80</strong></span> <span class='ocrx_word' id='word_1_458' title='bbox 847 4522 884 4574; x_wconf 86' lang='lat' dir='ltr'>St.</span> <span class='ocrx_word' id='word_1_459' title='bbox 906 4518 919 4587; x_wconf 94' lang='grc' dir='ltr'>Η</span> <span class='ocrx_word' id='word_1_460' title='bbox 972 4520 1126 4576; x_wconf 79' lang='grc' dir='ltr'>ἀπόλλυσθαι</span> <span class='ocrx_word' id='word_1_461' title='bbox 1144 4524 1208 4577; x_wconf 76' lang='grc' dir='ltr'>ἀλλὰ</span> <span class='ocrx_word' id='word_1_462' title='bbox 1221 4525 1342 4594; x_wconf 77' lang='grc' dir='ltr'>διαμένειν</span> <span class='ocrx_word' id='word_1_463' title='bbox 1355 4524 1419 4577; x_wconf 85' lang='grc' dir='ltr'>ἀίδια</span> <span class='ocrx_word' id='word_1_464' title='bbox 1439 4524 1452 4592; x_wconf 93' lang='grc' dir='ltr'>Η</span> <span class='ocrx_word' id='word_1_465' title='bbox 1472 4525 1505 4578; x_wconf 77' lang='lat'>23</span> <span class='ocrx_word' id='word_1_466' title='bbox 1524 4525 1631 4577; x_wconf 81' lang='grc' dir='ltr'>ἐνόντων</span> 
     </span>
     <span class='ocr_line' id='line_1_41' title="bbox 261 4607 1630 4682; baseline 0.007 -26"><span class='ocrx_word' id='word_1_467' title='bbox 261 4607 319 4658; x_wconf 71' lang='grc' dir='ltr'>τοτὲ</span> <span class='ocrx_word' id='word_1_468' title='bbox 346 4610 459 4660; x_wconf 86' lang='lat' dir='ltr'>Usener:</span> <span class='ocrx_word' id='word_1_469' title='bbox 491 4607 546 4659; x_wconf 82' lang='grc' dir='ltr'>τότε</span> <span class='ocrx_word' id='word_1_470' title='bbox 574 4611 720 4660; x_wconf 63' lang='grc' dir='ltr'>ΒΒΕλδῑῦι</span> <span class='ocrx_word' id='word_1_471' title='bbox 753 4607 842 4661; x_wconf 72' lang='grc' dir='ltr'>ἄλλοτε</span> <span class='ocrx_word' id='word_1_472' title='bbox 864 4627 881 4659; x_wconf 88' lang='grc' dir='ltr'>α</span> <span class='ocrx_word' id='word_1_473' title='bbox 905 4608 920 4679; x_wconf 94' lang='grc' dir='ltr'>Η</span> <span class='ocrx_word' id='word_1_474' title='bbox 973 4612 1088 4663; x_wconf 78' lang='lat' dir='ltr'>Usener:</span> <span class='ocrx_word' id='word_1_475' title='bbox 1107 4609 1186 4664; x_wconf 80' lang='grc' dir='ltr'>ὄντων</span> <span class='ocrx_word' id='word_1_476' title='bbox 1205 4616 1279 4664; x_wconf 87' lang='lat' dir='ltr'>codd.</span> <span class='ocrx_word' id='word_1_477' title='bbox 1301 4611 1363 4681; x_wconf 75' lang='lat'>{124</span> <span class='ocrx_word' id='word_1_478' title='bbox 1382 4612 1630 4682; x_wconf 78' lang='grc' dir='ltr'>χαρακτηριξομίνας</span> 
     </span>
     <span class='ocr_line' id='line_1_42' title="bbox 263 4691 1630 4768; baseline 0.007 -23"><span class='ocrx_word' id='word_1_479' title='bbox 263 4691 347 4746; x_wconf 81' lang='grc' dir='ltr'>πλέον’</span> <span class='ocrx_word' id='word_1_480' title='bbox 363 4713 392 4747; x_wconf 75' lang='grc' dir='ltr'>αι</span> <span class='ocrx_word' id='word_1_481' title='bbox 414 4694 489 4747; x_wconf 79' lang='grc' dir='ltr'>πλέον</span> <span class='ocrx_word' id='word_1_482' title='bbox 500 4700 701 4763; x_wconf 75' lang='lat' dir='ltr'>superscriptos</span> <span class='ocrx_word' id='word_1_483' title='bbox 722 4699 832 4749; x_wconf 77' lang='lat' dir='ltr'>DEE⁸F</span> <span class='ocrx_word' id='word_1_484' title='bbox 853 4694 867 4765; x_wconf 96' lang='grc' dir='ltr'>Η</span> <span class='ocrx_word' id='word_1_485' title='bbox 889 4698 920 4751; x_wconf 86' lang='grc'>13</span> <span class='ocrx_word' id='word_1_486' title='bbox 973 4700 1023 4749; x_wconf 81' lang='grc' dir='ltr'>ΒΕ</span> <span class='ocrx_word' id='word_1_487' title='bbox 1044 4697 1057 4765; x_wconf 96' lang='grc' dir='ltr'>Η</span> <span class='ocrx_word' id='word_1_488' title='bbox 1078 4698 1168 4768; x_wconf 81' lang='grc' dir='ltr'>χρυσός</span> <span class='ocrx_word' id='word_1_489' title='bbox 1186 4699 1241 4752; x_wconf 90' lang='grc' dir='ltr'>κτλ.</span> <span class='ocrx_word' id='word_1_490' title='bbox 1272 4704 1332 4752; x_wconf 80' lang='lat' dir='ltr'>hinc</span> <span class='ocrx_word' id='word_1_491' title='bbox 1356 4703 1481 4766; x_wconf 83' lang='lat' dir='ltr'><strong>Simplicii</strong></span> <span class='ocrx_word' id='word_1_492' title='bbox 1507 4714 1630 4768; x_wconf 75' lang='lat' dir='ltr'>excerpta</span> 
     </span>
     <span class='ocr_line' id='line_1_43' title="bbox 262 4775 1629 4854; baseline 0.004 -20"><span class='ocrx_word' id='word_1_493' title='bbox 262 4782 335 4851; x_wconf 80' lang='grc' dir='ltr'>ήίρος</span> <span class='ocrx_word' id='word_1_494' title='bbox 351 4786 439 4835; x_wconf 62' lang='lat' dir='ltr'>amn:</span> <span class='ocrx_word' id='word_1_495' title='bbox 459 4781 531 4851; x_wconf 84' lang='grc' dir='ltr'>ἀέρος</span> <span class='ocrx_word' id='word_1_496' title='bbox 543 4783 605 4832; x_wconf 78' lang='lat' dir='ltr'>DE:</span> <span class='ocrx_word' id='word_1_497' title='bbox 618 4780 718 4853; x_wconf 78' lang='grc' dir='ltr'>αίδίρος</span> <span class='ocrx_word' id='word_1_498' title='bbox 730 4786 850 4836; x_wconf 78' lang='lat' dir='ltr'>Clemens</span> <span class='ocrx_word' id='word_1_499' title='bbox 863 4775 877 4852; x_wconf 92' lang='grc' dir='ltr'>Η</span> <span class='ocrx_word' id='word_1_500' title='bbox 890 4785 921 4836; x_wconf 80' lang='grc'>14</span> <span class='ocrx_word' id='word_1_501' title='bbox 973 4789 1082 4838; x_wconf 75' lang='lat' dir='ltr'>sortasse</span> <span class='ocrx_word' id='word_1_502' title='bbox 1100 4791 1205 4854; x_wconf 84' lang='lat' dir='ltr'>propius</span> <span class='ocrx_word' id='word_1_503' title='bbox 1230 4789 1263 4839; x_wconf 82' lang='lat' dir='ltr'>sd</span> <span class='ocrx_word' id='word_1_504' title='bbox 1286 4789 1459 4854; x_wconf 82' lang='lat' dir='ltr'>Theophrasti</span> <span class='ocrx_word' id='word_1_505' title='bbox 1482 4792 1629 4854; x_wconf 83' lang='lat' dir='ltr'>exemplum</span> 
     </span>
     <span class='ocr_line' id='line_1_44' title="bbox 262 4869 1630 4942; baseline 0.004 -20"><span class='ocrx_word' id='word_1_506' title='bbox 262 4869 922 4939; x_wconf 67' lang='grc' dir='ltr'>ἀπάλαιστονὁκάστιρσυιιί.Πσειιετ,οιιίὸοἰιάτάλαν-</span> <span class='ocrx_word' id='word_1_507' title='bbox 974 4875 1100 4925; x_wconf 75' lang='lat' dir='ltr'>secedunt</span> <span class='ocrx_word' id='word_1_508' title='bbox 1118 4871 1132 4942; x_wconf 94' lang='grc' dir='ltr'>Η</span> <span class='ocrx_word' id='word_1_509' title='bbox 1152 4873 1215 4925; x_wconf 76' lang='grc' dir='ltr'>πολύ</span> <span class='ocrx_word' id='word_1_510' title='bbox 1235 4876 1359 4926; x_wconf 53' lang='lat' dir='ltr'>mmm</span> <span class='ocrx_word' id='word_1_511' title='bbox 1377 4874 1441 4927; x_wconf 78' lang='grc' dir='ltr'>πολὺ</span> <span class='ocrx_word' id='word_1_512' title='bbox 1459 4873 1487 4927; x_wconf 85' lang='grc' dir='ltr'>τὸ</span> <span class='ocrx_word' id='word_1_513' title='bbox 1506 4893 1523 4925; x_wconf 89' lang='grc' dir='ltr'>α</span> <span class='ocrx_word' id='word_1_514' title='bbox 1543 4873 1556 4942; x_wconf 94' lang='grc' dir='ltr'>Η</span> <span class='ocrx_word' id='word_1_515' title='bbox 1577 4875 1630 4928; x_wconf 79' lang='grc' dir='ltr'>ἐστὶ</span> 
     </span>
     <span class='ocr_line' id='line_1_45' title="bbox 261 4955 1298 5027; baseline 0.004 -18"><span class='ocrx_word' id='word_1_516' title='bbox 261 4976 305 5009; x_wconf 88' lang='grc' dir='ltr'>τον</span> <span class='ocrx_word' id='word_1_517' title='bbox 318 4959 429 5026; x_wconf 76' lang='grc' dir='ltr'>ἐκάστιρι</span> <span class='ocrx_word' id='word_1_518' title='bbox 446 4955 583 5008; x_wconf 83' lang='grc' dir='ltr'>ἀτάλαντον</span> <span class='ocrx_word' id='word_1_519' title='bbox 596 4955 692 5027; x_wconf 81' lang='grc' dir='ltr'>ἁπάντη</span> <span class='ocrx_word' id='word_1_520' title='bbox 706 4959 832 5023; x_wconf 62' lang='grc' dir='ltr'>(ἳάπαντι)</span> <span class='ocrx_word' id='word_1_521' title='bbox 850 4961 921 5012; x_wconf 75' lang='lat' dir='ltr'>Sexn</span> <span class='ocrx_word' id='word_1_522' title='bbox 974 4961 1060 5011; x_wconf 78' lang='lat' dir='ltr'><strong>DEF:</strong></span> <span class='ocrx_word' id='word_1_523' title='bbox 1079 4977 1130 5012; x_wconf 86' lang='lat' dir='ltr'>nm.</span> <span class='ocrx_word' id='word_1_524' title='bbox 1149 4980 1179 5013; x_wconf 85' lang='lat' dir='ltr'>a:</span> <span class='ocrx_word' id='word_1_525' title='bbox 1198 4967 1298 5014; x_wconf 85' lang='lat' dir='ltr'>correxi</span> 
     </span>
    </p>
   </div>
   <div class='ocr_carea' id='block_1_5' title="bbox 0 0 1738 5586">
    <p class='ocr_par' dir='ltr' id='par_1_7' title="bbox 0 0 1738 5586">
     <span class='ocr_line' id='line_1_46' title="bbox 0 0 1738 5586; baseline 0 0"><span class='ocrx_word' id='word_1_526' title='bbox 0 0 1738 5586; x_wconf 95' lang='lat' dir='ltr'> </span> 
     </span>
    </p>
   </div>
  </div>
 </body>
</html>
