3442 5588
409 369 488 421 Anu
505 368 642 419 DIDYMI
659 367 845 422 EPITOMES
863 369 916 419 FR.
935 366 1036 419 PHYS.
1049 364 1092 419 27.
1105 365 1139 419 28
1343 407 1347 414 .
1388 366 1451 431 463

89 537 246 622 δέχεσθαι·
274 537 315 619 μὴ
344 535 416 600 εἰναι
445 536 478 600 δὲ
504 535 608 600 ταύτόν
630 537 664 601 τό
685 559 718 600 τε
738 537 822 600 ποιόν
845 534 925 605 ἰδίως
947 537 995 599 καὶ
1017 538 1069 620 τὴν
1092 536 1191 600 οὐσίαν
1215 535 1258 618 [δ]
1281 533 1311 604 ἐξ
1333 535 1369 619 ής
1390 533 1451 598 ἔστι

89 644 187 717 τοῦτο,
210 640 251 723 μὴ
275 637 372 721 μέντοι
394 661 427 720 γε
449 636 518 720 μηδ’
546 638 660 723 ἕτερον,
687 640 763 703 ἀλλὰ
785 638 872 722 μόνον
894 637 928 701 οὐ
950 637 1054 703 ταύτόν
1076 640 1179 703 διὰτὸ
1201 639 1248 702 καὶ
1272 637 1359 723 μέρος
1379 637 1452 701 εἶναι

88 747 143 826 τῆς
170 741 269 810 οὐσίας
295 742 343 805 καὶ
373 741 422 803 τὸν
448 739 536 803 αὐτόν
559 740 675 828 ἐπέχειν
698 742 802 818 τόπον,
832 739 868 802 τὰ
890 737 914 802 δ’
943 739 1027 824 ἕτερα
1049 746 1134 805 τινῶν
1156 739 1297 823 λεγόμενα
1320 743 1378 805 δεῖν
1400 741 1449 805 καὶ

90 844 173 929 τόπῳ
196 843 377 929 κεχωρίσθαι
400 842 449 907 καὶ
471 841 539 925 μηδ’
566 843 597 906 ἐν
620 844 700 929 μέρει
723 842 911 928 θεωρεῖσθαι.

176 943 218 1009 Τὸ
245 945 278 1007 δὲ
306 944 347 1027 μή
370 943 442 1008 εἶναι
464 944 553 1009 ταύτὸ
575 947 608 1011 τό
629 971 662 1010 τε
682 948 758 1012 κατὰ
778 948 812 1011 τό
835 945 915 1014 ἰδίως
936 945 1019 1008 ποιὸν
1041 945 1089 1008 καί
1112 945 1144 1007 τδ
1166 945 1240 1008 κατὰ
1262 946 1315 1029 τὴν
1338 943 1448 1022 οὐσίαν,
1466 971 1478 1008 ο

88 1051 178 1134 δῆλον
199 1047 274 1112 εἶναι’
294 1069 381 1132 φησιν
402 1049 417 1111 ὑ
441 1045 674 1136 Μνήσαρχος·
698 1052 853 1133 ἀναγκαῖον
868 1047 922 1131 γάρ
937 1051 996 1116 τοῖς
1010 1046 1108 1117 αὐτοῖς
1123 1047 1214 1111 ταύτὰ
1229 1046 1451 1132 συμβεβηκέναι.

88 1153 115 1215 εἰ
137 1153 192 1235 γάρ
213 1174 255 1220 τις
278 1151 390 1219 πλάσας
412 1150 499 1214 ίππον
521 1151 608 1234 λόγου
627 1153 712 1237 χάριν
728 1152 925 1226 συνθλάσειεν,
947 1147 1046 1213 ἔπειτα
1061 1150 1133 1213 κύνα
1146 1153 1303 1235 ποιήσειεν,
1324 1148 1452 1231 εὐλόγως

89 1253 125 1318 ἂν
147 1255 226 1337 ἡμᾶς
249 1252 361 1323 ἰδόντας
383 1252 484 1329 εἰπεῖν,
506 1252 549 1317 ότι
572 1252 649 1317 τοῦτ’
677 1254 732 1318 οὐκ
753 1253 790 1338 ήν
812 1255 911 1329 παλαι,
934 1256 982 1316 νῦν
1005 1250 1031 1314 δ’
1053 1253 1144 1315 ἐστίν·
1168 1251 1243 1317 ὥσθ’
1265 1253 1361 1338 ἕτερον
1379 1251 1451 1315 εἶναι

88 1359 122 1421 τό
144 1357 192 1420 ἐπὶ
214 1360 266 1420 τοῦ
290 1359 375 1418 ποιοῦ
397 1355 551 1437 λεγόμενον
574 1355 606 1419 τό
630 1379 662 1419 τε
683 1355 758 1438 [καί]
781 1356 829 1419 ἐπὶ
851 1359 904 1439 τῆς
931 1353 1042 1423 οὐσίας.
1079 1355 1208 1419 καθόλου
1236 1358 1359 1439 νομίζειν
1385 1354 1451 1422 τοὺς

88 1459 196 1528 αὐτοὺς
216 1459 295 1542 ἡμᾶς
317 1457 389 1521 εἰναι
411 1463 474 1527 ταῖς
496 1457 606 1526 οὐσίαις
629 1458 770 1522 ἀπίθανον
793 1457 865 1521 εἶναι
887 1458 1032 1542 φαίνεται·
1063 1458 1201 1526 πολλάκις
1222 1458 1276 1541 γὰρ
1298 1457 1447 1543 συμβαίνει
1468 1480 1492 1518 ιο

86 1562 140 1645 τὴν
164 1562 216 1643 μὲν
238 1559 338 1624 οὐσίαν
361 1563 502 1646 ὑπάρχειν
523 1561 579 1643 πρδ
602 1564 654 1645 τῆς
676 1561 815 1643 γενέσεως
836 1560 861 1622 εἰ
884 1560 968 1644 τύχοι
989 1563 1042 1642 τῆς
1056 1557 1239 1644 Σωκράτους,
1261 1561 1310 1622 τδν
1337 1561 1370 1622 δὲ
1390 1559 1451 1622 Σω-

86 1666 195 1748 κράτην
218 1663 342 1747 μηδέπω
365 1666 520 1748 ὑπάρχειν,
547 1664 595 1726 καί
619 1663 692 1745 μετὰ
714 1664 767 1746 τήν
789 1667 840 1726 τοῦ
863 1661 1037 1745 Σωκράτους
1059 1660 1202 1744 ἀναίρεσιν
1225 1662 1376 1744 ὑπομένειν
1399 1662 1451 1745 μὲν

86 1768 141 1850 τὴν
163 1767 273 1843 οὐσίαν,
295 1768 383 1831 αὐτόν
406 1769 439 1831 δὲ
462 1763 564 1850 μηκέτ’
592 1763 674 1829 εἶναι.

749 2054 790 2119 28

151 2161 236 2214 Stob.
255 2163 300 2212 οοΙ.
313 2163 327 2212 Ι
342 2160 372 2212 17
392 2177 416 2225 ρ.
430 2158 609 2212 374-378Η.

176 2260 389 2346 Χρύσιππος
411 2261 444 2324 δὲ
465 2261 595 2325 τοιοῦτόν
617 2284 644 2324 τι
667 2261 877 2347 διεβεβαιοῦτο·
903 2260 1032 2326 εἶναιτὸ
1056 2262 1087 2326 δν
1110 2265 1223 2344 πνεῦμα
1245 2265 1340 2325 κινοῦν
1363 2261 1450 2323 ἑαυτὸ

87 2367 161 2449 πρὸς
184 2365 270 2429 ἑαυτό
293 2366 340 2428 καί
362 2363 393 2434 ἐξ
415 2364 516 2441 αὑτοῦ,
538 2364 558 2447 ἢ
582 2368 696 2446 πνεῦμα
717 2365 804 2428 ἑαυτὸ
826 2368 921 2428 κινοῦν
944 2365 1046 2449 πρόσω
1068 2365 1116 2428 καί
1140 2364 1248 2428 όπίσω·
1280 2367 1394 2445 πνεῦμα
1416 2363 1449 2426 δὲ
1467 2387 1491 2425 ιι

86 2467 223 2552 εἴληπται
246 2467 347 2531 διὰτὸ
369 2466 506 2549 λέγεσθαι
528 2466 600 2531 αὐτὸ
623 2465 696 2551 ἀέρα
717 2466 789 2531 εἶναι
811 2466 993 2549 κινούμενον·
1015 2469 1154 2549 ἀνάλογον
1177 2467 1210 2531 δὲ
1231 2467 1360 2549 γίνεσθαι
1380 2466 1450 2528 κάπί

86 2574 140 2634 τοῦ
162 2569 290 2654 αἰθέρος,
313 2570 389 2633 ὥστε
412 2571 459 2633 καὶ
482 2569 524 2639 εἰς
545 2570 640 2633 κοινόν
662 2569 746 2653 λόγον
768 2573 866 2632 πεσεῖν
888 2569 972 2635 αὐτά.
1006 2571 1027 2653 ή
1050 2569 1167 2652 τοιαύτη
1190 2570 1223 2632 δὲ
1244 2568 1355 2652 κίνησις
1376 2567 1450 2631 κατὰ

88 2672 196 2756 μόνους
222 2672 328 2754 γίνεται
357 2671 423 2742 τούς
451 2672 618 2753 νομίζοντας
646 2673 699 2755 τὴν
728 2671 828 2737 οὐσίαν
856 2675 953 2735 πᾶσαν
986 2673 1149 2757 μεταβολήν
1182 2671 1373 2757 ἐπιδέχεσθαι
1402 2671 1450 2733 καὶ

86 2776 227 2860 σύγχυσιν
253 2775 302 2837 καὶ
328 2773 464 2837 σύστασιν
491 2776 540 2838 καί
567 2774 699 2858 σύμμιξιν
727 2776 775 2839 καί
804 2775 950 2860 σύμφυσιν
976 2776 1024 2838 καὶ
1055 2775 1091 2838 τὰ
1119 2776 1230 2845 τούτοις
1250 2774 1449 2857 παραπλήσια.

87 2878 234 2962 διαφέρειν
256 2876 310 2960 γὰρ
332 2877 448 2959 ἀρέσκει
476 2882 536 2947 τοῖς
558 2879 616 2942 ἀπὸ
639 2883 691 2962 τῆς
712 2877 870 2962 Στωικῆς
893 2877 1032 2961 αἱρέσεως
1059 2879 1218 2961 παράθεσιν
1246 2874 1318 2959 μῖξιν
1347 2878 1447 2958 κρᾶσιν
1466 2899 1490 2938 ιο

88 2980 243 3063 σύγχυσιν·
270 2977 431 3061 παράθεσιν
458 2979 510 3060 μὲν
536 2980 591 3062 γὰρ
613 2979 685 3042 εἰναι
713 2981 858 3063 σωμάτων
881 2981 1011 3064 συναφὴν
1035 2980 1109 3043 κατὰ
1130 2981 1181 3050 τὰς
1203 2977 1385 3064 ἐπιφανείας,
1408 2981 1449 3048 ιὺς
1533 2994 1535 2998 “

85 3082 135 3145 ἐπὶ
157 3086 216 3144 τῶν
235 3085 339 3164 σωρῶν
355 3083 480 3164 δρῶμεν,
503 3082 533 3145 ἐν
557 3082 600 3152 οἷς
622 3082 707 3166 πυροί
727 3106 759 3146 τε
781 3084 829 3146 καὶ
851 3083 950 3167 κριθαὶ
972 3083 1020 3146 καί
1042 3083 1130 3166 φακοὶ
1154 3081 1201 3145 καί
1222 3079 1253 3144 εἴ
1262 3103 1324 3144 τινα
1338 3080 1449 3150 τούτοις

85 3183 162 3248 ἄλλα
189 3185 378 3267 παραπλήσια
405 3182 585 3268 περιέχεται,
618 3186 666 3247 καί
700 3190 758 3247 τῶν
786 3185 834 3248 ἐπὶ
860 3190 919 3248 τῶν
945 3185 1084 3267 αἰγιαλῶν
1114 3186 1220 3270 ψήφων
1246 3184 1294 3247 καί
1327 3182 1447 3266 άμμων·

85 3286 162 3369 μῖξιν
185 3284 210 3348 δ’
239 3286 310 3349 εἰναι
333 3286 384 3350 δύο
407 3287 491 3371 ήκαί
506 3287 646 3350 πλειόνων
661 3289 806 3369 σωμάτων
822 3288 1059 3372 ἀντιπαρέκτασιν
1074 3286 1110 3350 δι’
1133 3289 1219 3363 όλων,
1242 3287 1449 3368 ὑπομενουσῶν

83 3394 145 3452 τῶν
168 3393 309 3474 ουμφυῶν
332 3390 395 3473 περὶ
418 3389 493 3452 αὐτὰ
513 3392 687 3474 ποιοτήτων,
710 3393 751 3461 ῶς
772 3390 821 3454 ἐπὶ
842 3395 894 3454 τού
916 3391 1007 3474 πυρδς
1028 3388 1092 3475 ἔχει
1115 3391 1163 3453 καί
1186 3394 1237 3453 τοῦ
1260 3411 1446 3472 πεπυρακτω·
1464 3413 1489 3452 νο

84 3493 174 3575 μένου
200 3494 335 3576 σιδήρου·
363 3492 410 3554 ἐπὶ
437 3493 546 3556 τούτων
581 3494 635 3577 γὰρ
662 3491 733 3577 (δι’)
760 3493 837 3558 ὅλων
866 3493 995 3576 γίνεσθαι
1024 3498 1082 3555 τῶν
1114 3493 1259 3573 σωμάτων
1292 3490 1345 3574 τὴν
1375 3491 1448 3554 ἀντι-

84 3597 272 3680 παρέκτασιν.
310 3595 419 3678 ὁμοίως
445 3596 478 3658 δὲ
506 3596 577 3659 κάπί
604 3600 662 3659 τῶν
689 3596 720 3659 ἐν
746 3598 817 3680 ἡμῖν
839 3601 943 3680 ψυχῶν
965 3593 1042 3680 ἔχει·
1070 3593 1107 3657 δι’
1136 3595 1213 3658 όλων
1235 3593 1289 3678 γὰρ
1310 3599 1369 3657 τῶν
1392 3614 1448 3656 σω·

85 3699 185 3780 μάτων
212 3699 298 3781 ἡμῶν
329 3697 635 3780 ἀντιπαρεκτείνουσιν·
663 3699 780 3783 ἀρέσκει
806 3698 860 3782 γὰρ
888 3699 986 3768 αὐτοῖς
1015 3701 1103 3779 σῶμα
1132 3697 1180 3761 διδ
1212 3698 1347 3779 σώματος
1374 3696 1448 3759 ἀντι-

84 3802 236 3883 παρήκειν.
259 3803 360 3884 κρᾶσιν
383 3797 408 3863 δ’
436 3797 507 3862 εἶναι
529 3799 643 3882 λέγουσι
665 3799 717 3864 δύο
740 3800 759 3884 ἢ
783 3802 832 3864 καὶ
855 3800 995 3864 πλειόνων
1019 3801 1165 3882 σωμάτων
1188 3801 1282 3883 ὑγρῶν
1305 3796 1341 3861 δι’
1371 3797 1447 3860 όλων

84 3901 322 3986 άντιπαρέκτασιν
345 3906 404 3964 τῶν
426 3903 490 3986 περὶ
512 3902 587 3965 αὐτὰ
609 3906 770 3987 ποιοτήτων
794 3905 1010 3985 ὑπομενουσῶν.
1047 3899 1196 3986 <κα1>τὴν
1220 3902 1271 3984 μὲν
1295 3899 1369 3982 μῖξιν
1394 3900 1487 3964 καλου

83 4005 133 4069 έπί
161 4003 255 4087 ξηρῶν
282 4005 429 4087 γίγνεσθαι
455 4006 614 4086 σωμάτων,
642 4005 702 4069 οἶον
728 4008 818 4090 πυρδς
840 4008 888 4070 καί
911 4007 1030 4089 σιδήρου
1053 4007 1151 4088 ψυχῆς
1172 4025 1204 4065 τε
1225 4003 1274 4066 καί
1296 4006 1348 4066 τοῦ
1370 4025 1447 4085 περι·

83 4106 204 4192 έχοντυς
229 4105 321 4189 αὐτὴν
348 4108 499 4188 σώματος,
530 4108 583 4190 τἠν
611 4108 644 4170 δὲ
669 4112 769 4192 κρᾶσιν
796 4109 844 4172 ἐπὶ
871 4108 968 4190 μόνων
994 4107 1065 4191 φασὶ
1091 4104 1221 4187 γίνεσθαι
1248 4108 1308 4168 τῶν
1337 4106 1445 4189 ὑγρῶν·

85 4279 98 4330 l
119 4277 180 4330 εἶναί
200 4296 227 4330 τε
249 4285 288 4333 A:
308 4285 408 4333 correxi
428 4278 441 4348 ΙΙ
461 4277 475 4330 δ
492 4282 588 4332 delevit
605 4283 708 4332 Heeren
725 4278 738 4349 Η
789 4300 814 4348 p.
827 4279 922 4334 43311.
941 4277 1005 4348 μῖξις
1024 4277 1069 4346 μὲν
1087 4276 1130 4329 οὑν
1143 4276 1269 4345 σωμάτων
1281 4274 1447 4345 διαφερόντων

82 4364 165 4435 δτίγν
183 4366 268 4419 οὐσίαν
294 4372 333 4420 Αι
357 4386 422 4421 corr.
441 4371 498 4421 eod.
517 4372 576 4421 Vat.
593 4366 606 4436 Η
621 4369 637 4421 4
655 4367 741 4420 τόπων
790 4367 856 4421 ἰστ1ν
878 4365 926 4419 οὐκ
949 4366 975 4419 ἰν
997 4365 1085 4434 κόσμῳ
1108 4361 1248 4434 παράθεσις.
1276 4361 1360 4432 ὥσπερ
1378 4361 1408 4414 ἂν
1427 4361 1450 4414 εἰ

81 4457 104 4506 F
124 4453 138 4523 Ιί
163 4458 178 4510 6
202 4460 282 4507 ταῦτα
307 4468 367 4508 ante
396 4459 553 4508 Heerenium
583 4455 594 4523 β
625 4458 641 4509 9
663 4454 692 4508 τδ
715 4454 740 4508 δὲ
789 4472 826 4513 τις
845 4453 926 4524 σωρὸν
944 4451 1040 4522 ποιήσει
1059 4448 1147 4522 κριθὰς
1165 4451 1209 4503 καὶ
1226 4451 1318 4520 πυρυὺς
1331 4450 1375 4502 καὶ
1392 4447 1447 4520 όρό-

81 4543 127 4595 καὶ
144 4547 182 4595 A:
201 4561 267 4596 corr.
284 4547 386 4596 Heeren
405 4548 449 4608 qui
465 4555 523 4610 post
541 4540 651 4595 καθόλου
670 4546 742 4595 addit
794 4541 852 4611 βους
877 4543 921 4595 καὶ
943 4539 1008 4593 ἄλλα
1030 4540 1062 4592 τὰ
1084 4539 1113 4603 [l.
1137 4535 1189 4589 ἄλλ’
1215 4537 1290 4604 ἄττα]
1318 4536 1371 4608 είδη
1394 4541 1448 4588 τῶν

81 4629 126 4681 οὑν
145 4630 158 4699 l}
180 4630 213 4683 12
231 4632 278 4701 τήν
296 4635 345 4700 τῆς
360 4634 398 4682 A:
418 4636 519 4683 correxi
792 4634 908 4699 σπαρτῶν
926 4629 961 4687 εἰς
978 4626 1069 4680 ταύτὸν
1087 4624 1232 4694 εἰσενεγκὼν
1252 4624 1264 4693 β
1285 4624 1318 4678 2ss
1336 4622 1365 4676 δι’
1380 4621 1448 4676 ύλων

120 4720 152 4771 13
171 4722 203 4770 de
216 4723 266 4771 hoe
278 4724 309 4771 fr.
322 4722 376 4770 dixi
390 4722 461 4771 Prol.
479 4737 503 4784 p.
514 4716 608 4782 73sqq.
622 4734 631 4768 1
646 4734 667 4769 11
682 4733 710 4769 νι
726 4714 738 4784 β
791 4735 824 4769 εκ
844 4736 867 4769 v.
878 4716 920 4769 24.
933 4716 975 4770 27.
990 4715 1024 4768 29
1043 4715 1176 4766 Meineke:
1195 4710 1253 4766 όλον
1272 4714 1308 4765 C:
1326 4708 1386 4764 όλυυ
1399 4715 1419 4764 F
1432 4707 1446 4781 Η

84 4807 116 4860 16
135 4807 198 4858 κάπὶ
220 4811 265 4859 τοῦ
283 4811 372 4873 scripsi
396 4810 428 4858 cf.
448 4826 471 4856 v.
486 4804 532 4858 27:
555 4803 661 4856 κᾶπειτα
680 4809 705 4855 Α
725 4802 739 4874 Ιγ
792 4803 825 4857 27
840 4802 905 4872 ἔχειν
918 4806 1088 4871 probabiliter
1098 4805 1202 4854 Usener
1216 4799 1229 4868 Η
1244 4799 1279 4854 30
1291 4801 1335 4853 καὶ
1347 4803 1447 4853 addidit

83 4895 115 4948 19
137 4893 208 4965 χύσιν
227 4900 264 4947 A:
284 4911 349 4945 corr.
369 4898 470 4946 Heeren
491 4892 503 4960 β
524 4892 556 4944 22
576 4898 651 4963 σιρῶν
674 4897 740 4947 coni.
792 4894 922 4954 Meineke,
941 4889 984 4943 οὑν
1002 4901 1061 4958 post
1079 4888 1124 4958 μὲν
1141 4892 1244 4942 Ηεεπειι

81 4987 217 5048 Meineke,
235 4987 281 5037 sed
300 4985 331 5035 cf.
351 4986 428 5036 Philo
447 4984 478 5034 de
498 4983 595 5034 consus.
614 4985 693 5047 lingu.
706 4979 739 5034 37
