3442 5588
178 1002 450 1100 :It-2²···t0rmam
466 1025 666 1091 materiam
682 1021 944 1107 privationem

293 345 313 408 ρ
359 395 362 401 ,
515 308 687 437 ..glju‘z'n's
706 343 975 397 ruursacarsu
995 336 1183 423 arrrours
1202 344 1374 395 ιιιιιιοιιιι

335 488 600 600 Empe-‚docies
658 510 971 595 Agrigentinus*
1038 519 1081 576 20.
1112 511 1352 597 Ἐμπεδοκλῆς
1380 511 1518 582 Μέτωνος
1536 511 1655 596 Ἄκρο-

291 606 597 709 ignem,{·a'l1uam
633 633 760 681 aerem
797 620 944 680 terram
995 621 1163 698 γαντῖνος
1189 616 1312 701 τέτταρα
1341 616 1393 697 μὲν
1415 616 1492 699 λέγει
1516 621 1656 700 στοιχεῖα,

291 724 329 800 et
362 712 668 803 dpb'prineipia
701 735 872 782 amorem
905 722 945 782 et
968 742 972 775 ι
996 722 1066 803 πῦρ
1088 719 1176 803 ἀέρα
1199 719 1292 804 ὕδωρ
1314 722 1395 802 γῆν,
1418 718 1480 781 δύο
1503 718 1536 780 δὲ
1557 719 1657 803 ἀρχι-

260 894 268 910 ·
293 808 418 918 ollium
968 838 972 911 j
997 819 1059 889 κὰτ
1074 822 1256 901 δυνάμεις,
1272 820 1395 903 φιλίαν
1407 843 1443 883 τε
1458 820 1516 882 καὶ
1529 825 1655 890 νεῖκος·

220 916 572 1009 .·’;.··,·ἈιίιιοιθΙθι
588 920 818 987 Nicomachi
833 919 945 985 filius
968 914 972 961 ῗ
1038 930 1081 985 ιι.
1114 921 1364 1007 Ἀριστοτέλης
1384 923 1421 984 δὲ
1444 920 1655 1007 Νικομάχου

239 1102 247 1119 ι
968 968 1234 1108 ΙΣταγειρίτης
1271 1023 1385 1110 ἀρχὰς
1418 1024 1479 1105 μὲν
1519 1024 1654 1087 ἐντελέ-

209 1111 222 1159 ⁰·
291 1127 495 1193 elementa
518 1135 685 1209 (puetuor
707 1132 745 1191 et
767 1122 943 1208 quintum
995 1150 1098 1211 χειαν
1124 1125 1209 1210 ἤτοι
1236 1125 1334 1195 εἶδος
1362 1125 1447 1208 ὅλην
1474 1125 1656 1210 στέρησιν,

290 1228 491 1295 aetherem
969 1210 972 1269 Ῑ
997 1233 1166 1313 στοιχεῖα
1188 1228 1228 1290 δὲ
1250 1227 1417 1312 τέσσαρα,
1440 1228 1600 1309 πέμπτον
1624 1227 1655 1289 δέ

968 1350 972 1389 ι
995 1353 1021 1392 τι
1044 1334 1131 1412 σῶμα
1153 1328 1318 1414 αἰθέριον
1341 1331 1551 1414 ἀμετάβλητον.

333 1433 591 1517 Empedocles
618 1432 802 1498 mundum
832 1422 972 1497 unuml
1039 1433 1104 1495 bt.
1135 1430 1386 1517 Ἐμπεδοκλῆς
1433 1434 1471 1495 δὲ
1518 1432 1655 1514 κόσμον

290 1555 359 1601 nee
400 1541 527 1601 tamen
570 1535 794 1600 universum
831 1534 943 1601 esee¹
968 1502 973 1617 Ι
997 1533 1073 1603 ἕνα,
1100 1534 1139 1598 οὐ
1167 1534 1289 1617 μέντοι
1317 1537 1356 1598 τὸ
1387 1539 1454 1598 πᾶν
1477 1533 1567 1598 εἶναι
1596 1537 1654 1597 τὸν

290 1637 401 1701 illum
425 1638 493 1702 secl
516 1638 698 1702 minorem
726 1635 844 1702 istius
865 1636 946 1702 uni·
969 1640 972 1753 1
996 1636 1148 1719 κόσμον,
1169 1638 1258 1701 ἀλλὰ
1284 1638 1406 1720 ὀλίγον
1428 1660 1459 1699 τι
1486 1642 1547 1701 τοῦ
1568 1661 1654 1701 οταν-

290 1738 395 1805 versi
427 1745 596 1822 partem,
627 1738 819 1821 reliquum
853 1759 944 1805 vero
969 1788 972 1827 ,
996 1740 1056 1808 τις
1088 1739 1211 1823 μέρος,
1245 1743 1282 1804 τι
1312 1742 1351 1804 δι
1384 1740 1508 1803 λοιπὸν
1543 1741 1654 1824 ἀργὴν

290 1840 437 1907 inertes
458 1839 668 1906 materiae¹
998 1842 1102 1924 ὕλην.

332 1944 434 2009 Zeno
457 1943 637 2008 Mnaseas
658 1942 794 2007 lilius·
815 1963 945 2010 aerem
1040 1945 1060 2007 3
1082 1951 1125 2006 ιι.
1159 1942 1284 2029 Ζήνων
1313 1941 1480 2008 Μνασέου
1511 1942 1654 2015 Κιτιεὺς

289 2045 400 2112 deum
434 2044 636 2111 materiam
669 2052 711 2110 et
747 2045 945 2112 elementa
997 2047 1110 2132 ἀρχὰς
1132 2047 1194 2129 μὲν
1216 2048 1275 2109 τὸν
1297 2046 1384 2109 θεὸν
1408 2048 1544 2131 sulcas
1566 2049 1653 2132 ὕλην

289 2156 455 2230 quatuor
968 2102 972 2230 i
997 2194 1005 2211 .
1029 2195 1037 2211 .
1061 2194 1070 2210 .
1093 2153 1264 2234 στοιχεῖα
1286 2149 1323 2211 δὲ
1344 2147 1513 2232 τέσσαρα.

375 2249 551 2317 Ceterum
578 2250 616 2315 in
643 2250 925 2333 superioribus
951 2249 1036 2315 suis
1062 2248 1200 2315 verbis
1226 2249 1391 2315 dicebat:
1418 2248 1538 2315 ‘cuius
1564 2270 1653 2333 pars

288 2352 356 2418 sub
379 2353 624 2437 corruptione
650 2351 767 2435 iacet,
794 2373 953 2420 necesse
979 2352 1017 2418 id
1044 2360 1105 2419 est
1131 2358 1250 2417 totum
1276 2371 1423 2435 quoquo
1451 2352 1652 2418 obnoxium

288 2474 373 2520 esse
399 2453 656 2538 corruptioni!
691 2473 759 2519 uec
782 2455 882 2520 onim
914 2456 997 2521 siue
1027 2460 1107 2520 toto
1135 2462 1264 2539 partes
1290 2462 1468 2520 constare
1494 2464 1652 2540 possunt

288 2576 412 2639 noque
434 2564 552 2622 totum
568 2556 650 2622 sine
673 2555 857 2640 partibus.
885 2577 969 2623 uam
985 2556 1143 2622 mundus
1158 2556 1361 2622 universus
1383 2577 1492 2622 uuum
1515 2577 1651 2640 corpus

287 2666 345 2724 est
367 2678 385 2724 e
408 2659 536 2724 multis
557 2657 729 2742 partibus
751 2675 771 2721 a
795 2656 865 2724 deo
889 2659 1149 2744 compositum.
1183 2678 1251 2724 neo
1272 2666 1400 2725 tamen
1423 2666 1462 2722 ut
1484 2658 1551 2723 alii
1573 2659 1651 2741 qui·

287 2760 370 2825 dam
399 2760 615 2844 sapientum
645 2759 787 2825 animal
822 2781 906 2828 esse
937 2762 1094 2827 mundus
1127 2759 1341 2826 censendus
1375 2766 1432 2826 est
1466 2760 1532 2826 sed
1560 2760 1651 2824 arti-

287 2860 424 2926 ficiosa
446 2862 646 2928 harmonia
669 2863 959 2929 concretionem
981 2870 1130 2928 nactus.
1443 2860 1446 2865 ’

373 2964 554 3049 Adscriptis
571 2965 734 3031 Plutarchi
753 2965 832 3032 locis
849 2965 890 3030 dc
906 2964 1030 3047 origine
1045 2964 1204 3031 dubitatio
1220 2983 1292 3031 esse
1307 2963 1430 3046 nequit.
1461 2982 1537 3028 nam
1553 2983 1650 3029 unum

288 3067 374 3149 quod
401 3066 565 3150 discrepat
595 3066 696 3132 Zeno
727 3086 852 3132 aerem
879 3066 986 3133 deum
1015 3086 1055 3133 ex
1083 3067 1189 3151 graeci
1218 3065 1358 3150 exempli
1384 3065 1463 3130 vitio
1490 3065 1563 3150 ἀέρα
1591 3085 1650 3149 pro

288 3170 382 3254 ἀρχάς
405 3168 588 3234 exhibentis
609 3168 711 3252 fluxit,
733 3168 794 3232 nisi
818 3168 1005 3235 Armenium
1029 3172 1154 3254 lapsum
1177 3168 1309 3235 erodere
1331 3168 1445 3234 maris.
1489 3169 1549 3234 scd
1575 3188 1652 3251 quo·

286 3271 384 3336 modo
400 3277 550 3355 tempora
573 3269 783 3337 conciliabis?
815 3271 1131 3338 Pseudo-Plutarchi
1154 3271 1295 3355 epitome
1317 3270 1484 3335 minimum
1507 3268 1532 3336 (l
1555 3268 1650 3334 aunis

287 3379 363 3456 post
378 3370 549 3438 Philonem
565 3373 714 3439 conlecta
735 3381 796 3457 est,
818 3378 854 3438 ut
867 3372 953 3439 infre
967 3373 1249 3440 demonstrabitur.
1284 3373 1393 3455 itaque
1415 3372 1458 3438 ad
1481 3372 1649 3456 pristinum

287 3474 484 3541 Placitorum
511 3495 606 3559 opus,
634 3476 720 3542 undo
746 3475 803 3540 illa
832 3474 973 3560 epitome
999 3482 1112 3541 coacta
1138 3484 1201 3560 est,
1229 3474 1479 3556 confugiendum
1501 3472 1570 3539 erit.
1614 3479 1651 3537 at

286 3597 328 3643 ne
352 3577 425 3642 lruic
448 3575 576 3659 quidem
601 3577 744 3661 opinioni
767 3584 915 3662 tempora
936 3578 1058 3645 lavent.
1095 3598 1168 3643 narn
1193 3584 1227 3643 ιιι
1242 3577 1407 3643 minimum
1430 3595 1553 3641 sumam
1576 3596 1650 3659 sup-

286 3698 347 3763 par
374 3678 436 3744 fuit
461 3679 658 3744 Placitorum
684 3680 832 3747 conditor
853 3680 966 3747 Iudaei
993 3681 1104 3747 aetati.
1148 3679 1207 3746 sed
1233 3679 1310 3762 quid
1340 3699 1422 3763 opius
1449 3686 1499 3744 est
1531 3678 1650 3743 ratiun-

285 3783 376 3847 culas
398 3779 515 3848 sectari
537 3780 571 3846 in
597 3800 632 3846 re
653 3780 856 3847 incredibili?
889 3783 969 3849 mira
996 3782 1081 3849 enim
1109 3781 1194 3847 toret
1220 3789 1253 3847 et
1279 3780 1418 3866 prodigii
1440 3779 1553 3845 similis
1575 3800 1649 3844 oon·

285 3883 392 3948 sensio
419 3882 445 3945 si
473 3902 513 3948 ex
541 3882 635 3947 unius
665 3883 780 3966 capitis
811 3883 887 3949 olim
917 3886 1019 3950 multo
1049 3884 1207 3969 ampliore
1233 3883 1356 3948 ambitu
1382 3881 1647 3966 pbilosophorum

285 3984 426 4070 (omissis
451 3985 612 4050 Archelao
638 3992 671 4050 et
697 3984 850 4069 llpiouro)
881 3984 1011 4052 fecisset
1038 3986 1132 4052 Philo
1159 3986 1297 4052 eundem
1323 3984 1499 4063 delectum,
1531 3984 1584 4066 qui
1614 3984 1648 4048 in

286 4086 483 4153 Plutarobea
509 4087 649 4170 epitome
676 4094 775 4153 extat.
810 4087 935 4153 accedit
961 4088 1048 4170 quod
1074 4088 1107 4152 iu
1134 4087 1270 4171 pristino
1298 4086 1379 4153 libro
1407 4085 1508 4169 patris
1530 4105 1648 4150 nomen

285 4188 552 4272 philosophorum
575 4188 696 4253 nomini
719 4207 759 4254 ao
778 4189 903 4272 patriae
919 4190 994 4255 addi
1010 4190 1103 4256 solet.
1147 4197 1259 4274 patros
1273 4187 1425 4271 cognovit
1441 4187 1648 4272 Pythagorae

284 4346 298 4353 ..
315 4347 336 4352 —
351 4345 687 4354 ——------·-=-----

358 4432 364 4462 ¹
386 4449 456 4483 osse
476 4433 562 4482 omisit
581 4432 692 4483 Auober.

355 4518 518 4570 ²Aucberus
541 4519 648 4569 dederat
672 4521 816 4585 optionem:
840 4520 1001 4582 reliquum
1028 4535 1106 4569 vero
1131 4535 1264 4571 vacuum
1288 4536 1357 4572 esse
1376 4515 1509 4571 materie
1529 4528 1573 4568 aru
1592 4534 1647 4567 va·

284 4623 371 4657 ιιιιιιιι
390 4622 460 4656 osse
479 4608 653 4655 materiem.
682 4614 786 4657 nostrae
801 4607 926 4658 versionis
939 4606 1016 4657 fldem
1030 4614 1143 4671 praestat
1156 4608 1375 4671 Glldemelsterus,
1394 4610 1437 4673 qui
1450 4606 1523 4657 sddlt
1541 4604 1648 4654 dubium

283 4712 339 4745 esso
359 4704 443 4745 ulrum
461 4694 567 4758 pluralis
586 4696 742 4743 materiae
760 4693 873 4756 (nlutqu)
896 4694 1041 4758 interpretis
1063 4708 1097 4743 au
1123 4693 1286 4744 librariorum
1310 4694 1411 4744 llbldlni
1434 4693 1583 4744 tribuendus
1606 4694 1647 4740 sit.

283 4785 375 4847 copula
395 4780 454 4845 [cst
473 4781 512 4828 sel
534 4778 617 4842 ιιιιιι]
635 4780 707 4829 deest
725 4781 751 4829 iu
771 4782 934 4831 armeniacis.

354 4867 364 4899 ³
382 4884 478 4918 ururerr.
497 4867 616 4930 rurrasaj
636 4866 718 4926 ordi,
736 4869 801 4918 salso
817 4869 952 4918 eucherus
966 4869 1082 4919 Merrae
1095 4870 1199 4919 tillus.
1225 4871 1251 4919 iu
1265 4870 1389 4932 proximis
1404 4868 1506 4919 llbcrius
1522 4880 1645 4918 verterat:

284 4969 420 5007 veterum
440 4957 586 5019 superius
605 4954 737 5005 dicebat
756 4964 832 5019 atque
852 4957 1039 5007 artificiosa
1058 4956 1194 5019 quadam
1213 4956 1379 5006 hermonis
1397 4964 1592 5021 crumpat-tus.
