3442 5588
716 369 992 420 auenneorunna
1472 374 1534 438 145

128 555 136 567 ·
171 530 277 614 postis
306 535 398 601 velut
423 535 656 618 antesignanos
683 555 866 620 proponere
887 535 1024 602 Thalem
1053 537 1274 622 Pythagoram
1305 542 1535 627 Empedoclem

173 631 385 702 Herachtum.
423 643 458 703 at
480 637 649 703 consilium
670 658 737 703 non
759 637 935 704 constitit¹
972 640 1032 706 sed
1052 639 1095 706 ab
1117 640 1360 710 Anaximandro
1383 644 1536 730 deinceps

174 736 217 802 ad
239 738 438 805 Archelaum
460 740 588 826 physici
611 739 825 824 proferuntur.
867 746 934 806 tum
950 739 1085 825 Socrate
1106 743 1217 809 stricto
1233 745 1442 813 Parmenides
1456 749 1537 815 Leu-

173 841 290 926 cippus
312 861 385 907 eum
400 843 585 909 Democrito
600 843 823 928 Xenophanes
838 843 1028 927 Ecphantus
1043 844 1150 928 Hippo
1167 855 1327 913 secuntur.
1359 848 1420 913 hos
1440 871 1535 933 porro

174 944 341 1028 excipiunt
369 944 520 1012 Socrates
550 947 644 1012 Plato
672 944 863 1011 Aristoteles
886 944 986 1011 Stoici
1015 947 1167 1031 Epicurei
1189 947 1388 1032 Academici,
1419 969 1536 1032 agmen

174 1046 334 1112 claudunt
355 1049 427 1113 Indi
451 1048 595 1115 Druidae
616 1048 788 1115 Hesiodus.

263 1148 325 1228 Qui
340 1151 510 1236 Hippolyti
533 1150 685 1218 librorum
708 1150 951 1217 scribendorum
965 1152 1124 1218 rationem
1140 1172 1181 1218 ex
1195 1151 1327 1234 reliquis
1341 1152 1431 1218 libris
1447 1153 1537 1219 norit

175 1271 274 1335 quam
304 1260 455 1319 accurate
485 1259 520 1319 ut
547 1253 608 1319 hoc
640 1261 712 1319 utar
740 1254 880 1337 losepho
907 1255 949 1319 de
979 1253 1355 1336 bellolud.118sq.in
1378 1255 1538 1322 lIXvel

175 1352 279 1420 Sexto
296 1355 459 1438 Empirico
474 1357 506 1421 X
523 1358 587 1421 310
597 1377 644 1439 sq.
668 1357 711 1422 ad
732 1358 754 1422 l.
766 1358 798 1421 X
820 1355 1027 1422 summarium
1043 1375 1120 1420 usus
1138 1355 1180 1420 sit
1202 1354 1252 1442 [cf.
1269 1357 1304 1422 P.
1322 1356 1436 1423 Cruice
1457 1358 1538 1441 prol.

173 1456 221 1521 ad
243 1456 432 1542 Philosoph.
456 1459 507 1526 ed.
531 1461 603 1525 Par.
628 1461 713 1524 1860
734 1481 765 1543 p.
782 1456 888 1545 xxm]‚
920 1458 948 1523 is
977 1456 1113 1541 primum
1135 1456 1252 1523 librum
1273 1458 1385 1525 labore
1406 1459 1537 1524 minimo

174 1559 310 1625 aliunde
337 1566 519 1646 surreptum
546 1561 656 1626 statim
682 1561 851 1644 intellegit.
895 1560 1077 1626 accuratius
1098 1578 1205 1624 rerum
1227 1559 1478 1643 discrepantiam
1499 1559 1538 1624 ri·

175 1661 279 1725 manti
310 1661 375 1726 duo
405 1662 598 1750 compendia
625 1661 765 1728 conflata
791 1682 864 1729 esse
890 1668 991 1746 patet.
1039 1682 1138 1726 unum
1167 1681 1351 1743 exgenere
1381 1664 1538 1748 διαδοχῶν,

174 1762 316 1827 alterum
335 1763 530 1845 dogmatum.
565 1764 686 1847 duplex
705 1764 795 1846 origo
815 1762 955 1844 quodam
969 1770 1065 1846 pacto
1081 1762 1278 1845 significatur
1292 1784 1319 1828 o.
1331 1764 1352 1829 h
1366 1766 1538 1850 φιλοσοφίαν

174 1865 252 1928 κατὰ
275 1866 447 1950 διαδοχὴν
469 1868 643 1950 ἀναδραμεῖν
665 1871 698 1931 et
720 1886 746 1932 c.
765 1866 803 1930 17
827 1867 864 1930 τὰ
884 1870 944 1935 τοῖς
966 1870 1098 1950 φυσικοῖς
1120 1865 1276 1935 δόξαντα.

266 1967 358 2031 Prior
379 1966 507 2033 libellus
528 1968 628 2034 fuisse
650 1968 778 2034 videtur
800 1966 894 2033 exilis
916 1966 1061 2031 Vitarum
1084 1966 1224 2050 epitome
1245 1968 1375 2035 Laertio
1391 1969 1539 2052 Diogene

176 2068 281 2132 multo
309 2074 343 2133 et
367 2066 497 2135 brevior
523 2077 556 2135 et
577 2069 714 2134 futtilior
742 2068 800 2135 sed
822 2068 910 2135 haud
932 2067 1071 2134 absimili
1093 2068 1206 2135 forma.
1252 2069 1303 2136 hic
1324 2071 1428 2154 primo
1451 2071 1539 2136 solus

176 2169 223 2234 ad
244 2189 361 2235 manus
382 2168 452 2253 fuit,
475 2170 561 2237 unde
585 2170 843 2256 coryphaeorum
865 2169 1011 2236 Thaletis
1027 2169 1235 2254 Pythagorae
1252 2172 1458 2256 Empedoclis
1479 2172 1540 2239 He

176 2272 285 2336 racliti
312 2270 421 2356 capita
451 2271 622 2337 fluxerunt.
667 2272 858 2356 conspicuus
892 2278 941 2338 est
972 2271 1257 2356 apophthegmatis
1288 2273 1475 2358 vulgaribus
1508 2279 1540 2340 et

177 2371 447 2454 narratiunculis,
471 2374 639 2457 opiniones
662 2373 796 2439 strictim
819 2374 1019 2456 noviciisque
1047 2376 1229 2458 augmentis
1252 2377 1470 2461 locupletatae
1493 2395 1541 2441 re

177 2472 335 2539 feruntur.
380 2475 427 2542 sie
450 2479 467 2541 1
489 2486 505 2538 2
526 2478 560 2541 ἐκ
581 2479 635 2562 γὰρ
658 2476 748 2540 αὐτοῦ
770 2478 807 2541 τὰ
832 2479 926 2541 πάντα
952 2478 1139 2541 συνίστασθαι
1170 2478 1351 2562 πηγνυμένου
1378 2479 1426 2542 καὶ
1454 2480 1539 2542 παλιν

178 2577 358 2660 δισνιεμένου
380 2578 538 2645 Τλαλοίί
568 2578 676 2664 opinio
698 2579 923 2645 Anaximenes
944 2577 1093 2643 tribuitur
1114 2578 1205 2644 cuius
1227 2579 1345 2645 erroris
1366 2579 1445 2645 socii
1466 2585 1541 2645 sunt

179 2678 366 2762 Simplicius
389 2681 482 2766 phys.
500 2684 557 2747 32·
572 2683 615 2747 46
638 2681 808 2767 Philopon.
832 2669 972 2767 Phys.'c
988 2684 1023 2744 lr
1038 2681 1089 2746 50.
1123 2680 1238 2747 Galen.
1254 2682 1271 2747 Ι
1288 2683 1362 2747 444.
1378 2684 1452 2747 442.
1466 2683 1539 2747 484.

177 2781 300 2847 Arnob.
323 2783 398 2849 adv.
421 2785 560 2866 gentil
583 2786 625 2849 10
654 2782 772 2870 [Zeller
791 2783 827 2848 1⁴
855 2783 937 2849 175⁸
966 2781 1047 2848 180⁴
1062 2780 1095 2869 Ἰ.
1140 2782 1254 2849 eadem
1281 2783 1386 2849 forma
1413 2789 1540 2850 constat

179 2882 421 2966 Pythagorei
450 2885 565 2970 capitis
595 2886 682 2970 prior
709 2886 869 2971 particula
895 2887 915 2950 2
941 2894 1017 2950 1-5.
1060 2903 1136 2950 nam
1165 2885 1301 2968 scriptor
1331 2885 1540 2970 Pythagorae

179 2984 355 3052 studiosior
380 2987 479 3053 etiam
504 2988 604 3054 alium
631 2987 746 3053 librum
773 2987 952 3053 adscivisse
975 2986 1116 3072 videtur,
1145 2986 1231 3052 unde
1258 2988 1392 3054 eaedem
1416 3008 1468 3054 res
1490 2988 1540 3054 bis

179 3094 411 3174 memorantur,
431 3091 519 3157 velut
533 3090 681 3156 monadis
696 3090 815 3156 mentio
832 3091 884 3173 §2
899 3088 1034 3155 iteratur
1048 3091 1111 3175 §6‚
1133 3087 1362 3172 discipulorum
1378 3090 1540 3157 silentium

179 3189 219 3273 ἓξ
234 3190 255 3254 3
272 3196 307 3255 et
322 3193 373 3257 16.
391 3192 441 3276 18,
463 3191 611 3259 esoterioi
626 3191 779 3258 exoterioi
801 3193 843 3275 ἓξ
857 3192 879 3256 4
901 3197 934 3258 et
949 3192 1000 3256 17.
1034 3197 1174 3257 ceterum
1189 3191 1276 3257 idem
1295 3192 1377 3258 liber
1391 3191 1541 3274 religiose

179 3299 353 3376 excerptus
364 3299 414 3360 est
425 3292 523 3360 etiam
533 3293 639 3360 Reiut.
649 3295 694 3360 IV
705 3295 860 3378 plilisq.
883 3292 1027 3376 Gotting.
1039 3293 1285 3376 Empedoclis
1301 3301 1334 3359 et
1349 3293 1541 3359 Heracliti

181 3393 291 3475 capita
311 3393 375 3460 nisi
398 3416 531 3479 prorsus
552 3396 663 3481 inepte
678 3395 721 3462 ab
736 3394 914 3479 Hippolyto
936 3400 1091 3477 excerpta
1113 3400 1187 3458 sunt
1201 3394 1456 3462 indoctissimum
1471 3416 1543 3479 pro·

180 3493 260 3580 dunt
281 3495 482 3580 scriptorem.
527 3497 730 3584 promiscuae
753 3495 840 3562 enim
862 3496 1028 3576 utriusque
1056 3496 1224 3578 opiniones
1247 3496 1436 3563 referuntur.
1481 3497 1543 3562 He-

181 3596 285 3662 racliti
318 3600 482 3685 ἐκπύρωσις
514 3598 701 3682 Empedocli
735 3596 918 3663 vindicatur
944 3599 998 3662 31
1027 3603 1060 3663 et
1085 3597 1119 3661 in
1141 3598 1244 3664 vicem
1277 3598 1461 3665 Heraclitus
1486 3602 1542 3665 42

182 3699 326 3784 σύμφωνα
346 3707 391 3787 τῷ
409 3699 600 3784 Ἐμπεδοκλεῖ
620 3699 780 3786 ἐφθέγξατο
803 3702 902 3765 στάσιν
924 3700 972 3763 καὶ
994 3699 1091 3784 φιλίαν
1113 3702 1210 3784 φήσας
1224 3705 1282 3763 τῶν
1298 3702 1432 3765 ἁπάντων
1447 3703 1543 3788 ἀρχὴν

182 3800 251 3866 doct
279 3800 423 3885 itemque
444 3805 509 3888 §A
554 3822 671 3888 nempe
698 3801 869 3868 coniuncta
896 3800 1005 3866 nescio
1035 3821 1099 3883 quo
1127 3807 1223 3884 pacto
1249 3802 1309 3867 fuit
1331 3803 1486 3870 Heracliti
1511 3810 1544 3870 et

183 3902 390 3987 Empedoclis
411 3906 568 3971 memoria
589 3910 624 3969 ut
646 3904 768 3988 pariter
789 3925 831 3970 ex
846 3903 1053 3988 Pythagorae
1069 3902 1182 3969 schola
1196 3904 1424 3988 profectorum.
1447 3912 1545 3973 testa·

184 4011 230 4070 tur
251 4004 328 4089 ipse
348 4005 412 4072 bec
430 4007 592 4073 vinculum
615 4010 635 4073 3
653 4016 670 4069 3
692 4008 741 4071 καὶ
763 4008 818 4092 γὰρ
840 4009 856 4072 ὁ
879 4008 1010 4071 τούτων
1032 4007 1203 4076 διδάσκαλος
1220 4006 1394 4091 Πυθαγόρας
1408 4004 1466 4092 ἔφη
1482 4011 1544 4072 κτλ.

184 4126 320 4189 pronum
344 4113 416 4174 erat
437 4108 519 4174 mira
540 4109 597 4174 illa
619 4108 653 4174 in
675 4109 882 4193 Empedoclis
902 4108 1011 4192 capite
1033 4107 1135 4173 verba
1157 4109 1317 4192 corrigere
1340 4112 1355 4173 ὁ
1377 4110 1480 4174 τούτου
1503 4111 1544 4174 ὢν

184 4207 268 4291 quod
286 4207 411 4292 placuit
426 4209 584 4295 Roepero.
618 4210 676 4276 sed
692 4210 773 4275 illud
794 4209 929 4294 impedit
950 4209 1038 4292 quod
1062 4210 1125 4274 cb
1147 4211 1199 4295 τὴν
1222 4212 1281 4274 ἀπὸ
1304 4210 1477 4296 Πυθαγόρου
1500 4213 1545 4275 ἐκ·

184 4309 325 4394 θρόνους
339 4312 513 4398 φιλοσοφίαν
528 4311 759 4398 Empedoclem
780 4318 813 4379 et
827 4310 1026 4379 Heraclitum
1041 4311 1321 4395 Pythagoreorum
1343 4313 1546 4380 successione

252 4587 262 4619 ¹
280 4586 326 4641 15
344 4585 410 4654 perd
427 4584 528 4645 τούτους
546 4585 658 4655 ἐγίνοντο
676 4585 720 4637 καλ
738 4584 815 4654 ἕταροι
833 4585 932 4654 φυσικοὶ
955 4581 991 4635 ὧν
1014 4580 1062 4634 οὐκ
1084 4583 1218 4652 ἀναγκαῖον
1240 4582 1388 4654 ἡγησάμεθα
1409 4585 1454 4644 τὰς
1476 4583 1548 4645 δόξας

186 4673 256 4727 clasis
272 4670 354 4743 μηδὲν
372 4677 426 4724 τῶν
442 4673 628 4743 προειρημένων
646 4669 853 4743 ἀπερραινοόσας.
881 4669 934 4722 ἀλλ’
954 4670 1007 4722 ἐπεὶ
1025 4669 1135 4723 καθόλου
1154 4671 1183 4723 oh
1202 4673 1279 4742 μικρὰ
1296 4673 1425 4742 γτγίντγται
1437 4673 1454 4743 ἡ
1468 4672 1546 4743 σχολὴ

186 4759 268 4814 πολλοί
285 4777 314 4812 τι
332 4758 357 4811 οἱ
375 4759 507 4826 gattarum
524 4760 625 4829 φυσικοὶ
643 4757 670 4819 ἐξ
687 4756 772 4810 αὐτῶν
790 4757 931 4827 γτγόνηνται
948 4755 1019 4809 ἄλλοι
1038 4757 1121 4816 ἄλλους
1139 4759 1194 4829 περὶ
1212 4757 1309 4828 φόσιιυς
1327 4763 1372 4812 τοῦ
1385 4759 1476 4818 παντὸς
1494 4759 1546 4830 θαγ-

187 4845 629 4917 γοόμνοι[οια1]όοκσῖξὴμῖν[νῦν1]
647 4846 693 4916 τὴν
709 4844 758 4897 ἀπὸ
771 4840 918 4914 Πυθαγόρου
935 4842 1086 4913 ίαθιμίνους
1104 4845 1250 4915 φιλοσοφίαν
1268 4847 1334 4899 κατὰ
1352 4846 1471 4917 διαδοχὴν
1489 4847 1547 4899 ἀνα-

188 4934 281 5005 όρσρνῖν
299 4934 342 4988 aa
360 4935 394 4986 cd
411 4932 515 4996 δόξαντα
532 4940 585 4994 τοῖς
602 4933 665 5002 μεταλ
684 4929 777 5001 Θαλῆν.

238 5048 329 5095 ὓίολι.
351 5048 495 5098 Dcxcmphl
514 5048 595 5097 mccl.
1310 5019 1350 5083 10
