3464 5586
273 329 336 392 494
567 330 825 384 uuuornnnsrr
843 331 982 384 ruusro.
1001 331 1162 386 oruuou.
1181 333 1234 385 ru.
1248 329 1290 382 ευ.
1304 329 1338 382 23

932 605 973 670 22

328 707 520 757 Plutarchus
539 718 638 770 quaest.
656 710 760 759 Platon.
773 711 859 759 V1111
879 728 904 774 p.
921 709 1008 762 10060

357 807 587 894 Θεόφραστος
615 811 718 873 δὲκαὶ
741 816 924 895 προσιστορεῖ
943 815 986 895 τῷ
1020 809 1183 872 Πλάτωνι
1205 809 1431 893 πρεσβυτέρῳ
1455 809 1634 893 γενομένῳ

273 910 487 993 μεταμέλειν
521 915 566 979 ώς
599 913 639 975 οό
668 915 923 996 προσήκουσαν
954 911 1121 975 ἀποδόντι
1150 917 1194 992 τῇ
1222 917 1264 993 γῇ
1295 913 1357 994 τὴν
1381 912 1491 994 μέσην
1514 914 1633 995 χώραν

270 1038 332 1076 του
355 1037 495 1083 παντος.

929 1303 971 1367 23

327 1408 516 1457 Alexander
534 1409 560 1456 iu
579 1407 697 1457 Metoora
715 1409 732 1457 i.
747 1406 797 1459 91Ῐ
816 1410 867 1458 roi.
880 1410 894 1458 1
907 1405 958 1462 268
970 1410 1010 1459 Id.

359 1506 395 1573 Oi
419 1510 471 1591 μὲν
500 1510 554 1592 γὰρ
576 1509 672 1572 αὐτῶν
700 1507 934 1594 (physicorum)
962 1509 1127 1590 ὑπόλειμμα
1155 1507 1284 1592 λέγουσιν
1311 1507 1383 1570 εἶναι
1406 1509 1458 1592 τὴν
1481 1507 1632 1570 θάλασσαν

244 1616 325 1696 ιτὴς
348 1614 465 1695 πρώτης
488 1610 657 1695 ὑγρότητος·
686 1612 773 1696 ὑγροῦ
794 1612 849 1694 γάρ
872 1609 953 1681 ὄντος
974 1615 1025 1674 τοὺ
1048 1612 1112 1693 περὶ
1135 1612 1187 1694 τὴν
1209 1616 1263 1694 γῆν
1285 1611 1375 1674 τόπου
1397 1612 1433 1674 τά
1455 1615 1557 1693 πρῶτα
1579 1614 1632 1692 τῆς

272 1713 427 1796 ὑγρότητος
450 1716 506 1777 ὑπὸ
528 1720 579 1777 τοὺ
603 1717 686 1799 ἡλίου
709 1712 910 1796 ἐξατμίζεσὺαι
932 1714 980 1777 καί
995 1713 1124 1795 γίνεσίλαι
1139 1714 1201 1795 [τὰ]
1217 1714 1366 1795 πνεύματά
1387 1736 1419 1776 τε
1433 1710 1463 1781 ἐξ
1478 1711 1566 1774 αὑτοῦ
1583 1712 1631 1775 καὶ

271 1817 378 1900 τροπὰς
405 1816 489 1900 ἡλίου
516 1818 617 1880 τεκαὶ
640 1819 777 1900 σελήνης,
806 1820 847 1885 un
870 1816 917 1878 διά
939 1817 990 1887 τάς
1011 1817 1133 1900 ἀτμίδος
1154 1815 1259 1885 ταότας
1280 1817 1328 1878 καὶ
1351 1816 1402 1884 τάς
1424 1814 1632 1897 ἀναθυμιάσεις

270 1920 410 1982 κάκείνων
433 1919 484 1987 τὰς
506 1918 613 2001 τροπὰς
636 1919 826 2001 ποιουμένων,
854 1916 926 1980 ἔνθα
953 1921 972 2002 ἡ
999 1920 1105 2002 ταύτης
1138 1919 1235 1988 αὐτοῖς
1269 1918 1393 2002 χορηγία
1426 1917 1530 1999 γίνεται
1564 1919 1629 2001 περὶ

268 2027 358 2085 ταῦτα
386 2020 583 2105 τρεπομένων·
612 2022 645 2083 τὸ
679 2021 711 2084 δέ
738 2044 764 2082 τι
787 2020 878 2104 αὑτὴς
907 2021 1082 2107 ὑπολειφθὲν
1105 2024 1135 2085 ἐν
1157 2028 1216 2090 τοῖς
1238 2021 1345 2088 κοίλοις
1362 2018 1461 2088 τόποις
1484 2019 1630 2082 θάλατταν

233 2154 257 2191 ιο
274 2123 362 2188 εἶναι·
391 2124 436 2184 διδ
466 2124 513 2185 καὶ
541 2123 652 2185 ἐλάττω
677 2123 807 2204 γίνεσίλαι
830 2122 1035 2207 Εηραινομένην
1058 2126 1196 2188 ἑκάστοτε
1218 2123 1274 2186 ὑπὸ
1297 2126 1348 2184 τοῦ
1371 2121 1454 2204 ἡλίου
1477 2122 1524 2183 καί
1546 2121 1629 2190 τέλος

267 2225 390 2291 ἔσεσθαί
403 2248 473 2287 ποτε
488 2224 584 2307 ξηράν.
618 2225 747 2307 ταύτης
769 2229 830 2306 τὴς
853 2223 956 2308 δόξης
978 2223 1153 2307 ἐγένοντο,
1177 2230 1217 2296 ώς
1232 2227 1370 2308 ίστορεῖό
1387 2223 1629 2308 Θεόφραστος,

267 2389 468 2400 ...η’-.-

299 2486 311 2535 1
321 2487 352 2535 ci.
359 2484 490 2535 Plutarch.
500 2485 577 2533 Numi
588 2499 608 2532 c.
617 2482 646 2532 11
658 2485 690 2533 de
697 2486 867 2550 Pythagoreis
876 2482 923 2550 τὴν

267 2570 293 2623 δὲ
312 2574 358 2639 γῆν
376 2566 433 2621 οὑτε
452 2568 569 2638 ἀκίνητον
588 2565 644 2619 οὑτε
663 2568 775 2639 ἐνμέσῳ
794 2573 840 2638 τῆς
858 2587 922 2638 περι·

267 2663 345 2726 φορᾶς
370 2655 444 2708 οὖσαν
469 2655 533 2709 ἀλλὰ
555 2653 642 2725 κὺκλιμ
668 2658 723 2725 περὶ
745 2655 774 2708 τὸ
797 2661 845 2724 trip
863 2657 922 2708 αίω-

267 2746 389 2814 ρουμένην
403 2744 431 2794 οὑ
444 2750 496 2796 τῶν
508 2746 669 2812 τιμιωτάτων
682 2741 737 2796 οὑδὲ
750 2751 802 2796 τῶν
815 2743 924 2813 πρώτων

265 2838 310 2885 τοὺ
331 2833 426 2900 κόσμου
449 2831 576 2901 ὑπάρχειν.
604 2836 700 2883 ταῦτα
723 2830 753 2883 δὲ
773 2832 825 2883 καί
844 2828 923 2882 Πλά-

265 2922 348 2972 τωνά
365 2919 627 2988 φασιπρεσβὺτην
640 2917 804 2986 γενόμενον
822 2917 923 2970 διανε-

264 3006 398 3075 νοὴσθαι
412 3008 616 3076 περλτὴςγὴς
629 3005 668 3063 ώς
681 3006 711 3057 ἐν
728 3006 817 3075 ἑτέρα
836 3005 924 3075 χώρα

265 3092 922 3162 καθεστώσης,τ“ηνδὲμέσηνκαὶκυριωτά-

257 3199 319 3249 την
337 3181 431 3250 ἑτέρῳ
449 3183 508 3233 τινί
525 3184 679 3248 κρείττονι
702 3180 921 3249 προσήκουσαν

267 3268 335 3331 [soil.
346 3273 399 3333 igni
410 3270 535 3331 centrali}
549 3270 729 3332 Theophrasto
748 3270 825 3318 iidem
845 3270 921 3318 dene·

265 3360 431 3421 gautMartin
442 3358 550 3406 innon
561 3355 591 3406 91
604 3364 630 3404 et
638 3357 743 3406 Boochh
753 3357 842 3406 Kosm.
853 3355 920 3420 Syst.

267 3446 361 3508 liiuq.
379 3446 593 3494 Academicorum
608 3446 692 3507 potius
711 3444 919 3508 pythagorissan·

264 3536 327 3582 tium
339 3534 404 3581 huno
418 3533 566 3594 opinionem
580 3547 634 3580 orso
650 3534 705 3580 ruti.
720 3533 751 3580 cf.
765 3532 872 3579 Ariston
892 3531 917 3579 d.

264 3622 327 3669 (uel.
339 3621 365 3668 11
379 3617 409 3668 13
423 3616 560 3682 petum?
574 3616 675 3675 πολλοῖς
688 3614 710 3668 δ’
727 3616 756 3668 ἀν
768 3616 812 3667 καί
826 3616 917 3684 ἑτέροις

263 3703 383 3763 συνόόξειε
407 3707 518 3770 (praetor
541 3707 729 3771 Pythagoreos)
753 3705 788 3772 μὴ
813 3705 861 3756 δεῖν
883 3710 915 3774 τῇ

262 3798 294 3861 γῇ
308 3791 354 3859 τὴν
369 3794 414 3841 τοῦ
428 3792 504 3858 μέσου
518 3792 604 3861 χώραν
617 3791 758 3844 ἀποδιδόναι
768 3831 774 3844 .
786 3832 791 3843 .
803 3832 809 3844 .
822 3799 858 3860 τῷ
871 3794 917 3861 γάρ

259 3881 440 3946 τιμιωτάτη)
469 3878 561 3930 οἴονται
588 3879 762 3948 πρυσὴκειν
788 3878 843 3946 τὴν
872 3896 916 3929 τι·

260 3963 913 4036 μιωτάτηνὑπάρχεινχιίνραν..ώστ’ἐκτοὺ-

259 4073 311 4106 των
334 4053 531 4121 ἀναλογιζόμενοι
554 4052 600 4105 ουκ
625 4054 716 4106 οἴονται
739 4055 780 4105 ἐπί
802 4058 847 4104 τοῦ
871 4055 913 4120 μί-

260 4158 303 4194 σου
322 4139 418 4193 aristion
437 4146 481 4210 τῆς
501 4142 605 4210 σφαίρας
623 4141 714 4209 αὺτὴν,
738 4140 800 4193 ἀλλά
820 4139 914 4206 μᾶλλον

258 4230 287 4282 τὸ
306 4235 362 4299 πῦρ.

294 4320 417 4384 4ορετεε
438 4321 545 4382 pretium
564 4320 613 4368 orit
625 4320 808 4368 Aristoteloum
827 4333 913 4367 exem·

258 4410 329 4473 plum
340 4410 464 4466 conterre,
476 4408 546 4456 onius
556 4408 678 4469 pleraque
686 4406 911 4471 poruphruuhesso

259 4496 378 4545 videntur
401 4495 473 4557 (qnid
485 4503 618 4557 praetereo
635 4484 721 4543 oerto
739 4495 912 4556 Theophrasti

258 4583 377 4643 iudicem,
386 4584 477 4632 litteris
486 4581 615 4641 distinxi):
629 4583 736 4631 Aristot.
747 4582 849 4631 Meteor
858 4583 885 4631 11
895 4579 912 4631 ‘2

258 4666 400 4733 p.355·‘21
427 4667 456 4718 τὸ
476 4664 500 4717 δ’
521 4664 583 4718 αὑτὸ
607 4666 733 4734 συμβαίνει
756 4668 799 4718 καί
817 4665 913 4724 τοὺτοις

259 4752 348 4821 ἄλογον
358 4756 400 4805 καὶ
414 4759 465 4811 τοῖς
475 4756 596 4823 φάσκουσι
605 4753 634 4804 τὸ
643 4760 743 4822 πρῶτον
753 4753 828 4824 ὑγρᾶς
838 4752 914 4823 οὑσης

258 4843 302 4893 καὶ
324 4846 369 4911 τῆς
398 4846 443 4910 γὴς
467 4843 510 4893 καὶ
537 4845 581 4892 τοὺ
605 4841 699 4908 κόσμου
722 4847 766 4894 τοῦ
789 4844 844 4912 περὶ
866 4843 912 4911 τἠν

258 4933 304 4998 γῆν
318 4929 365 4981 ὐπὸ
377 4935 421 4979 του
435 4929 505 4998 ἡλίου
518 4928 713 4997 δερμαινομένου
725 4931 785 4999 ἀέρα
799 4928 912 4999 γενίσλλαι

974 2391 1173 2401 ----.

973 2487 1016 2537 καὶ
1040 2485 1082 2537 τὸν
1105 2483 1163 2535 ὅλον
1186 2481 1289 2551 οὑρανὺν
1313 2478 1452 2550 αὑξηδὴναι
1475 2479 1518 2529 καὶ
1541 2482 1631 2530 τοῦτον

973 2571 1101 2640 πνεὺματά
1119 2590 1146 2623 τε
1165 2565 1317 2639 παρίχεσὺαι
1335 2567 1378 2617 καὶ
1390 2567 1433 2623 τὰς
1445 2566 1537 2642 τροπὰς
1550 2563 1629 2616 αὑτοῦ

973 2666 1058 2713 ποιεῖν.
1077 2679 1102 2725 p.
1115 2656 1206 2711 353b5
1226 2656 1249 2708 οί
1266 2655 1292 2708 δὲ
1311 2652 1448 2723 σοφώτεροι
1466 2651 1512 2720 τὴν
1531 2650 1629 2721 ἀνδρω-

973 2747 1046 2817 πίνην
1065 2745 1152 2815 σοφίαν
1171 2745 1280 2794 τοιοὺσιν
1292 2741 1370 2810 αὑτῆς
1382 2741 1481 2808 γένεσιν.
1505 2740 1565 2791 εἶναι
1584 2740 1630 2807 γὰρ

974 2834 1002 2887 τὸ
1027 2839 1127 2903 πρῶτον
1151 2829 1223 2900 ὑγρὸν
1247 2828 1343 2881 ἅπαντα
1370 2828 1413 2880 τὸν
1436 2829 1491 2895 περὶ
1513 2827 1559 2894 τὴν
1583 2830 1630 2894 γῆν

973 2921 1058 2985 τόπον,
1076 2919 1125 2973 ὑπὸ
1143 2918 1169 2971 δὲ
1186 2922 1231 2971 τοῦ
1249 2917 1320 2986 ἡλίου
1345 2914 1518 2986 Εηραινόμενον
1536 2914 1564 2965 τὸ
1584 2915 1629 2981 μὲν

974 3008 1102 3076 διατμίσαν
1120 3005 1248 3074 πνεύματα
1266 3006 1310 3057 καὶ
1327 3005 1420 3074 τροπὰς
1437 3002 1508 3073 ἡλίου
1527 3004 1571 3054 καὶ
1590 3018 1628 3055 σε·

973 3095 1050 3166 λὴνης
1073 3097 1133 3164 φασί
1156 3099 1246 3157 ποιεῖν,
1272 3093 1301 3145 τὸ
1325 3091 1351 3144 δὲ
1374 3087 1472 3159 λειφθὲν
1499 3086 1628 3140 θάλατταν

973 3182 1041 3235 εἶναι.
1070 3183 1106 3235 διὸ
1129 3183 1173 3233 καὶ
1195 3181 1292 3233 ἐλάττω
1315 3177 1423 3249 γίνεσθαι
1450 3177 1629 3247 ξηραινομένην

973 3269 1064 3323 οίονται
1074 3271 1117 3322 καί
1126 3269 1196 3327 τέλος
1206 3265 1303 3320 ἔσεσθαί
1312 3285 1372 3318 ποτε
1381 3272 1461 3317 πᾶσαν
1472 3265 1555 3335 Ξηράν.
1570 3265 1629 3316 ἔνιοι

972 3355 991 3409 δ’
1012 3357 1097 3409 αὑτῶν
1114 3355 1310 3426 ὑερμαινομένης
1329 3355 1402 3423 φασὶν
1424 3352 1472 3404 ὑπὸ
1491 3357 1536 3404 τοῦ
1554 3351 1627 3421 ἡλίου

970 3449 1016 3513 τὴς
1035 3449 1080 3513 γῆς
1102 3443 1152 3495 οἷον
1171 3443 1264 3512 ἱδρῶτα
1282 3439 1404 3511 γίγνεσθαι
1427 3439 1463 3492 διὸ
1486 3441 1530 3492 καί
1548 3439 1627 3507 ἁλμυ-

969 3534 1013 3602 ράν
1031 3532 1098 3584 είναι.
1117 3532 1224 3600 καὶγὰρ
1242 3529 1255 3583 δ
1273 3530 1348 3599 ἱδρὼς
1367 3527 1482 3597 όιλμυρός.
1501 3526 1523 3578 oi
1541 3525 1567 3577 δὲ
1581 3530 1627 3594 τῆς

969 3619 1138 3689 όλμυρότητυς
1148 3620 1227 3671 αἰτίαν
1237 3619 1283 3687 τὴν
1292 3622 1337 3686 γῐμ
1347 3616 1407 3668 εἷναί
1417 3629 1497 3684 φασιν.
1511 3613 1626 3682 καθάπερ

969 3709 1014 3777 γὰρ
1041 3707 1070 3760 τὸ
1098 3706 1137 3759 διά
1159 3711 1205 3775 τῆς
1227 3706 1319 3774 τέφρας
1347 3701 1484 3771 ἡδοὺμενον
1517 3700 1627 3770 ἁλμυρὸν

968 3795 1058 3864 γίνεται
1076 3795 1118 3846 τὸν
1137 3794 1212 3848 αὑτὸν
1231 3793 1322 3862 τρόπον
1341 3791 1384 3842 καί
1402 3788 1494 3856 ταὺτην
1514 3786 1627 3856 άλμυροίν

968 3882 1028 3935 εἶναι
1039 3881 1169 3953 μιχθείσης
1181 3880 1245 3950 αὑτῇ
1255 3878 1371 3946 τοιαὺτης
1381 3881 1426 3946 γῆς
1441 3875 1454 3941 ii
1467 3878 1482 3928 6
1495 3876 1527 3926 τὰ
1539 3879 1624 3927 doleri

965 3975 996 4024 ef.
1011 3976 1058 4023 Ar.
1077 3974 1104 4022 11.
1118 3990 1155 4023 oc.
1176 3968 1189 4037 Ιλ
1208 3968 1234 4029 ἐξ
1252 3966 1330 4036 αὑτὴς
1341 3967 1509 4032 probabiliter
1525 3967 1625 4015 Usener

965 4061 1010 4110 sod
1024 4061 1056 4110 oi.
1071 4063 1116 4109 Ar.
1136 4062 1152 4109 1.
1163 4076 1185 4109 υ.
1204 4058 1247 4107 καὶ
1260 4059 1348 4107 τοῦτον
1363 4051 1375 4120 γί
1392 4054 1407 4104 'i
1422 4050 1514 4118 ταὺτης
1527 4055 1623 4102 malini.

965 4149 997 4197 do
1011 4149 1208 4197 Anaximandro
1226 4148 1256 4195 oi.
1278 4146 1409 4208 Hippolyi.
1423 4144 1438 4194 ii
1451 4151 1460 4186 ἵ
1480 4141 1585 4207 ἀνέμους
1598 4138 1624 4191 δὲ

965 4230 1074 4300 γίνεσθαι
1100 4237 1152 4283 τῶν
1179 4230 1337 4282 λεπτοτάτων
1365 4230 1453 4295 ἀτμῶν
1485 4232 1529 4278 τοῦ
1552 4228 1625 4296 ἀέρος

966 4320 1168 4387 ἀποκρινομένων
1178 4320 1221 4369 καί
1231 4316 1289 4368 όταν
1300 4314 1451 4386 ἀδροισδῶσι
1461 4316 1625 4383 κινουμένων,

963 4405 1033 4459 ὑετὸν
1057 4405 1083 4458 δὲ
1102 4407 1131 4458 ἐκ
1154 4410 1200 4474 τῆς
1218 4403 1318 4471 ἀτμίδος
1336 4408 1381 4471 τῆς
1400 4403 1576 4471 ἀναδιδομένης
1594 4404 1624 4456 ἐκ

963 4500 1015 4546 τῶν
1034 4493 1073 4562 ὑφ’
1096 4493 1166 4562 ἡλιον
1190 4494 1224 4557 [ί]
1245 4491 1257 4559 ii
1278 4493 1295 4544 8
1314 4487 1383 4542 ἔνθεν
1401 4496 1468 4542 coni.
1488 4493 1589 4543 Usener
1609 4491 1622 4553 Η

966 4583 981 4634 9
1006 4585 1036 4633 εί.
1056 4581 1275 4634 Placit.111161
1298 4576 1484 4646 Ἀναξίμανδρος
1507 4578 1553 4647 τὴν
1578 4578 1623 4628 δά-

966 4667 1058 4720 λασσάν
1076 4685 1150 4738 φησιν
1170 4667 1229 4719 εἶναι
1248 4670 1293 4734 τῆς
1312 4666 1414 4735 πρώτης
1433 4666 1550 4734 ὑγρασίας
1574 4664 1621 4717 λεί-

965 4755 1051 4824 ψανον,
1075 4755 1105 4824 ἡς
1128 4757 1157 4807 τό
1180 4758 1224 4822 μὲν
1243 4755 1325 4806 πλεῖον
1349 4755 1422 4822 μέρος
1441 4753 1575 4822 ἀνεξὴρανε
1593 4753 1622 4804 τό

963 4848 1020 4912 πῦρ,
1040 4845 1068 4895 τὸ
1087 4843 1112 4895 δὲ
1132 4842 1279 4912 ὑπολειφθὲν
1298 4842 1337 4894 διὰ
1350 4843 1395 4911 τὴν
1410 4842 1528 4893 ἔκκαυσιν
1547 4843 1618 4909 μετί-

963 4930 1036 5002 βάλεν
