3442 5588
273 309 337 372 570
542 311 737 362 HIPPOLYTI
755 309 1118 362 PHILOSOPHUMENON
1142 309 1173 361 ιε
1185 318 1251 358 ιτα
1268 307 1371 361 boi-e

322 479 404 563 εἴπερ
427 480 525 563 μέλλει
547 480 688 563 κάθαρσις
709 482 768 541 τῶν
790 482 890 542 κακῶν
911 478 1057 560 γίνεσθαι·
1081 479 1128 542 καὶ
1151 478 1198 542 ἵνα
1221 477 1311 561 μηδὲν
1334 478 1542 561 ἁμαρτάνωσιν
1563 475 1593 540 οῖ

324 585 420 647 λοιποὶ
443 583 596 652 ἀκούοντες
618 582 780 664 ἅνθρωποι,
803 581 878 644 ἀλλὰ
899 583 1104 665 φυλάσσωνται
1125 582 1177 665 τήν
1200 580 1335 662 τοιαύτην
1357 581 1481 662 πλάνην.

275 693 308 745 23
377 689 469 750 κακοὺ
497 685 530 747 δέ
556 684 640 769 φύσιν
669 681 736 746 οὔτε
763 683 819 745 ὑπὸ
848 683 918 746 θεοῦ
946 683 1081 765 γενέσθαι
1113 681 1181 748 οὑτε
1207 681 1276 748 καθ’
1309 682 1401 766 αὑτήν
1432 681 1595 746 ὑπόστασιν

325 787 419 873 ἔχειν,
445 787 521 851 ἀλλά
549 784 612 850 κατ’
640 786 805 850 ἐναντίωσιν
834 786 883 848 καὶ
912 786 1167 870 παρακολούθησιν
1189 790 1241 850 τού
1263 785 1377 868 ἀγαθοὺ
1406 785 1543 867 γενέσθαι
1574 784 1595 867 ἣ

325 888 394 954 καθ’
423 890 586 974 ὑπερβολὴν
608 889 628 972 ἢ
651 889 726 952 κατὰ
748 889 877 968 μείωσιν,
901 892 941 957 ὡς
963 892 1029 972 περὶ
1051 893 1109 951 τῶν
1133 889 1244 973 ἀρετῶν
1266 887 1453 972 προείπομεν.
1499 888 1515 950 ὑ
1538 887 1626 969 pli&

325 991 375 1056 οὑν
399 992 562 1066 Πλάτων,
584 992 684 1060 καθὼς
707 991 892 1075 προείπομεν,
915 995 1083 1074 συναγαγὼν
1105 990 1141 1055 τὰ
1162 991 1227 1075 τρία
1251 990 1325 1075 μέρη
1340 995 1393 1073 τῆς
1408 989 1485 1053 κατὰ
1500 990 1596 1053 πάντα

327 1094 510 1179 φιλοσοφίας,
533 1094 626 1163 οὑτως
648 1092 869 1178 ἐφιλοσόφησεν.

413 1200 456 1262 20
495 1194 743 1280 Ἀριστοτέλης
770 1196 873 1258 τούτου
900 1195 1052 1276 γενόμενος
1080 1197 1225 1280 ἀκροατὴς
1248 1195 1288 1264 εἰς
1312 1195 1417 1280 τέχνην
1439 1195 1492 1277 τήν
1513 1195 1595 1277 φιλο

325 1303 428 1384 σοφίαν
450 1298 555 1383 ήγαγεν
578 1300 626 1363 καὶ
648 1302 837 1381 λυγικύτερος
861 1296 973 1379 ἐγένετο
996 1298 1032 1361 τὰ
1055 1299 1107 1380 μὲν
1137 1302 1269 1383 στοιχεῖα
1294 1301 1352 1360 τῶν
1374 1299 1491 1361 πάντων
1521 1298 1590 1361 ὑπο

328 1402 449 1485 θέμενος
471 1401 571 1466 ούσίαν
583 1402 641 1466 ,καὶ
658 1400 854 1485 συμβεβηκός·
879 1401 931 1483 τὴν
948 1401 1000 1483 μὲν
1019 1400 1119 1464 οὐσίαν
1136 1401 1203 1482 μίαν
1218 1401 1270 1482 τήν
1284 1403 1372 1463 πᾶσιν
1388 1399 1593 1482 ὑποκειμένην,
1613 1419 1636 1456 ιν

328 1502 364 1567 τά
385 1505 418 1567 δὲ
440 1504 645 1590 συμβεβηκότα
659 1502 754 1566 ἐννέα·
789 1503 880 1567 ποσὸν
913 1505 995 1567 ποιὸν
1028 1503 1099 1588 πρὺς
1128 1526 1174 1590 τι,
1189 1507 1245 1565 ποὺ
1278 1502 1349 1567 πότε
1375 1500 1455 1588 ἔχειν
1479 1502 1594 1566 κεῖσθαι

296 1614 312 1666 2
331 1612 423 1670 ποιεῖν
446 1609 583 1693 πάσχειν·
758 1607 810 1690 τὴν
833 1607 886 1688 μὲν
909 1603 959 1670 οὑν
982 1605 1081 1669 ούσίαν
1103 1606 1239 1689 τοιαύτην
1261 1604 1344 1682 εἶναι,
1367 1604 1428 1668 οίον
1450 1605 1521 1668 θεὸν
1547 1602 1594 1667 ἄν·

330 1710 448 1792 θρωπον
463 1710 510 1773 καὶ
528 1710 649 1773 ἕκαστον
663 1713 721 1771 τῶν
743 1708 787 1793 τιγῖ
810 1708 904 1792 ὁμοίῳ
919 1707 997 1792 λόγῳ
1020 1708 1175 1773 ὑποπεσεῖν
1196 1706 1373 1789 δυναμένων.
1415 1708 1481 1791 περὶ
1503 1706 1537 1769 δέ
1559 1706 1596 1769 τὰ

328 1812 531 1897 συμβεβηκότα
552 1812 705 1894 θεωρεῖται
719 1811 752 1874 τὸ
780 1811 831 1893 μὲν
852 1810 945 1887 ποιόν,
966 1811 1027 1873 οῖον
1043 1811 1145 1875 λευκὸν
1168 1811 1271 1893 μέλαν·
1295 1812 1328 1875 τδ
1351 1811 1384 1874 δέ
1405 1810 1507 1885 ποσόν,
1530 1809 1593 1872 οἷον

332 1914 441 1998 δίπηχυ
463 1913 604 1998 τρίπηχυ·
628 1915 660 1976 τδ
676 1913 709 1976 δὲ
723 1913 794 1995 πρός
809 1936 847 1988 τι,
870 1913 930 1977 οἷον
946 1913 1042 1997 πατὴρ
1064 1913 1137 1983 υἱός·
1162 1915 1195 1978 ιδ
1219 1915 1252 1977 δὲ
1277 1917 1345 1989 πού,
1367 1912 1428 1976 οῖον
1451 1909 1593 1996 Ἀθήνησι
1614 1929 1635 1967 ιε

332 2013 476 2099 Μεγαροῖ·
499 2016 533 2079 τὸ
556 2016 589 2079 δὲ
611 2015 692 2091 πότε,
714 2015 775 2078 οἶον
794 2015 846 2078 ἐπὶ
866 2021 919 2099 τῆς
941 2017 1064 2098 δεκάτης
1087 2016 1277 2098 ὀλυμπιάδος·
1308 2017 1342 2079 τδ
1365 2015 1398 2078 δὲ
1420 2013 1511 2100 ἔχειν,
1533 2013 1595 2077 οἶον

331 2119 505 2202 κεκτῆσθαι·
528 2120 562 2182 τδ
585 2120 618 2182 δὲ
639 2125 742 2194 ποιεῖν,
764 2119 825 2183 οῖον
847 2120 966 2203 γράφειν
989 2120 1036 2183 καὶ
1060 2120 1136 2188 ὅλως
1157 2118 1280 2201 ἐνεργεῖν
1302 2137 1343 2181 τι·
1366 2119 1400 2181 τδ
1418 2117 1451 2181 δὲ
1466 2116 1596 2192 κεῖσθαι,

297 2220 393 2284 3οίον
421 2221 624 2285 κατακεῖσθαι·
655 2223 688 2285 τὸ
718 2223 751 2285 δὲ
781 2224 920 2307 πάσχειν,
950 2221 1010 2284 οῖον
1033 2221 1202 2285 τύπτεσθαι.
1354 2219 1524 2283 ὑποτίθεται
1545 2217 1596 2282 καὶ

332 2323 419 2392 αὐτὸς
441 2323 477 2385 τὰ
501 2325 552 2405 μὲν
577 2324 722 2406 μεσότητα
744 2322 833 2409 ἔχειν,
856 2324 891 2388 τὰ
914 2324 948 2387 δέ
969 2322 1065 2406 άμεσα
1087 2323 1170 2401 εἶναι,
1192 2326 1232 2392 ὑς
1254 2320 1373 2405 εἴπομεν
1395 2323 1444 2386 καὶ
1463 2322 1596 2406 περὶτοῦ

331 2423 526 2497 Πλάτωνος.
572 2428 620 2490 καὶ
643 2428 748 2512 σχεδὸν
775 2426 811 2489 τὰ
837 2429 958 2490 πλεῖστα
984 2431 1027 2511 τῷ
1061 2426 1222 2491 Πλάτωνι
1250 2424 1406 2511 σύμφωνός
1432 2424 1493 2489 ἐστι
1519 2424 1597 2506 πλὴν
1615 2441 1638 2480 ει

297 2531 383 2590 4τοὺ
413 2528 477 2612 περὶ
504 2535 601 2614 ψυχῆς
632 2528 783 2611 δόγματος.
940 2531 957 2592 ὑ
984 2529 1036 2609 μὲν
1063 2529 1117 2613 γὰρ
1146 2528 1292 2593 Πλάτων
1322 2529 1485 2605 ἀθάνατον,
1514 2529 1530 2590 ὑ
1562 2525 1596 2588 δὲ

327 2627 573 2715 Ἀριστοτέλης
602 2631 795 2713 ἐπιδιαμένειν
822 2630 869 2693 καὶ
897 2630 969 2711 μετὰ
993 2635 1084 2695 ταῦτα
1106 2632 1154 2696 καὶ
1176 2632 1283 2715 ταύτην
1306 2630 1531 2716 ἐναφανίζεσθαι
1553 2628 1597 2713 τηῖ

332 2731 456 2817 πέμπτῳ
484 2737 614 2816 σώματι,
643 2735 659 2798 δ
686 2733 854 2796 ὑποτίθεται
881 2731 953 2796 εἶναι
980 2734 1053 2816 μετὰ
1079 2739 1138 2798 τῶν
1166 2733 1263 2798 ἄλλων
1292 2735 1456 2816 τεσσάρων,
1484 2737 1536 2797 τοὺ
1566 2754 1598 2794 τε

329 2837 419 2919 πυρὸς
441 2837 489 2899 καὶ
511 2843 564 2921 τῆς
586 2842 639 2920 γῆς
662 2836 709 2898 καὶ
732 2839 783 2898 τοὺ
806 2836 909 2904 ύδατος
932 2837 979 2899 καὶ
1001 2841 1053 2900 τοὺ
1077 2836 1161 2921 ἀέρος
1183 2836 1366 2919 λεπτότερον,
1388 2836 1449 2900 οῖον
1472 2839 1596 2916 πνεῦμα.

298 2948 314 2998 b
376 2940 392 3000 ό
419 2939 471 3020 μὲν
500 2939 550 3004 οὑν
574 2940 721 3004 Πλάτων
746 2938 821 3020 μόνα
843 2938 941 3021 ἀγαθὰ
964 2937 1054 3008 ὅντως
1076 2939 1112 3002 τὰ
1134 2939 1199 3023 περὶ
1222 2940 1320 3023 ψυχήν
1342 2937 1417 3002 εἶναί
1437 2959 1525 3024 φησιν
1548 2937 1596 3001 καὶ
1615 2955 1640 2994 τι

302 3103 307 3108 .
331 3042 428 3124 ἀρκεῖν
452 3043 524 3126 πρὸς
546 3043 598 3125 τὴν
620 3041 816 3123 εὐδαιμονίαν.
861 3042 877 3104 ὑ
899 3041 932 3103 δὲ
951 3038 1197 3125 Ἀριστοτέλης
1219 3042 1374 3126 τριγένειαν
1396 3044 1454 3104 τῶν
1477 3040 1599 3123 ἀγαθῶν

331 3143 438 3225 εἰσάγει
463 3146 511 3208 καὶ
533 3145 610 3228 λέγει
633 3145 673 3228 μὴ
697 3142 769 3207 εἶναι
791 3142 900 3207 τέλειον
922 3144 971 3207 τδν
994 3144 1099 3228 σοφόν,
1125 3143 1176 3206 ἐὰν
1204 3144 1245 3227 μὴ
1273 3145 1354 3228 παρή
1383 3145 1463 3229 αύτῷ
1492 3144 1541 3207 καὶ
1563 3142 1600 3205 τὰ

332 3251 384 3310 τοὺ
413 3251 548 3330 σώματος
576 3246 675 3329 ἀγαθὰ
701 3247 749 3310 καὶ
777 3246 813 3308 τὰ
839 3245 937 3323 ἐκτός,
965 3247 986 3310 ἅ
1013 3246 1074 3310 ἐστι
1104 3248 1210 3316 καλλος
1233 3247 1317 3332 ίσχὺς
1348 3245 1524 3330 ιδαισθηαία
1551 3246 1599 3329 ἀρ

332 3350 443 3433 τιύτης·
478 3350 513 3412 τά
540 3350 573 3412 δὲ
598 3350 680 3419 έκτδς
709 3351 833 3418 πλοῦτος
860 3347 988 3431 εύγένεια
1012 3348 1082 3418 δόξα
1103 3349 1222 3432 δύναμις
1244 3351 1345 3435 εἰρήνη
1367 3350 1458 3433 φιλία.
1502 3349 1541 3412 τὰ
1566 3348 1601 3411 δὲ

332 3451 411 3521 ἐντός
439 3454 508 3537 περὶΙ
530 3455 644 3538 ψυχήν,
670 3452 771 3521 καθὼς
793 3452 841 3514 καὶ
865 3451 1029 3515 Πλάτωνι
1052 3450 1147 3529 ἔδοξε,
1175 3452 1314 3537 φρόνησιν
1342 3451 1534 3536 σωφροσύνην
1560 3451 1600 3514 δι·
1617 3468 1643 3506 ⁸⁰

300 3555 489 3637 6καιοσύνην
517 3556 659 3638 ἀνδρείαν.
822 3554 858 3618 τά
887 3555 920 3617 δὲ
947 3556 1024 3619 κακά
1054 3577 1126 3638 φησι
1156 3556 1204 3618 καὶ
1231 3555 1316 3624 ούτος
1343 3551 1406 3617 κατ’
1435 3553 1602 3618 ἐναντίωσιν

333 3662 391 3720 τῶν
427 3658 547 3739 ἀγαθῶν
578 3657 712 3739 γενέσθαι
743 3658 791 3721 καὶ
821 3658 894 3721 εἶναι
926 3658 983 3721 ύπδ
1012 3658 1061 3719 τὸν
1094 3658 1158 3741 περὶ
1188 3660 1312 3741 σελήνην
1339 3657 1443 3732 τύπον,
1472 3656 1546 3740 ὑπὲρ
1568 3657 1603 3719 δὲ

335 3763 458 3844 σελήνην
482 3758 594 3841 μηκέτι.
640 3761 692 3843 τὴν
722 3761 755 3824 δέ
777 3761 876 3845 ψυχήν
897 3761 950 3844 τὴν
974 3760 1025 3841 μὲν
1049 3760 1119 3823 ὅλου
1140 3764 1192 3822 τοὺ
1215 3760 1327 3842 κόσμου
1350 3759 1495 3822 ἀθάνατον
1519 3756 1604 3834 εἶναι,

335 3865 382 3926 καὶ
405 3863 492 3925 αὑτὸν
516 3862 565 3924 τὸν
589 3863 697 3943 κόσμον
721 3862 827 3939 ἀίδιον,
850 3865 902 3947 τὴν
925 3860 1049 3927 δὲκαθ’
1079 3863 1214 3937 ἕκαστον,
1244 3866 1284 3932 ὡς
1312 3861 1503 3944 προείπομεν,
1530 3861 1604 3944 ἀφα·

327 4029 387 4035 .-—
395 4027 482 4034 -.
996 4029 1029 4034 ..-

283 4121 299 4174 2
323 4120 387 4191 μηδὲ
407 4122 477 4171 libri:
502 4135 567 4170 corr.
587 4122 770 4185 Gottingonses
791 4120 804 4185 ii
826 4118 841 4171 3
860 4123 943 4170 κακοῦ
995 4121 1097 4187 Roeper
1129 4118 1142 4188 ΙΙ
1174 4122 1204 4173 17
1232 4118 1261 4172 τό
1286 4117 1312 4170 δὲ
1341 4112 1656 4169 κεῖσθαι-κατακεῖσθαι

281 4207 310 4259 δὲ
329 4202 401 4274 φύσιν
415 4209 506 4273 vulgo:
525 4207 605 4258 κακὸν
623 4205 651 4259 δέ
664 4208 772 4275 φησινΒ
793 4205 806 4272 ii
826 4206 843 4258 4
862 4223 941 4274 παρα·
995 4210 1176 4260 collocandum
1206 4216 1261 4259 εισι
1285 4216 1344 4271 post
1366 4199 1508 4273 κεκτῆσθαι
1531 4223 1555 4255 v.
1575 4203 1607 4256 17
1630 4207 1655 4255 in

282 4290 941 4371 κολφύθωσινὺΙΙγινήσισθαιΤήίύόμλν-ύπροεί·
994 4295 1070 4345 Codr.
1103 4297 1168 4346 ordo
1199 4305 1238 4346 εει
1265 4292 1514 4360 ποιεῖν-πάσχειν,
1546 4289 1654 4360 έχων-

283 4400 363 4451 πυμιν
377 4400 428 4434 orn.
444 4384 466 4433 Β
482 4379 495 4450 ΙΙ
512 4381 607 4436 θεατὰ
621 4381 701 4433 πάντα
717 4383 768 4432 del.
781 4383 882 4432 Usener
898 4378 943 4447 Ηδ
994 4378 1092 4433 κεῖσθαι
1125 4377 1138 4449 ΙΙ
1172 4381 1204 4434 21
1239 4380 1323 4450 ψυχῆς
1360 4380 1432 4429 Cedr.
1466 4388 1493 4429 ει
1530 4380 1654 4444 Mousge:

283 4473 364 4523 libore
382 4488 436 4523 exc.
454 4488 476 4522 ε.
489 4470 522 4523 10
540 4471 616 4522 Cedr.
639 4469 652 4536 ΙΙ
675 4470 706 4521 10
727 4469 770 4520 καὶ
785 4479 845 4519 ante
860 4466 944 4519 οὑσίαν
995 4467 1080 4538 ψυχήν
1120 4471 1178 4520 libri
1224 4467 1237 4536 ΙΙ
1277 4468 1310 4521 22
1353 4470 1433 4517 ταῦτα
1468 4463 1549 4534 αὑτὴν
1586 4480 1656 4518 συνα-

284 4560 329 4611 εεά
342 4560 454 4610 όελεῐυαι
468 4559 490 4609 Β
504 4555 518 4624 ΙΙ
533 4556 584 4609 οῖον
596 4557 643 4626 τὴν
656 4554 740 4607 οὑσίαν
752 4553 837 4606 καὶτὸ
855 4553 945 4623 συμβι-
997 4553 1141 4624 φανίζισθαι
1160 4558 1236 4608 Cedr.
1251 4553 1265 4625 Ι,
1281 4554 1314 4608 23
1333 4552 1347 4606 δ
1365 4556 1423 4606 BC:
1443 4549 1464 4622 ᾦ
1483 4557 1507 4605 L
1525 4549 1539 4621 ΙΙ
1560 4550 1596 4607 25
1613 4552 1657 4620 μὶν

286 4643 365 4714 βηκύς
383 4646 460 4696 Cedr.
475 4643 489 4713 ΙΙ
507 4644 538 4697 10
557 4645 616 4713 μίαν
634 4649 686 4702 τοῖς
699 4647 772 4695 πᾶσιν
786 4644 862 4696 Cedr.
878 4641 891 4710 ΙΙ
914 4640 945 4693 12
998 4640 1029 4694 αὑ
1042 4645 1146 4709 Roeper
1164 4641 1178 4711 ΙΙ
1198 4641 1232 4695 29
1251 4642 1381 4711 ἐρρωμένη
1401 4640 1482 4710 φίλων
1501 4642 1574 4693 libri:
1593 4657 1657 4693 υυπ.

284 4728 418 4800 ἄνθρωπον
437 4733 481 4783 καὶ
500 4731 573 4800 ζῷον,
592 4732 647 4799 περὶ
667 4731 682 4784 ἀ
701 4731 744 4783 καὶ
762 4732 794 4782 τὰ
806 4745 828 4781 σ.
843 4732 919 4782 Cedr.
931 4727 946 4797 ΙΙ
998 4732 1101 4797 Βοερετ
1118 4748 1152 4783 ex
1173 4735 1239 4783 Ario
1257 4731 1372 4795 Didymo
1391 4747 1433 4796 ap.
1452 4730 1527 4781 Stob.
1547 4731 1596 4780 ecl.
1608 4730 1658 4781 11⁶

289 4819 319 4872 15
346 4816 462 4887 Ἀθήνησι
490 4813 615 4887 ,Πιγάροις
638 4823 727 4873 (λεύει
756 4816 876 4887 ἀθήνησιν
904 4835 945 4884 με·
998 4838 1020 4884 ρ.
1035 4819 1126 4872 27411.
1157 4818 1170 4886 Η
1199 4818 1234 4872 33
1261 4821 1305 4869 τοὺ
1329 4817 1374 4884 μὲν
1403 4814 1463 4869 ὅλου
1493 4818 1565 4869 iibri:
1594 4833 1657 4869 corr.

285 4907 393 4976 γάμοισιν
421 4909 454 4959 Cr
485 4908 632 4975 μεγάροισιν.
661 4904 783 4976 ἀθήνησιν
810 4908 846 4958 B:
879 4923 945 4956 corr.
996 4908 1106 4973 Robper.
1126 4905 1211 4975 ψυχὴν
1230 4901 1290 4957 όλυυ
1307 4907 1353 4956 τοὺ
1372 4902 1469 4971 κόσμου
1488 4905 1567 4956 Οεάι.
