3442 5588
431 347 689 399 rnneusnruu
707 347 757 398 nu
776 348 951 402 snusrnus
970 348 1064 412 ιι-ιι
1365 353 1425 415 501

120 516 167 578 καί
190 520 252 585 ταῖς
275 516 327 596 μὲν
349 514 379 578 έν
402 516 495 600 μέσῳ,
516 519 578 583 ταῖς
600 510 627 577 δ’
654 512 737 585 έκτδς
758 515 831 579 είναι
854 518 887 579 τδ
910 520 981 600 πῦρ,
1008 519 1053 580 διδ
1081 521 1129 582 καὶ
1152 525 1210 582 τῶν
1238 520 1324 606 ζῴων
1346 522 1382 584 τὰ

120 618 172 698 μὲν
195 616 225 680 έν
247 617 354 702 ἡμέρᾳ,
376 619 413 681 τὰ
433 619 466 681 δὲ
488 619 600 699 νύκτωρ
623 618 732 698 μᾶλλον
755 617 909 687 ὀξυωπιῖν·
934 618 989 684 ὅσα
1012 621 1064 703 μὲν
1079 623 1168 705 πυρδς
1184 620 1301 686 ἔλαττον
1317 621 1380 709 ἔχει

119 718 187 801 μεθ’
214 721 341 804 ἡμέραν·
369 719 577 783 ἐπανισοῦσθαι
604 720 658 803 γὰρ
686 719 784 790 αὐτοῖς
805 723 839 785 τδ
861 722 941 792 ἑντδς
963 727 1027 806 φώς
1055 725 1112 787 ὑπὸ
1134 730 1185 788 τοῦ
1208 726 1303 795 έκτύς·
1328 727 1384 790 ὅσα

121 822 154 885 δέ
175 825 226 886 τού
254 822 383 886 ἐναντίου
406 822 530 906 νύκτωρ·
559 820 836 905 ἐπαναπληροῦσδαι
864 825 918 908 γὰρ
945 825 993 888 καὶ
1014 825 1125 895 τούτοις
1147 829 1180 890 τὸ
1203 827 1306 898 ἐνδεές.
1352 829 1381 891 έν

90 923 154 986 νδέ
174 929 234 994 τοῖς
252 925 389 995 ἐναντίοις
404 921 564 1008 <έναντίως>
586 924 737 1008 ἑκάτερον·
761 925 947 1011 ἀμβλυωπεῖν
964 927 1085 1012 μὲνγὰρ
1108 930 1156 992 καί
1179 930 1223 1000 οἷς
1243 929 1379 1016 ὑπερέχει

119 1026 152 1088 τὸ
173 1030 242 1110 πῦρ,
264 1026 327 1090 ἐπεὶ
349 1026 475 1110 αύξηίλὲν
497 1023 539 1088 έτι
562 1023 628 1107 μεθ’
657 1025 769 1111 ἡμέραν
791 1026 972 1092 ἐπιπλάττειν
995 1030 1043 1093 καί
1065 1026 1296 1118 καταλαμβάνων
1315 1033 1382 1102 τοὺς

118 1132 170 1190 τοῦ
187 1129 297 1199 ,ύδατος
320 1130 439 1214 πόρους·
478 1128 521 1198 οἷς
542 1129 575 1192 δὲ
596 1129 629 1191 τὸ
653 1129 746 1213 ύδωρ,
771 1129 860 1194 ταύτδ
881 1134 967 1194 τοῦτο
988 1131 1118 1213 γίνεσθαι
1140 1134 1266 1219 νύκτωρ·
1297 1158 1381 1197 κατα-

118 1232 319 1316 λαμβάνεσθαι
331 1233 385 1316 γὰρ
396 1232 430 1294 τὸ
445 1235 502 1316 πῦρ
518 1232 574 1294 ύπδ
589 1235 642 1294 τοῦ
658 1231 770 1301 ύδατος.
783 1237 798 1270 *
809 1237 849 1270 “
867 1233 924 1303 ἕως
939 1232 974 1297 ἄν
989 1239 1049 1304 τοῖς
1065 1235 1117 1317 μὲν
1133 1237 1189 1299 ὑπὸ
1206 1240 1257 1299 τοῦ
1273 1233 1381 1305 ἔξωθεν

121 1334 222 1417 φωτδς
244 1334 393 1418 ἀποκριθῇ
414 1334 448 1396 τὸ
472 1334 560 1417 ύδωρ,
587 1339 647 1404 τοῖς
674 1331 700 1397 δ’
727 1333 784 1397 tuh
806 1338 858 1398 τοῦ
881 1334 966 1420 ἀέρος
993 1337 1026 1399 τὸ
1053 1340 1125 1420 πῦρ·
1153 1337 1298 1421 ἑκατέρων
1325 1340 1380 1421 γὰρ

81 1461 105 1499 ιο
124 1433 198 1499 ἴασιν
227 1435 299 1499 εἶναι
325 1438 358 1500 τὸ
385 1435 521 1500 ἐναντίον.
565 1435 667 1519 ἄριστα
693 1437 725 1500 δὲ
751 1437 912 1521 κεκρᾶσθαι
938 1437 986 1502 καλ
1009 1439 1158 1524 βελτίστην
1180 1439 1252 1503 εἶναι
1274 1440 1327 1522 τὴν
1350 1439 1380 1509 ἐξ

120 1539 229 1623 ἀμφοῖν
252 1536 322 1601 ἴσων
345 1538 542 1621 συγκειμένην.
579 1539 628 1601 καλ
650 1538 715 1623 περὶ
731 1538 783 1622 μὲν
799 1537 894 1625 ὄψεως
909 1542 1015 1625 σχεδὸν
1029 1545 1120 1605 ταῦτα
1134 1542 1221 1624 λέγει.
1327 1544 1415 1625 τἠνῦ

119 1638 145 1702 δ’
173 1641 264 1724 ἀκοὴν
287 1641 346 1703 ἀπὸ
367 1645 426 1702 τῶν
449 1637 558 1708 ἔξωθεν
580 1641 709 1724 γίνεσθαι
731 1641 845 1726 ψόφων.
889 1640 957 1706 ὅταν
984 1643 1038 1727 γὰρ
1067 1644 1123 1706 ὑπὸ
1145 1647 1319 1728 τῆςφωνῆς
1342 1669 1380 1706 κι-

120 1742 215 1825 νηβῇ,
238 1744 322 1828 ἠχεῖν
344 1742 437 1811 έντύς·
466 1743 566 1826 ὥσπερ
586 1744 640 1828 γὰρ
662 1744 734 1808 εἶναι
756 1745 880 1807 κώδωνα
895 1743 918 1826 †
931 1750 990 1807 τῶν
1014 1743 1084 1808 ἴσων
1106 1744 1191 1830 ἤχων
1213 1746 1265 1829 τὴν
1288 1746 1379 1830 ἀκοὴν

119 1845 154 1927 ἢν
183 1845 387 1929 προσαγορεύοι
414 1847 581 1928 σάρκινον
595 1845 618 1928 †
634 1845 731 1920 ὄζον·
758 1845 927 1928 κινουμένην
955 1847 988 1909 δὲ
1015 1847 1108 1910 παίειν
1134 1849 1184 1910 τὸν
1211 1848 1284 1932 ἀέρα
1307 1849 1379 1932 πρὸς

67 2037 266 2044 --——-—--—-
774 2038 974 2046 -..ψ-..-

64 2159 146 2208 Arist.
160 2158 186 2207 d.
200 2173 257 2221 gen.
271 2155 380 2206 nn.Vl
400 2172 424 2220 p.
438 2155 560 2209 7791116.
580 2158 720 2223 Philopon.
776 2157 829 2210 161
854 2156 1084 2207 Attendamus
1102 2155 1164 2208 118
1188 2174 1212 2221 p.
1232 2155 1344 2210 4191134
1364 2155 1377 2224 ίΙ
1401 2157 1433 2210 13

65 2247 100 2295 ad
119 2247 144 2295 h.
168 2247 185 2295 l.
208 2262 233 2309 p.
252 2241 326 2295 105⁸
350 2243 417 2293 Plnt.
436 2244 503 2294 Tim.
528 2260 553 2308 p.
571 2242 637 2296 tec.
665 2261 721 2295 cum
773 2248 825 2295 τῶν
850 2242 911 2294 ἴσων
934 2242 1006 2311 ἤχων
1031 2244 1076 2294 PF
1107 2243 1166 2307 (nisi
1195 2245 1264 2307 quod
1295 2245 1337 2295 hle
1365 2262 1381 2313 η
1406 2249 1432 2296 in

67 2334 160 2394 verbis,
181 2347 247 2396 quae
266 2331 383 2395 suppleo,
402 2331 430 2380 ct
452 2329 519 2393 βξέ.
536 2329 567 2381 17
586 2339 612 2380 et
630 2329 662 2381 31
682 2328 722 2381 δο·
774 2329 847 2400 ἤχων
866 2349 898 2382 ex
924 2345 931 2380 ι
954 2339 1096 2382 correctum
1119 2331 1179 2392 est):
1204 2334 1257 2381 τῶν
1282 2329 1332 2382 deur
1359 2329 1433 2400 ἤχων

65 2418 161 2488 κιῖγδρ
174 2417 191 2487 ἡ
204 2415 335 2474 ἀλλοίωσις
347 2413 394 2484 ούχ
409 2413 457 2467 ὑπὸ
475 2421 528 2467 τῶν
546 2414 649 2484 ὁμοίων,
662 2415 719 2469 ἀλλ’
776 2417 918 2469 Schneider
940 2427 999 2483 post
1016 2416 1111 2469 Sturzii
1129 2415 1204 2479 τίσω,
1229 2434 1295 2482 quae
1318 2421 1432 2484 intellegi

66 2503 115 2556 ύπδ
142 2509 194 2555 τῶν
223 2503 340 2556 ἐναντίων
362 2501 422 2554 ιίναι
447 2499 459 2570 Η
484 2501 500 2554 2
528 2503 554 2555 έν
576 2503 658 2573 ἡμέρα
687 2507 722 2556 P:
776 2512 916 2568 nequeunt.
935 2508 1051 2570 suspicor
1069 2500 1179 2554 κώδωνύ
1197 2502 1240 2555 τιν’
1259 2503 1309 2557 έοω
1322 2505 1433 2576 ηχοῦντα

65 2591 148 2660 ῆμιρα
159 2610 234 2644 τουσι.
245 2593 278 2643 F:
297 2587 351 2658 prd'
364 2591 459 2660 ἡμέραν
469 2592 615 2658 Stephanus
629 2588 642 2658 ΙΙ
654 2590 669 2643 3
680 2590 723 2642 αύ·
776 2589 822 2659 τὴν
841 2589 921 2659 ἀκοήν
939 2594 970 2642 cf.
983 2589 1038 2654 §21
1060 2595 1111 2643 τῶν
1131 2590 1176 2658 μέν
1193 2592 1239 2662 γὰρ
1261 2591 1311 2653 ἔξω
1325 2590 1353 2645 δι’
1369 2593 1432 2645 drei-

65 2685 104 2749 τῷ
117 2681 174 2732 PFt
194 2696 260 2731 corr.
272 2680 415 2732 Schneider
429 2676 442 2745 ΙΙ
457 2678 722 2736 5τοῖςι1οίονίτίλοο·
775 2694 817 2729 νον
836 2677 882 2742 [se.
895 2676 1018 2743 κώδωνα]
1036 2675 1168 2746 δκούομιν,
1187 2678 1311 2731 ἐκείνου
1329 2677 1360 2731 δέ
1379 2679 1432 2748 ψο-

66 2783 112 2818 ner
126 2763 141 2831 Η
155 2765 273 2824 ἐναντίως
286 2768 373 2817 rddidi
386 2769 416 2817 cf.
431 2784 456 2831 p·
470 2764 580 2829 50217.
593 2765 694 2829 50723
708 2765 722 2836 Η
776 2767 911 2833 φοῦντος
928 2764 968 2817 διὰ
985 2765 1017 2817 τί.
1040 2765 1172 2834 praecedit
1190 2763 1278 2818 ίνδον
1295 2765 1433 2834 ποιήσαντο

66 2873 91 2905 ν.
108 2852 124 2906 5
143 2857 282 2920 apponitur
299 2857 398 2918 signum
460 2855 528 2915 inF,
543 2855 724 2918 qnoneholinn
777 2850 875 2921 ψόφον
907 2850 992 2921 ὥσπερ
1019 2849 1176 2910 κώδωνος.
1212 2857 1295 2920 ipsum
1323 2851 1432 2905 κώδωνα

67 2944 117 2992 hoc
139 2945 166 2992 in
189 2957 269 3006 marg.
288 2943 333 2991 inf.
351 2940 451 2991 ί.147ν
471 2939 712 2993 referendumest··
776 2942 860 2991 Zeller
877 2938 909 2992 1⁴
929 2937 997 2992 724²
1020 2942 1126 2992 tubsm
1144 2944 1326 3007 interpretetus
1344 2952 1383 2991 est
1401 2944 1433 2993 cs.

66 3025 182 3087 ύξυωπιῖ.
210 3025 364 3096 ἀμβλυωπιῖ.
393 3025 418 3077 έν
437 3024 526 3095 ἡμέρα.
555 3024 657 3079 έλατπον
674 3032 723 3098 πῦρ
776 3028 904 3079 Problem.
917 3025 983 3079 331⁴
1006 3046 1030 3094 ρ.
1044 3025 1134 3081 96311
1155 3026 1206 3078 ἔστι
1224 3027 1271 3097 γὰρ
1289 3027 1305 3095 ἡ
1324 3026 1364 3080 διὰ
1381 3033 1433 3080 τῶν

71 3115 136 3185 ίχιιι
150 3113 225 3166 πλέον
238 3115 287 3183 πῦρ
301 3111 360 3183 έχιι.
379 3113 404 3165 έν
417 3113 506 3182 ἡμέρα.
520 3113 633 3167 έννυκτί.
652 3114 723 3169 ίλοιτ-
776 3112 849 3182 ῥινῶν
872 3110 998 3170 διαλακτος
1020 3113 1150 3184 γινομένη,
1174 3112 1233 3166 ύιαν
1259 3113 1288 3162 τὸ
1312 3113 1365 3166 ἄνω
1387 3118 1433 3184 τῆς

68 3218 112 3253 τον
130 3197 199 3270 ὕδωρ
223 3200 275 3271 έχιι
294 3199 369 3253 πλέον
387 3197 454 3270 ύδιυρ
478 3200 530 3271 έχιι
553 3202 579 3255 έν
602 3203 673 3256 νυκτί
775 3199 838 3270 ῥινὸς
857 3200 890 3259 τίς
917 3197 959 3251 τδν
978 3197 1091 3268 οῦρανύν,
1113 3186 1131 3270 ᾗ
1154 3201 1324 3270 συντέτρηται,
1348 3199 1433 3253 κοῖλον

65 3292 175 3355 pristine
192 3291 285 3340 scholii
302 3291 385 3340 forms
404 3290 468 3340 haec
486 3292 563 3342 fuisse
583 3294 696 3344 videtur:
775 3288 883 3356 γίνηται.
915 3284 1017 3355 ὥσπερ
1039 3285 1150 3339 κώδων
1173 3288 1228 3355 γὰρ
1247 3285 1433 3358 ύπηχιῖςοῦ

107 3376 134 3429 έν
152 3376 235 3446 ἡμέρᾳ
248 3404 280 3413 -
295 3373 398 3426 ίλαττον
416 3371 483 3444 ὕδωρ
503 3374 554 3445 ἔχει
775 3370 919 3426 κοίτωδιν
937 3377 1048 3425 στενοῦ
1064 3372 1160 3432 ὄντος.
1179 3378 1433 3428 tintinnabulum

106 3463 133 3516 ίν
152 3464 225 3516 νυκτί
249 3491 282 3501 -
295 3461 369 3515 πλέον
389 3458 456 3531 ὕδωρ
476 3461 528 3532 ίχιι
577 3420 725 3491 duplum
774 3463 1434 3529 interpretetuseetTheophreeteumAetiusIV161

104 3550 131 3603 έν
149 3551 232 3620 ἡμίρα
247 3579 279 3590 ·-
293 3549 395 3602 ίλαττον
413 3553 462 3620 πῦρ
481 3548 533 3618 έχιι
576 3591 685 3653 demum
774 3551 883 3601 fortasse
894 3554 996 3602 rectius.
1010 3565 1069 3601 nam
1080 3552 1149 3601 euris
1158 3553 1179 3602 si
1190 3551 1267 3601 tubae
1276 3552 1375 3612 similis,
1385 3552 1433 3613 <rn-

101 3637 128 3690 ίν
146 3637 220 3690 νυκτί
244 3665 275 3676 -
295 3636 370 3690 πλέον
389 3640 437 3706 πῦρ
457 3636 509 3707 ἔχει
776 3648 816 3689 tus
826 3641 968 3703 angustior,
983 3646 1057 3688 extre
1065 3639 1204 3704 patentior)
1214 3639 1247 3689 ad
1258 3654 1337 3688 eonor
1347 3639 1434 3690 fores

65 3727 81 3780 6
106 3722 248 3794 ίπαυξηδέν
269 3728 325 3779 PF:
358 3743 424 3777 corr.
449 3727 557 3779 Usener.
585 3722 725 3794 έπαυξηδέν
776 3726 927 3787 mittendos,
947 3741 1023 3789 quam
1042 3728 1130 3776 intus
1150 3726 1330 3792 propagandos
1349 3727 1435 3790 aptior

65 3812 112 3881 γὰρ
133 3811 286 3865 Schneider.
309 3825 335 3865 et
352 3825 410 3880 post
432 3815 536 3864 verbum
556 3817 725 3880 compositum
777 3822 852 3864 esset.
865 3813 1046 3878 Theophrasto
1056 3822 1141 3864 autem
1152 3816 1276 3878 cartilago
1287 3814 1357 3863 velut
1369 3814 1432 3863 tin-

65 3902 201 3964 iengueret
227 3898 263 3951 έτι
286 3897 300 3968 ΙΙ
326 3897 397 3952 7ών
414 3898 440 3952 δέ
458 3902 514 3952 PF:
532 3918 598 3952 corr.
617 3902 725 3952 Schnei·
777 3901 1433 3965 tinnabulumillisasonumedereetquoquover-

65 3988 114 4038 der
133 3983 148 4054 ΙΙ
168 3986 184 4038 8
203 3983 326 4056 γίγνεσθαι
345 3985 467 4038 δὲταῦτα
491 3991 574 4054 suppl.
593 3991 693 4041 Usener
712 3987 725 4055 ΙΙ
777 4002 820 4037 ουν
832 3989 931 4037 mittere
945 3987 1046 4038 videtur
1058 3989 1089 4038 ci.
1102 3989 1173 4038 Prol.
1186 4005 1212 4053 ρ.
1225 3985 1276 4038 222
1296 3984 1310 4054 ΙΙ
1332 3987 1364 4039 14
1377 3985 1434 4047 ὄζον

66 4075 83 4126 9
107 4073 180 4143 ἀέρος
203 4077 235 4126 ef.
259 4092 284 4140 ρ.
303 4072 408 4136 50315
438 4078 577 4142 respondet
598 4081 635 4146 τῷ
658 4074 725 4133 ένςδς
777 4072 898 4139 [Emped.
911 4071 998 4126 ν.315
1011 4073 1104 4138 Stein]
1124 4092 1175 4125 non
1190 4076 1358 4126 dubitandum
1371 4078 1432 4139 quin

72 4158 152 4212 ύδατι.
171 4165 301 4228 epicorum
321 4180 369 4214 usu
383 4173 531 4230 usurpatum
550 4163 725 4232 ἀηρυΤίιοο-
776 4170 923 4227 corruptum
936 4165 976 4212 sit.
1002 4178 1061 4212 nam
1075 4179 1132 4212 curu
1145 4165 1250 4213 omnino
1264 4165 1336 4214 nulle
1354 4166 1432 4214 sitsi-

66 4251 174 4316 phrssto
197 4266 229 4301 ex
254 4252 412 4316 Empedocle
436 4261 565 4302 servatum
591 4253 691 4302 videtur
711 4248 723 4317 ΙΙ
777 4250 894 4299 militudo
914 4251 982 4300 nuris
1002 4252 1117 4313 ramique
1136 4277 1168 4285 —
1188 4253 1359 4313 nequeenim
1379 4253 1433 4301 He·

69 4335 98 4386 li
119 4335 287 4404 συγκιιμένιον
310 4338 366 4388 PF:
394 4354 458 4388 corr.
483 4338 627 4403 Stephanus
653 4335 667 4404 ΙΙ
695 4335 725 4390 12
777 4337 844 4386 siodi
864 4333 979 4394 πίντοζος
1001 4333 1111 4401 (manus)
1125 4354 1195 4403 oper.
1207 4337 1259 4389 744
1271 4354 1354 4402 neque
1367 4340 1432 4404 Hip-

67 4418 162 4473 έσωθιν
180 4426 248 4474 coni.
261 4426 373 4476 Karsten
393 4429 423 4477 cf.
443 4423 511 4489 521.
529 4434 556 4474 et
573 4440 724 4490 sonuspro·
779 4426 889 4489 poeratis
912 4424 944 4473 de
972 4433 1023 4474 net.
1047 4426 1092 4474 inf.
1114 4425 1145 4477 19
1170 4423 1236 4487 [vn
1258 4443 1282 4490 p.
1302 4421 1362 4478 506.
1382 4423 1433 4476 510

66 4508 270 4574 ύοίιοίιιιιίάπὸ)
290 4512 323 4561 ab
340 4515 485 4563 externis
504 4513 582 4574 sonis,
601 4514 645 4574 qui
658 4514 726 4562 intus
777 4511 865 4575 Lirin]
888 4505 1005 4570 ύζοῦσδαι
1027 4521 1053 4562 et
1077 4507 1217 4571 διοζοῦσίλαι
1244 4520 1304 4577 epte
1330 4527 1432 4578 compn-

67 4599 127 4648 illisi
144 4599 177 4649 sd
199 4600 330 4649 cerebrum
345 4607 519 4664 propagantur
539 4594 552 4663 ΙΙ
577 4595 607 4649 13
625 4593 726 4667 κινηθὲν
778 4599 895 4650 rabis-
914 4607 967 4649 tum
986 4600 1028 4650 hic
1046 4602 1205 4666 ineptissime
1224 4609 1291 4650 esset
1310 4615 1369 4660 vox,
1389 4601 1434 4651 ubi

66 4682 171 4752 ηχιῖίίι
185 4681 286 4753 κινηθὲν
299 4684 352 4755 ηχῆ
367 4687 400 4737 P:
421 4702 486 4736 corr.
499 4685 646 4737 Schneider.
666 4703 726 4736 con·
778 4687 810 4737 de
829 4689 950 4737 interiore
970 4688 1039 4738 euris
1057 4688 1139 4737 forme
1158 4689 1250 4751 egitur.
1281 4682 1357 4737 αύλδν
1377 4697 1432 4738 ιοιι·

65 4773 113 4821 ieci
134 4767 236 4838 ψόφων,
255 4770 313 4824 ὅταν
332 4771 345 4825 ὁ
365 4771 414 4840 ἀὴρ
440 4769 488 4822 ὑπὸ
510 4775 556 4840 τῆς
579 4775 665 4840 φωνῆς
689 4789 725 4823 ιιι·
777 4775 990 4825 tabetWimmer.
1010 4770 1432 4840 ιιιίίιίσάρκινονύστοῦν,ηιιο

65 4854 151 4927 νηδιλς
177 4857 230 4928 ηχη
259 4858 326 4917 έντύς
358 4862 390 4911 cs.
418 4861 544 4911 Priscian.
571 4862 725 4925 metaphrss.
777 4861 841 4911 nihil
864 4862 953 4912 melius
976 4858 1005 4911 τὸ
1023 4856 1161 4930 χονδρῶδες
1180 4859 1252 4912 nerii
1276 4862 1433 4911 circumscri-

67 4948 239 5012 Theophrast.
259 4948 284 4997 d.
309 4964 376 4999 sens.
396 4945 438 4998 35.
458 4944 491 5000 36
516 4948 724 4999 nut.Pue.1v
776 4947 825 5008 bit,
855 4948 910 4997 reri
932 4949 1014 4998 simile
1042 4949 1143 4999 videtur
1165 4949 1196 4997 ci.
1224 4945 1290 5011 §28
1314 4943 1328 5014 ΙΙ
1352 4963 1433 5003 κινον·
