3442 5588
387 317 646 369 πεεονππεεπι
664 317 801 369 enisio.
821 319 982 370 omnem
1000 317 1055 369 ππ.
1067 319 1113 373 οε.
1126 317 1181 370 πυ
1207 316 1213 326 ·
1400 314 1464 380 483

100 490 217 552 πάντα
253 491 471 552 συνεστάναι.
524 489 583 552 καὶ
615 488 673 551 τὸν
706 492 788 551 νοῦν
827 489 885 552 καὶ
921 489 982 570 τὴν
1023 491 1141 573 ψυχήν
1185 489 1313 552 ταότδν
1359 484 1464 563 εἶναι,

101 591 195 655 καθὰ
224 590 398 673 μέμνηται
432 591 488 654 καί
520 589 745 674 Θεόφραστος
779 591 813 654 ἐν
844 594 917 661 τοῖς
951 591 1128 660 Φυσικοῖς
1161 593 1300 654 πάντων
1335 588 1464 673 σχεδὸν

101 691 336 773 ἐκτιθέμενος
358 692 399 754 τὰ
422 693 589 775 δόγματα.
627 694 728 777 δισσήν
750 691 776 756 τ’
804 691 863 778 ἔφη
886 693 1031 775 εἶναιτὴν
1054 693 1225 776 φιλοσοφίαν
1248 694 1300 776 τὴν
1323 693 1374 774 μὲν
1397 688 1460 756 κατ’

100 795 253 878 ἀλήθειαν,
274 795 326 876 τήν
352 795 385 857 δὲ
405 796 480 859 κατὰ
503 794 597 864 δόξαν.
642 796 686 858 διὸ
709 797 758 859 καὶ
779 795 853 880 φησί
873 820 943 860 που·

627 901 708 982 χρεὼ
729 897 762 960 δέ
785 917 819 961 σε
839 899 933 962 πάντα
954 898 1102 963 πυθέσθαι
1482 926 1495 962 ε

455 1000 529 1083 ήμέν
552 1000 694 1083 ἀληθείης
715 1000 866 1070 εὐπειθέος
888 1002 1011 1084 ἀτρεμὲς
1032 1001 1106 1086 ἦτορ

457 1101 511 1185 ήδέ
534 1103 645 1186 βροτῶν
668 1102 762 1180 δόξας,
784 1108 839 1184 τῇς
861 1103 914 1168 οὐκ
937 1101 979 1167 ἔνι
1001 1103 1094 1173 πίστις
1117 1104 1242 1189 ἀληθής.

164 1497 348 1561 Simplicius
367 1500 394 1547 in
413 1498 486 1562 phys.
504 1498 521 1547 f.
536 1493 629 1549 25¹1ss

180 1594 227 1666 Ὡς
258 1599 273 1661 6
299 1595 482 1681 Ἀλέξανδρος
514 1599 636 1683 ίστορεῖ,
668 1600 684 1662 6
716 1597 768 1680 μέν
799 1595 1025 1682 Θεόφραστος
1056 1599 1148 1667 οὕτως
1178 1599 1322 1663 ἐκτίθεται
1355 1598 1389 1662 ἐν
1418 1603 1463 1683 τῷ

98 1703 229 1784 πρώτῳ
252 1704 313 1784 τής
337 1701 496 1785 Φυσικῆς
519 1702 673 1786 ἱστορίας
696 1697 751 1787 (de
773 1697 995 1786 Parmenide)·

252 1801 298 1867 Τὸ
321 1803 411 1887 παρὰ
433 1804 470 1866 τὸ
495 1803 530 1867 ὃν
554 1803 616 1867 οὐκ
639 1801 691 1880 όν,
714 1803 751 1866 τό
774 1802 837 1866 οὐκ
860 1802 896 1866 ὃν
920 1801 1038 1878 οὐδέν,
1061 1802 1096 1865 ἐν
1118 1802 1184 1887 ἄρα
1206 1804 1243 1866 τό
1267 1801 1313 1867 όν.
1482 1831 1505 1869 ιυ

162 2195 349 2260 Simplicius
368 2199 393 2246 in
414 2197 486 2261 phys.
504 2198 520 2246 f.
535 2193 672 2249 ire-26.

188 2296 390 2367 Λεύκιππος
413 2298 450 2359 δέ
471 2298 487 2360 6
506 2293 672 2379 Ἐλεάτης
694 2298 714 2380 ἢ
738 2294 916 2382 Μιλήσιος
938 2333 980 2344 -
1003 2296 1214 2381 ἀμφοτέρως
1235 2296 1298 2378 γὰρ
1324 2295 1464 2379 λέγεται

100 2398 182 2481 περὶ
205 2399 312 2462 αὐτοῦ
335 2395 623 2482 -κοινωνήσας
648 2399 850 2482 Παρμενίδη
880 2404 945 2484 τῆς
974 2398 1187 2485 φιλοσοφίας
1209 2398 1249 2461 οό
1272 2398 1332 2481 τὴν
1356 2400 1465 2482 αὐτὴν

100 2499 249 2584 ἐβάδισε
281 2500 482 2585 Παρμενίδη
512 2501 572 2564 καὶ
603 2500 800 2587 Ξενοφάνει
830 2502 911 2585 περὶ
941 2508 1009 2565 τῶν
1041 2500 1153 2565 ὄντων
1186 2501 1282 2578 ὁδόν,
1313 2498 1386 2562 ἀλλ’
1422 2505 1466 2570 ὡς

101 2603 205 2664 δοκεῖ
231 2604 292 2685 τὴν
321 2603 499 2666 ἐναντίαν·
532 2603 677 2667 ἐκείνων
707 2605 773 2687 γὰρ
799 2604 836 2666 ἓν
859 2605 918 2668 καὶ
940 2605 1109 2687 ἀκίνητον
1133 2603 1189 2665 καὶ
1213 2603 1382 2686 ἀγένητον
1404 2603 1465 2665 καὶ

101 2706 369 2789 πεπερασμένον
401 2708 598 2770 ποιούντων
628 2707 665 2768 τὸ
695 2710 763 2769 πᾶν
794 2707 854 2771 καὶ
880 2707 917 2768 τὸ
945 2707 990 2790 μὴ
1015 2705 1052 2769 ὃν
1076 2705 1165 2789 μηδὲ
1188 2708 1305 2789 ζητεῖν
1327 2726 1463 2789 συγχω-
1483 2731 1505 2768 ιε

101 2807 275 2890 ροόντων,
315 2808 416 2879 οὗτος
448 2810 574 2892 ἄπειρα
608 2810 665 2872 καί
698 2809 753 2872 ἀεὶ
785 2808 977 2892 κινούμενα
1009 2807 1160 2871 ὑπέθετο
1199 2813 1366 2893 στοιχεῖα
1404 2808 1465 2877 τὰς

101 2910 271 2992 ἀτόμους,
303 2913 360 2975 καλ
391 2916 457 2974 τῶν
486 2912 520 2974 ἐν
550 2913 670 2980 αὐτοῖς
699 2914 895 2997 σχημάτων
927 2909 1073 2995 ἄπειρον
1106 2909 1144 2972 τδ
1179 2912 1315 2995 πλῆθος
1343 2910 1400 2973 διὰ
1427 2910 1464 2973 τδ

102 3013 211 3096 μηδὲν
252 3016 382 3095 μᾶλλον
416 3019 576 3077 τοιοῦτον
609 3015 629 3097 ἢ
662 3019 827 3079 τοιοῦτον
862 3013 952 3077 εἶναι
987 3013 1105 3103 [ταήτην
1136 3011 1203 3095 γὰρ]
1237 3011 1294 3075 καί
1328 3013 1465 3094 γένεσιν

102 3116 161 3177 καί
185 3116 388 3199 μεταβολὴν
411 3118 641 3180 ἀδιάλειπτον
664 3117 698 3181 ἐν
721 3122 794 3188 τοῖς
810 3115 889 3181 οόσι
909 3116 1070 3199 θεωρῶν·
1095 3113 1147 3178 ἔτι
1163 3115 1200 3176 δὲ
1216 3113 1315 3178 οὐδὲν
1333 3118 1465 3197 μᾶλλον

101 3219 141 3280 τὸ
175 3218 212 3282 δν
241 3219 261 3300 ἦ
289 3219 326 3280 τὸ
358 3220 402 3301 μὴ
432 3219 467 3282 δν
496 3220 671 3303 ὑπάρχειν
696 3220 753 3283 καὶ
781 3218 874 3283 αίτια
897 3217 1029 3301 ὁμοίως
1052 3216 1140 3280 εἶναι
1163 3222 1237 3287 τοῖς
1259 3217 1505 3300 γινομένοιςνο

101 3319 224 3404 ἄμφω·
253 3320 315 3403 τὴν
337 3320 400 3403 γὰρ
423 3327 490 3384 τῶν
514 3322 655 3404 ἀτόμων
679 3321 808 3385 οὐσίαν
830 3321 963 3404 ναστὴν
986 3320 1041 3383 καὶ
1063 3322 1181 3405 πλήρη
1205 3320 1465 3403 ὑποτιθέμενος

102 3422 139 3485 δν
163 3419 283 3504 ἔλεγεν
306 3420 394 3485 εἶναι
418 3425 476 3487 καί
499 3425 533 3488 ἐν
556 3429 603 3509 τῷ
628 3429 716 3509 κενῷ
739 3424 913 3509 φέρεσθαι
938 3423 1023 3507 ὅπερ
1046 3423 1090 3506 μή
1115 3422 1150 3486 ὃν
1173 3422 1299 3485 ἐκάλει
1323 3423 1381 3486 καί
1405 3423 1466 3486 οὐκ

139 3612 209 3663 leel
228 3609 283 3662 κτλ.
303 3613 333 3662 cf.
352 3614 383 3663 fr.
402 3614 434 3662 de
453 3614 554 3665 senei
576 3611 590 3682 11
610 3612 626 3664 2
644 3613 688 3664 καὶ
707 3628 758 3663 om.
810 3625 930 3677 testetur,
962 3615 1029 3664 unde
1056 3621 1116 3677 poet
1142 3604 1274 3679 Ξενοφάνει
1303 3613 1365 3662 olim
1391 3614 1464 3663 addi-

101 3700 219 3750 Burbon.
239 3697 289 3751 '263
313 3695 327 3765 ΙΙ
353 3701 368 3752 6
391 3697 521 3768 εὐφεγγέος
540 3704 626 3753 Proel.
645 3705 672 3751 in
690 3703 757 3751 Tim.
810 3712 863 3754 tum
885 3704 963 3753 iuieec
986 3703 1117 3752 Zenonem
1141 3702 1253 3750 coniciee
1273 3696 1287 3767 ΙΙ
1314 3699 1346 3750 16
1373 3697 1464 3767 ἐπιχει-

100 3781 228 3853 ρ.105117
238 3785 349 3837 bilibri:
360 3803 423 3837 com.
432 3786 758 3855 Huebnerlle'ci.Simplic.
811 3786 919 3858 ροόντων
932 3789 995 3840 olim
1012 3789 1113 3839 Usener
1126 3781 1140 3853 ΙΙ
1157 3786 1187 3839 16
1200 3785 1352 3855 τὰστοιχεῖα
1366 3788 1416 3836 aF:
1435 3786 1467 3837 τὰ

100 3877 128 3924 in
152 3876 194 3937 ph.
215 3876 230 3925 s.
245 3873 296 3927 ‘29‘
308 3871 342 3924 32
362 3871 397 3930 ὡς
415 3872 441 3924 δὲ
460 3871 615 3943 Θεόφραστος
633 3874 759 3943 προήγαγε
811 3895 861 3928 om.
873 3879 963 3928 ΗΒΕι
977 3871 991 3942 ΙΙ
1007 3874 1040 3928 18
1057 3871 1150 3942 ταυτην
1168 3873 1215 3943 γὰρ
1232 3875 1356 3925 DEE⁸F2
1375 3870 1468 3942 ταύτην

100 3959 130 4010 τὸ
153 3960 220 4028 παρὰ
238 3959 265 4010 τὸ
284 3957 311 4010 ὃν
330 3959 377 4011 οὐκ
396 3959 431 4024 όν,
449 3960 479 4013 τό
502 3960 549 4013 οδκ
572 3960 598 4012 όν
621 3959 700 4012 οὐδέν.
725 3963 756 4012 εί.
809 3982 838 4015 a:
864 3966 949 4015 delevi
966 3964 1064 4013 librarii
1082 3977 1194 4013 errorem
1213 3964 1257 4025 qui
1276 3964 1301 4011 in
1320 3955 1466 4013 inferiorem

101 4049 118 4097 f.
132 4044 184 4099 ⁸26v
200 4046 238 4109 15,
262 4049 301 4098 Io.
321 4050 424 4115 Philop.
444 4053 471 4101 iu
489 4051 561 4116 phys.
585 4058 654 4113 quet„
679 4049 756 4100 bil.
810 4055 895 4103 locum
927 4052 1084 4101 simillimum
1112 4067 1137 4114 ρ.
1162 4046 1275 4110 484,13
1307 4051 1388 4100 oculis
1423 4051 1467 4100 dc-

101 4134 297 4198 Theophrestue
324 4138 390 4187 redit
416 4139 449 4188 ed
478 4140 585 4188 Aristot.
613 4139 676 4188 Met.
703 4139 717 4187 1
741 4135 757 4188 5
811 4143 877 4191 letus
894 4141 994 4189 initium
1007 4139 1141 4202 descripsit
1159 4131 1174 4203 ΙΙ
1196 4134 1227 4187 19
1247 4131 1436 4186 ἀδιάλειπτονΕ
1453 4134 1468 4204 ΙΙ

99 4219 246 4287 p.9861›28
258 4223 381 4292 παρὰγὰρ
394 4223 423 4274 τὸ
435 4221 461 4274 ὃν
474 4223 550 4291 τὸμὴ
563 4221 759 4282 ὂνοὺθὲνάἕιῶν
812 4225 882 4278 ουοὲν
907 4228 1009 4277 DEOE:
1038 4219 1066 4275 οῦ
1089 4223 1115 4275 ἓν
1139 4225 1171 4274 F:
1201 4221 1230 4273 ου
1252 4239 1269 4271 a
1294 4220 1308 4289 Η
1333 4226 1364 4275 ef.
1388 4227 1467 4275 Arist.

99 4306 169 4371 εἶναι,
188 4306 213 4367 ἐξ
232 4309 342 4380 ἀνάγκης
360 4311 385 4362 ἓν
398 4311 474 4364 οἴεται
486 4310 545 4362 εἶναι
558 4309 586 4361 τὸ
600 4309 626 4361 ὃν
639 4312 682 4362 καὶ
698 4307 759 4361 ἄλλο
813 4315 873 4376 Α4,
887 4311 978 4366 98:3¹³ss
1001 4309 1038 4363 διὸ
1060 4312 1105 4362 καὶ
1127 4307 1201 4363 ccicc
1219 4307 1314 4377 μᾶλλον
1331 4309 1360 4363 τὸ
1378 4308 1405 4361 ὃν
1423 4314 1468 4362 τοῦ

101 4391 183 4447 οὐθέν.
202 4395 298 4459 [Zeller
316 4400 385 4450 Abh.
404 4402 429 4451 d.
448 4401 499 4450 Al.
519 4402 535 4450 Ι.
554 4417 576 4450 c.
595 4418 620 4464 p.
636 4398 705 4462 153}
811 4400 847 4470 μὴ
872 4398 941 4458 ὄντος
963 4398 1024 4452 εἷναί
1047 4414 1129 4468 φασιν,
1152 4395 1190 4450 ότι
1213 4395 1269 4448 οὐδὲ
1287 4396 1317 4450 τὸ
1334 4398 1405 4452 κενὸν
1423 4402 1468 4450 τοῦ

138 4483 168 4533 ll
190 4486 221 4534 cf.
240 4487 318 4550 Hipp.
338 4488 405 4538 Phil.
422 4486 476 4538 121
499 4483 642 4543 Λεόκιππος
661 4484 687 4536 δὲ
705 4482 758 4554 Ζή·
810 4486 928 4555 σώματος
955 4486 1011 4552 [τοῦ
1038 4490 1112 4537 κενοῦ
1139 4483 1168 4536 τό
1196 4489 1271 4552 σῶμα
1297 4485 1468 4553 SchweglerJ,

102 4587 180 4626 νωνος
199 4569 295 4639 ἑταῖρος
314 4571 343 4623 οὺ
362 4574 408 4642 τὴν
426 4574 505 4642 αὐτὴν
523 4572 595 4634 δόξαν
614 4571 756 4641 διετήρησεν
809 4574 876 4627 αἴτια
887 4573 975 4627 δέτῶν
985 4573 1064 4626 όντων
1072 4577 1151 4624 ταῦτα
1164 4571 1199 4630 ὡς
1210 4569 1280 4642 ὕλην.
1300 4576 1396 4626 Euseb.
1403 4575 1468 4626 xlv

100 4655 163 4708 α’)λά
186 4672 260 4726 φησιν
289 4659 377 4729 ἄπειρα
407 4659 466 4712 εἶναι
493 4663 536 4712 καὶ
564 4662 601 4712 eei
624 4658 756 4727 κινοόμενα
809 4661 849 4715 37
871 4659 885 4730 ΙΙ
906 4660 940 4714 20
963 4664 993 4715 ci.
1015 4662 1187 4727 Theophreei.
1208 4664 1321 4728 metaph.
1339 4663 1354 4715 7
1373 4680 1398 4728 p.
1408 4661 1468 4722 316,

100 4745 142 4795 καί
166 4745 259 4813 γένεσιν
287 4748 330 4799 καὶ
358 4747 499 4817 μεταβολὴν
528 4755 638 4817 συνεχῶς
668 4745 755 4799 οὖσαν·
812 4749 895 4800 ‘2an
910 4745 924 4816 ΙΙ
939 4747 973 4800 22
984 4752 1015 4801 ci
1025 4750 1131 4815 Hippoi.
1144 4750 1214 4800 Phil.
1229 4746 1286 4800 132
1306 4749 1468 4812 (Democrit.)

101 4838 208 4902 στοιχεῖα
227 4832 253 4885 δὲ
272 4831 336 4902 λέγει
355 4834 382 4887 τό
402 4835 493 4905 πλῆρες
512 4837 554 4888 καλ
573 4835 601 4887 τὸ
620 4835 698 4888 κενόν.
727 4838 757 4887 ci.
811 4834 878 4905 ἔλεγε
897 4834 923 4888 δέ
943 4835 979 4895 ὡς
997 4836 1034 4889 ἀεὶ
1053 4835 1205 4902 κινουμένων
1223 4839 1275 4886 τῶν
1297 4834 1376 4888 όντων
1389 4836 1415 4888 ἐν
1432 4835 1469 4904 τῷ

99 4923 179 4985 llieg.
193 4925 233 4971 lx
247 4922 281 4972 30
306 4927 349 4986 qui
373 4927 426 4988 ipsc
450 4928 562 4976 Zenonis
586 4928 758 4987 magisterium
812 4929 885 4993 κενῷ.
899 4927 930 4976 cf.
944 4927 1039 4976 Euseb.
1053 4927 1097 4975 l.l.
1112 4920 1127 4991 Η
1142 4922 1260 4992 φέρεσθαι
1275 4923 1318 4974 καὶ
1337 4920 1396 4992 ὅπερ
1410 4923 1467 4973 E¹F

1197 5008 1263 5075 31*
