3442 5588
648 358 924 410 rnouuoouaus
1402 365 1463 429 241

105 546 201 608 quem
222 525 280 590 ille
300 525 333 590 in
356 531 436 590 orat.
453 525 496 591 ad
518 526 616 609 ampl.
632 526 735 591 Paris
752 524 920 593 medard.
943 525 965 593 l.
981 527 1001 591 5
1023 527 1071 595 ita
1086 530 1245 596 laudavit:
1268 535 1318 596 uir
1335 536 1466 616 sapien-

106 631 243 693 tissimus
263 630 373 692 Petrus
396 630 503 693 &mer
524 631 630 693 iunior
652 631 685 692 iu
708 649 776 692 eum
798 629 908 691 librum
931 631 1050 696 Galeuo
1074 637 1254 716 ascriptum,
1276 657 1316 701 ao
1337 638 1376 700 de
1390 639 1466 701 Phl-

105 734 227 814 lorophi
250 734 383 795 historia
406 734 602 813 inscriptum,
631 752 707 795 suas
737 732 967 795 lucubrationes
994 738 1104 799 attulit.
1147 735 1291 820 quisquis
1311 738 1381 823 fuit,
1403 738 1466 806 hoo

106 842 200 901 extra
223 853 350 901 omnem
373 834 583 901 dubitationis
606 833 713 900 aleam
732 832 883 916 positum,
906 832 1023 899 Gabeni
1046 836 1166 903 oodiois
1188 858 1280 904 usum
1297 839 1465 907 chartario

104 935 207 1001 fuisse
227 937 362 1020 nullum,
385 937 471 1019 quod
494 936 535 1002 de
557 936 631 1002 aliis
653 955 781 1019 quoque
796 934 925 1017 seriptis
939 956 1024 1001 nuno
1040 945 1175 1006 constat.
1204 938 1254 1027 [of.
1276 941 1302 1006 I.
1318 941 1465 1009 Muelleri

105 1036 222 1103 Galen.
245 1038 288 1104 de
314 1039 397 1122 plac.
421 1038 462 1104 Η.
484 1045 518 1105 et
543 1039 592 1103 Pl.
616 1059 646 1122 p.
662 1036 727 1125 421.
766 1044 906 1103 aeterum
937 1037 1008 1120 ipse
1037 1040 1147 1107 neseio
1178 1061 1242 1125 qua
1270 1044 1467 1110 verecundia

105 1139 222 1205 duetus
243 1161 310 1206 non
333 1141 440 1206 nullos
462 1142 551 1207 locos
573 1161 614 1207 ex
628 1138 781 1205 Martiani
796 1138 900 1204 Rotae
922 1139 1115 1207 auctoritate
1136 1143 1267 1210 additos
1286 1144 1466 1211 litterarum

106 1261 228 1324 genere
259 1241 387 1310 diverso
417 1242 573 1308 distinxit.
624 1240 779 1324 quidquid
816 1239 912 1321 igitur
947 1242 1150 1309 emendatius
1182 1245 1301 1328 legitur
1330 1246 1363 1312 in
1397 1247 1466 1314 eius

106 1344 257 1427 exemplo
273 1352 330 1410 aut
344 1344 406 1428 ipsi
421 1351 479 1409 aut
493 1344 596 1410 Rotae
611 1343 741 1426 ingenio
756 1340 902 1407 debetur.
937 1341 1049 1428 utrius,
1071 1365 1131 1411 neo
1153 1344 1248 1414 facile
1262 1346 1380 1431 ubique
1396 1356 1468 1415 erat

105 1447 150 1513 ad
171 1447 414 1513 diiudioandum
436 1467 496 1513 neo
519 1446 590 1513 sine
611 1444 762 1511 molestia
783 1443 826 1507 ad
848 1442 1065 1510 iudicandum.
1100 1466 1200 1530 quare
1221 1450 1404 1534 promiscua
1417 1457 1468 1518 est

105 1549 141 1616 in
163 1558 277 1617 nostra
299 1549 441 1617 editione
464 1540 624 1615 Obarterii
647 1553 681 1614 et
702 1543 852 1612 Martiani
872 1545 976 1612 Rotae
997 1549 1161 1615 memoria.

194 1654 332 1718 Possum
351 1651 406 1718 hio
427 1651 603 1717 subsistere
624 1649 657 1715 in
680 1648 844 1715 oodioibus
871 1655 904 1714 et
926 1647 1122 1716 editionibus
1145 1672 1227 1734 quas
1249 1653 1379 1737 quidem
1401 1655 1467 1721 vidi

107 1755 325 1823 recensendis.
357 1774 433 1819 nam
455 1754 532 1837 quid
546 1753 662 1819 attinet
683 1750 927 1816 Iuntinarum
949 1769 988 1815 ao
1010 1750 1341 1820 Frobenianarum
1363 1777 1468 1840 paene

107 1858 266 1924 infinitam
280 1856 397 1924 seriem
412 1856 619 1941 perlustrare,
643 1873 726 1937 quae
741 1853 844 1918 Rotae
859 1851 1041 1918 versionem
1057 1861 1220 1939 repetunt,
1238 1856 1246 1888 ¹
1269 1865 1326 1923 aut
1344 1858 1469 1926 Kush-

106 1961 160 2026 nii
176 1959 360 2044 exemplum
375 1979 417 2026 ex
433 1955 646 2024 Oharteriaua
662 1954 756 2039 apiae
771 1962 865 2022 tenus
880 1953 1099 2038 exseriptum'
1113 1957 1199 2024 iusta
1215 1959 1468 2043 reprehensione

108 2063 245 2130 notare?
277 2061 340 2129 boe
363 2062 447 2128 enim
471 2080 512 2127 ex
534 2059 582 2126 eis
605 2078 689 2141 quae
713 2056 879 2141 disputata
905 2062 981 2122 sunt
1003 2065 1152 2127 oonstare
1174 2068 1268 2146 puto,
1296 2081 1337 2127 ex
1358 2061 1469 2129 arebe-

108 2175 187 2251 typo
210 2163 298 2229 baud
321 2168 448 2228 vetusto
471 2161 650 2244 eodemque
673 2157 919 2226 mendosissime
942 2164 1093 2241 quattuor
1108 2165 1259 2247 exempla
1273 2163 1470 2248 transcripta

108 2287 192 2351 esse,
214 2285 254 2332 ao
274 2263 402 2330 fidelius
424 2265 554 2347 quidem
576 2264 673 2329 Laur.
688 2261 731 2346 A,
754 2260 888 2346 peritius
910 2260 969 2326 sed
991 2259 1189 2345 interpolate
1211 2265 1307 2330 Laur.
1324 2264 1365 2350 B,
1388 2265 1470 2331 eius

109 2369 250 2451 demque
272 2365 401 2449 genesis
416 2386 489 2433 esse
505 2372 538 2432 et
552 2364 787 2432 Baroeoianum
802 2369 835 2430 et
849 2362 977 2429 Nioolai
993 2370 1176 2430 trunoatum
1191 2372 1225 2432 et
1239 2365 1470 2450 interpolatum

111 2469 289 2553 exemplar.
322 2467 475 2534 Laounae
498 2467 567 2534 sive
589 2465 746 2533 Hadriani
768 2466 873 2532 sodex
895 2466 1000 2549 qualis
1021 2464 1118 2532 tuerit
1140 2467 1195 2532 vix
1216 2487 1256 2533 ao
1269 2488 1312 2535 ne
1334 2467 1389 2533 vix
1404 2467 1471 2552 qui·

110 2573 184 2638 dem
207 2591 249 2637 ex
271 2568 341 2637 eius
362 2570 513 2638 versione
541 2567 704 2636 enucleari
731 2573 848 2651 potest.
893 2567 1002 2651 itaque
1024 2568 1188 2635 oodioibus
1209 2568 1271 2635 AB
1293 2569 1341 2636 ita
1361 2590 1471 2654 super·

112 2673 287 2740 struximus
307 2679 451 2738 nostram
475 2672 664 2753 editionem,
687 2675 723 2734 ut
745 2689 785 2735 ex
808 2688 968 2736 eonsensu
990 2670 1051 2735 AB
1073 2670 1244 2758 arobetypi
1265 2670 1402 2737 formam
1423 2691 1471 2740 re

112 2775 328 2859 fingeremus,
369 2773 627 2860 disorepantibus
664 2771 711 2838 eis
747 2771 932 2838 vetustioris
968 2772 1039 2839 fere
1074 2773 1146 2839 libri
1179 2773 1209 2840 Α
1244 2773 1470 2841 auotoritatem

112 2886 284 2944 tueremur.
329 2885 501 2962 praeterea
531 2877 565 2941 in
594 2872 754 2959 prioribus
786 2873 948 2958 capitibus
981 2875 1207 2942 secundarium
1240 2874 1336 2941 tribui
1365 2876 1470 2942 losum

113 2980 243 3048 soleatis
257 2978 413 3067 N(ieolai)
429 2978 632 3062 lectionibus,
656 2975 698 3042 de
713 2975 829 3058 quibus
843 2982 943 3043 antea
960 2977 1080 3042 monui.
1113 2976 1370 3044 coniecturarum
1384 2978 1471 3044 unde

113 3082 185 3148 baio
212 3082 286 3149 libri
308 3083 393 3167 parti
421 3082 564 3148 maxima
589 3077 731 3165 petenda
761 3087 832 3146 erat
860 3079 949 3145 salus
977 3079 1132 3163 quidquid
1162 3078 1302 3145 innotuit
1327 3080 1470 3146 adhibui.

114 3184 289 3251 editionum
317 3191 352 3250 ut
372 3205 394 3251 a
415 3182 557 3250 Laurh
579 3179 788 3266 pendentium
816 3181 975 3247 rationem
1001 3179 1100 3247 habui
1129 3184 1267 3267 nullam,
1295 3180 1357 3247 nisi
1385 3180 1472 3265 quod

114 3286 261 3372 exeerpsi
282 3286 310 3353 si
333 3306 417 3371 quae
438 3292 533 3352 erant
554 3284 697 3369 potiores
719 3284 973 3351 emendationes.
1018 3283 1060 3350 de
1082 3284 1264 3368 posteriore
1285 3289 1378 3368 parte
1401 3285 1490 3349 Plu-2

115 3388 248 3456 tarohea
268 3388 336 3455 dixi
360 3410 391 3473 p.
408 3390 449 3455 12
462 3408 532 3472 sqq.
555 3393 588 3454 et
609 3387 661 3452 43.

196 3491 342 3558 Historia
362 3488 560 3576 philosopha
581 3508 623 3554 ex
645 3507 684 3555 eo
707 3486 887 3553 litterarum
913 3507 1033 3570 genere
1055 3494 1105 3554 est
1130 3489 1217 3573 quod
1239 3489 1473 3576 ὑπομνήματα

116 3596 267 3678 spoliari
289 3592 405 3660 Graeci
427 3590 640 3659 nominabant
661 3589 712 3676 [of.
734 3588 837 3655 Lehrs
859 3589 901 3656 de
915 3587 1112 3655 Aristareh.¹
1135 3611 1167 3674 p.
1184 3587 1246 3676 21].
1281 3589 1316 3655 id
1338 3610 1409 3656 oum
1432 3610 1474 3657 ex

122 3742 176 3747 --.-
193 3742 317 3749 -.—.-—.
332 3743 516 3751 *—

187 3815 194 3845 ¹
215 3817 242 3865 in
254 3819 438 3881 posterioribus
452 3821 572 3870 Iuntinae
586 3818 741 3870 editionibus
758 3819 806 3868 sub
823 3820 897 3869 titulo
923 3817 1022 3869 Galesi
1035 3816 1102 3869 liber
1115 3816 1148 3869 da
1167 3816 1276 3869 hirtoria
1292 3817 1475 3884 philosophica

113 3898 186 3951 Iulio
205 3900 344 3955 Mortiarro
362 3905 503 3970 interprete
528 3907 594 3956 haee
616 3915 656 3956 est
677 3906 753 3955 docta
776 3907 908 3956 cuiusdam
932 3907 1080 3958 adnotatio:
1102 3903 1170 3956 huus
1190 3904 1285 3955 librum
1304 3903 1401 3956 Galerii
1419 3922 1474 3958 esra

112 4005 170 4039 oum
193 3989 262 4041 ratis
284 4006 339 4041 mou
358 4001 469 4053 murteo,
493 3990 637 4043 ridendum
659 4006 723 4040 mum
742 3991 859 4059 fartam
882 3992 917 4043 sit
937 3992 1014 4043 Astii.
1037 3990 1475 4057 Theodoretureuimlih.11§4

114 4075 148 4127 da
165 4077 305 4128 curatione
321 4094 477 4146 praecorum
494 4079 665 4147 assectioorum
682 4077 775 4128 scribit
788 4076 962 4128 Plutarchum
982 4087 1005 4129 et
1022 4078 1128 4128 Aetium
1141 4077 1300 4130 collectanea
1318 4078 1351 4129 de
1367 4077 1476 4145 placitis

112 4161 329 4229 philosophorum
340 4165 463 4229 edidisse,
477 4164 660 4233 Porphyrium
672 4179 733 4214 uero
745 4180 796 4214 nou
807 4164 885 4214 modo
894 4164 1104 4231 philosophicam
1117 4166 1201 4217 murco
1215 4166 1317 4233 yonnis
1336 4166 1476 4235 consociere

115 4249 269 4314 historiam,
293 4267 384 4303 aarum
406 4253 487 4304 stiam
509 4252 674 4318 opinionibus
700 4252 781 4302 vitam
806 4268 838 4302 oc
855 4268 941 4304 morer
956 4250 1169 4319 pbilosophorum
1187 4251 1348 4303 adiuuairrs.
1387 4251 1476 4314 Quare

116 4354 174 4388 eum
187 4337 329 4390 Plutarchi
348 4338 414 4390 libor
435 4339 572 4399 habeatur,
589 4338 631 4389 hio
650 4347 738 4389 autom
750 4336 904 4405 Porphprto
922 4338 1007 4402 (quoa
1013 4339 1132 4406 sortasse
1145 4337 1270 4390 Laertius
1288 4347 1328 4390 eit
1344 4338 1477 4405 imitatur)

118 4425 200 4475 tribui
216 4442 271 4476 uon
290 4435 376 4492 queat,
391 4426 432 4492 fit,
450 4435 480 4477 ut
492 4425 584 4476 Aetius
599 4427 780 4493 potiusquam
797 4425 851 4477 ulli
868 4423 951 4476 alteri
968 4424 1159 4479 adscribendus
1178 4425 1309 4480 rideatur.
1327 4424 1391 4476 Nisi
1401 4425 1478 4493 sorte

116 4511 175 4577 qais
195 4519 270 4576 putet
294 4527 323 4564 eo
346 4512 413 4578 quod
435 4512 475 4564 hio
498 4521 524 4564 st
548 4512 621 4578 apud
645 4511 820 4565 Plutarchum
843 4511 935 4565 eadem
960 4527 1040 4579 saepo
1066 4514 1143 4564 rerba
1168 4513 1290 4581 loquatur
1312 4527 1345 4563 aa
1367 4520 1478 4580 utroque

115 4596 202 4662 suites
220 4608 377 4666 roupertum.

188 4681 327 4736 ’historia
349 4688 505 4753 philosopha
528 4697 567 4738 est
592 4691 618 4738 in
636 4699 654 4738 t.
670 4690 735 4739 XIX
753 4706 778 4753 p.
792 4683 942 4739 att—245.
970 4687 1118 4748 Kuabniua,
1142 4688 1185 4751 qui
1209 4687 1339 4752 prioribus
1361 4690 1402 4739 sui
1421 4703 1477 4739 eor·

122 4774 189 4835 poris
217 4773 390 4823 voluminibus
415 4791 518 4825 manum
541 4776 648 4826 subinde
676 4777 791 4825 admovit
818 4776 936 4837 quamvis
964 4789 1054 4839 parum
1083 4775 1197 4836 felicem,
1224 4782 1354 4838 postremo
1378 4776 1480 4839 urgenti

124 4859 269 4923 typothetae
289 4875 321 4909 ne
340 4861 468 4923 inspectas
487 4862 590 4923 quidem
610 4862 793 4912 Obarterianaa
811 4863 929 4926 plagulas
948 4864 1014 4926 typis
1034 4861 1217 4912 describendas
1236 4863 1371 4913 tradidisse
1390 4864 1478 4915 t‘ertm.

125 4960 203 5008 neque
222 4946 296 4996 aliter
314 4947 439 5011 explicari
457 4956 549 5012 potest,
570 4950 640 5012 quod
658 4950 737 4998 aditio
756 4949 890 4999 ambitiose
909 4956 1029 5012 suscepta
1048 4960 1102 5000 tam
1121 4951 1214 5001 misera
1232 4949 1352 5001 absoluta
1369 4959 1416 5000 est.

172 5056 262 5103 Diale,
280 5056 424 5107 Dexograpirt
443 5058 525 5106 graeei.
1241 5034 1282 5097 16
