3442 5588
472 346 729 399 FRAGMENTUM
748 346 798 397 DF
816 345 990 398 SENSIBUS
1007 344 1140 408 §te-30
1421 347 1483 412 507

175 515 290 586 ύὸατος·
314 516 358 581 ότι
372 512 398 579 θ’
419 513 483 600 ἔχει
507 519 563 597 πύρ
586 516 674 596 δῆλον
695 513 780 590 εἶναι,
802 513 959 597 πληγέντος
980 515 1034 598 γὰρ
1056 515 1223 598 ἐκλάμπειν.
1259 518 1329 600 ὁρᾶν
1345 514 1378 578 δέ
1392 516 1437 600 τηῖ

173 616 314 701 στίλβοντι
345 616 394 680 καί
418 617 463 701 τηῖ
490 618 637 700 διαφανεῖ,
663 616 731 680 ὁταν
754 616 923 700 ἀντιφαίνη,
952 618 1000 681 καί
1026 619 1088 703 ὁσιμ
1115 617 1150 681 ἀν
1181 619 1386 703 καθαρώτερον
1412 615 1433 700 η’]

174 719 294 799 μᾶλλον.
338 719 454 788 ἁπάσας
476 719 509 781 ὁέ
531 717 582 787 τάς
603 717 755 802 αἰσθήσεις
782 719 982 802 συνηρτῆσθαί
1007 742 1070 790 πως
1094 721 1168 804 πρὸς
1192 720 1241 783 τὸν
1267 720 1437 805 ἐγκέφαλον,

173 819 218 881 ὁιὸ
240 819 289 882 καί
311 819 477 904 πηρούσθαι
499 821 668 902 κινουμένου
691 820 740 883 καί
764 821 1006 901 μεταλλάττοντος
1026 822 1079 904 τὴν
1094 824 1209 906 χώραν·
1233 821 1436 907 ἐπιλαμβάνειν

143 920 226 1004 ογάρ
248 922 315 991 τούς
338 920 460 1005 πόρους,
490 919 528 984 δι’
556 921 597 984 ὧν
620 922 650 984 αἱ
677 920 840 1005 αἰσθήσεις.
887 921 953 1005 περί
979 923 1011 985 δέ
1041 922 1119 1007 ἁφής
1146 922 1200 986 οὐκ
1228 922 1341 1008 εἴρηκεν
1369 921 1438 987 ούτε

176 1026 241 1092 πῶς
263 1014 331 1086 ούτε
351 1022 405 1086 τίνι
427 1022 543 1104 γίνεται.
587 1020 684 1104 [ἀλλ’]
703 1019 901 1104 Ἀλκμαίων
925 1022 976 1104 μέν
999 1021 1050 1087 οὖν
1065 1024 1113 1087 ἐπί
1127 1028 1264 1088 τοσοῦτον
1279 1026 1437 1110 ἀφώρικεν.

269 1119 502 1208 Ἀναξαγόρας
523 1125 557 1187 δὲ
577 1124 707 1206 γίνεσθαι
731 1124 784 1205 μὶν
805 1127 868 1193 τοῖς
889 1123 1038 1194 ἐναντίοις·
1066 1127 1100 1190 τὸ
1121 1127 1175 1210 γάρ
1198 1128 1297 1208 όμοιον
1321 1126 1435 1194 ἀπαθές
1452 1135 1485 1189 27

172 1225 229 1289 ύπὸ
261 1229 313 1288 τού
344 1226 456 1307 ὁμοίου.
501 1224 569 1289 καθ’
604 1225 729 1309 ἑκάστην
762 1223 789 1290 δ’
822 1226 882 1309 ἰδίη
910 1231 1043 1310 πειρᾶται
1070 1228 1243 1311 διαριθμεῖν.
1287 1230 1357 1311 ὁρᾶν
1384 1228 1436 1308 μὲν

173 1326 227 1411 γάρ
249 1323 287 1409 τῇ
306 1327 432 1412 ἐμφάσει
454 1333 507 1413 τής
529 1327 633 1412 κόρης,
655 1326 709 1390 οἰκ
731 1327 923 1413 ἐμφαίνεσθαι
946 1328 980 1391 δέ
1001 1328 1042 1397 εἰς
1063 1330 1097 1391 τὸ
1120 1329 1274 1413 ὁμόχρων,
1304 1326 1368 1391 ἀλλ’
1395 1328 1436 1399 εἰς

138 1454 163 1492 rc
180 1428 214 1490 τὸ
236 1431 386 1513 διάφορον.
429 1430 478 1494 καί
499 1435 559 1498 τοῖς
587 1430 639 1512 μὲν
665 1430 783 1498 πολλοῖς
809 1425 876 1510 μεθ’
903 1427 1032 1513 ἡμέραν,
1059 1428 1143 1498 ἐνίοις
1166 1431 1198 1492 ὁέ
1225 1430 1337 1513 νύκτωρ
1363 1429 1436 1493 εἰναι

171 1531 205 1593 τό
233 1530 402 1615 ἀλλόχρων,
434 1532 478 1595 ut
508 1530 648 1601 ὁζυωπεῖν
675 1529 750 1593 τότε.
794 1529 895 1601 ἁπλῶς
922 1532 955 1594 δὲ
981 1531 1034 1614 τήν
1055 1529 1143 1593 νύκτα
1166 1533 1275 1612 μᾶλλον
1299 1532 1436 1617 ὁμόχρουν

171 1631 244 1696 εἶναι
266 1636 327 1703 τοῖς
349 1633 524 1718 ὀφθαλμοῖς.
567 1631 760 1716 ἐμφαίνεσθαι
783 1632 816 1694 ὁέ
839 1629 905 1713 μεθ’
933 1630 1060 1715 ἡμέραν,
1088 1633 1131 1696 ότι
1152 1634 1186 1696 τὸ
1208 1637 1272 1718 φιῖις
1294 1634 1435 1697 συναίτιον

172 1738 225 1819 τής
247 1734 415 1820 ἐμφάσεως·
439 1737 491 1820 τὴν
514 1735 547 1797 ὁέ
569 1734 661 1818 χρόαν
682 1734 736 1817 τήν
758 1737 919 1817 κρατοῦσαν
942 1735 1052 1814 μᾶλλον
1073 1733 1114 1804 εἰς
1135 1736 1187 1819 τήν
1210 1735 1310 1819 ἑτέραν
1333 1735 1436 1821 ἐμφαί-

171 1837 272 1900 νεσθαι
304 1837 381 1919 [εἰς].
531 1837 581 1898 τὸν
608 1835 696 1898 αύτὸν
718 1835 766 1921 ὁέΚ
780 1835 886 1918 τρόπον
915 1834 964 1897 καί
992 1834 1045 1918 τήν
1078 1836 1156 1920 ἁφήν
1182 1837 1230 1900 καί
1258 1838 1311 1921 τὴν
1338 1843 1434 1921 γεῦσιν
1452 1847 1486 1901 28

132 1966 157 2004 ιο
176 1938 294 2022 κρίνειν·
323 1939 357 2001 τὸ
385 1938 439 2021 γάρ
469 1937 578 2018 ὁμοίως
600 1937 710 2021 θερμὸν
732 1937 780 1999 καί
803 1936 914 2021 ψυχρόν
946 1934 1014 2000 otte
1043 1936 1206 2020 θερμαίνειν
1238 1936 1305 2001 ούτε
1334 1940 1436 2024 ψύχειν

172 2041 331 2123 πλησιάζον
353 2038 423 2103 otte
444 2039 480 2121 δὴ
504 2038 538 2100 τὸ
560 2039 649 2121 γλυκύ
672 2039 721 2102 καί
742 2041 777 2102 τό
799 2037 849 2108 eth
873 2037 910 2102 δι’
931 2038 1028 2102 αὐτῶν
1050 2038 1206 2122 γνωρίζειν,
1229 2041 1305 2104 ἀλλά
1324 2043 1368 2127 τῷ
1384 2043 1436 2124 μέν

172 2140 276 2226 θερμηῖ
297 2141 331 2203 τὸ
354 2140 477 2226 ψυχρόν,
506 2145 549 2225 τῷ
573 2138 598 2203 δ’
627 2142 749 2226 ἀλμυρηῖ
770 2141 803 2204 τὸ
826 2141 962 2222 πότιμον,
988 2140 1033 2224 uqi
1060 2138 1086 2203 θ’
1114 2140 1175 2209 ὁξεῖ
1194 2143 1228 2204 τὸ
1249 2143 1339 2225 γλυκύ
1361 2144 1436 2207 κατά

171 2243 224 2326 τὴν
246 2239 372 2326 ἔλλειψιν
393 2243 445 2326 τὴν
467 2243 607 2306 ἑκάστου·
631 2242 800 2326 πάνταγὰρ
822 2240 993 2326 ἐνυπάρχειν
1008 2240 1117 2323 ψέστὶν
1132 2244 1162 2307 ἐν
1178 2247 1257 2328 ἡμῖν.
1296 2246 1437 2315 όισαότως

172 2346 206 2409 δὲ
226 2345 275 2408 καί
309 2343 516 2428 ὀσφραίνεσθαι
550 2346 599 2408 καί
631 2344 746 2408 ἀκούειν
778 2344 812 2407 τὸ
846 2344 898 2426 μὲν
932 2343 994 2425 ἅμα
1026 2345 1065 2425 τῇ
1093 2346 1242 2430 ἀναπνοή,
1270 2348 1304 2411 τὸ
1334 2348 1367 2410 δέ
1392 2348 1436 2432 uqi

132 2475 159 2513 ιο
176 2447 347 2512 διικνεῖσθαι
368 2447 418 2509 τόν
441 2446 535 2530 ψόφον
557 2445 628 2532 ἀχρι
649 2450 701 2509 τού
724 2443 899 2529 ἐγκεφάλου·
930 2445 964 2507 τὸ
993 2445 1047 2530 γάρ
1075 2447 1211 2532 περιέχον
1238 2449 1342 2513 ὁστυύν
1364 2447 1436 2512 εἶναι

171 2553 279 2628 κοῖλον,
301 2549 343 2619 εἰς
366 2550 382 2613 ὁ
405 2548 554 2631 ἐμπίπτειν
576 2549 626 2611 τὸν
649 2549 753 2633 ψόφον.
894 2546 1011 2610 άπασαν
1033 2547 1059 2611 θ’
1079 2548 1215 2634 αἴσθησιν
1238 2552 1311 2634 μετὰ
1332 2551 1435 2634 λύπης,
1453 2560 1486 2613 29

171 2653 242 2736 όπερ
265 2651 299 2715 ἀν
322 2649 428 2720 δόξειεν
451 2650 614 2714 ἀκόλουθον
636 2650 709 2714 εἶναι
731 2651 771 2733 τῇ
794 2648 949 2714 ὑποθέσει·
979 2653 1036 2711 πᾶν
1057 2649 1112 2735 γὰρ
1134 2654 1168 2715 τό
1190 2655 1325 2737 ἀνόμοιον
1348 2654 1434 2717 ἁπτό

172 2776 257 2835 μενον
280 2752 367 2817 πόνον
390 2753 524 2837 παρέχει.
568 2754 691 2838 φανερόν
714 2753 748 2816 ὁέ
769 2756 855 2816 τούτο
876 2752 920 2836 rei
943 2755 1048 2815 τετοῦ
1070 2752 1177 2835 χρόνου
1199 2757 1308 2840 πλήθει
1330 2757 1378 2819 καί
1396 2757 1435 2838 τή

172 2857 231 2918 τῶν
253 2854 404 2938 αἰσθητῶν
436 2855 598 2939 ὑπερβολή.
641 2857 677 2919 τά
697 2878 730 2918 τε
750 2854 805 2938 γὰρ
828 2854 948 2937 λαμπρά
970 2855 1115 2938 χρώματα
1137 2855 1185 2918 καί
1207 2857 1274 2925 τούς
1297 2858 1437 2941 ύπερβαλ·

132 2985 158 3024 n
175 2959 276 3026 λοντας
298 2957 409 3042 ψόφους
431 2957 524 3040 λύπην
547 2955 676 3038 ἐμποιεῖν
699 2957 748 3021 καί
770 2955 804 3019 ού
828 2956 918 3018 πολύν
942 2955 1047 3039 χρόνον
1078 2955 1218 3021 δύνασθαι
1247 2963 1307 3027 τοῖς
1337 2959 1435 3028 αὐτοῖς

171 3058 324 3141 ἐπιμένειν.
369 3058 603 3142 αἰσθητικύτερα
625 3059 716 3123 δὲτὰ
739 3057 830 3141 μείζω
853 3061 920 3141 ζῷα
941 3057 989 3119 καί
1013 3058 1113 3126 ἁπλῶς
1135 3057 1206 3121 εἰναι
1234 3060 1308 3122 κατὰ
1329 3062 1363 3125 τὸ
1387 3061 1434 3142 μέ·

171 3160 257 3243 γεθος
278 3162 331 3244 τὴν
353 3161 499 3246 αἰσθησιν.
544 3162 600 3224 όσα
630 3161 682 3243 μέν
707 3160 762 3243 γὰρ
791 3161 931 3242 μεγαλους
957 3160 1006 3222 καὶ
1035 3159 1182 3248 καθαρούς
1210 3161 1258 3224 καί
1287 3163 1438 3247 λαμπροὺς

173 3262 344 3348 ὀφθαλμούς
367 3260 441 3348 ἔχει,
464 3265 575 3346 μεγάλα
596 3287 628 3326 τε
650 3261 699 3324 καί
721 3261 873 3346 πόρρωθεν
895 3263 977 3344 ὁρᾶν,
999 3261 1054 3324 όσα
1077 3261 1110 3322 δέ
1132 3263 1267 3345 μικρούς,
1290 3264 1436 3335 ἐναντίως.

174 3366 282 3448 ὁμοίως
304 3365 337 3427 ὁέ
359 3366 407 3428 καί
430 3365 477 3428 ἐπὶ
501 3369 554 3448 τῆς
576 3365 676 3448 ἀκοής.
720 3362 757 3425 τά
779 3363 831 3445 μέν
854 3362 908 3446 γάρ
931 3363 1042 3445 μεγαλα
1068 3366 1126 3425 τῶν
1150 3366 1282 3446 μεγαλων
1305 3366 1353 3429 καί
1374 3371 1433 3430 τῶν
1451 3374 1487 3430 30

132 3498 157 3537 ω
173 3467 326 3553 πόρρωθεν
349 3467 478 3545 ἀκούειν,
508 3466 545 3529 τά
566 3463 592 3527 δ’
620 3465 732 3528 ἐλάττω
754 3464 922 3541 λανθάνειν,
949 3465 986 3527 τά
1008 3466 1041 3528 ὁέ
1063 3466 1151 3550 μικρά
1173 3469 1231 3529 τῶν
1255 3472 1365 3550 μικρῶν
1387 3469 1435 3530 καὶ
1518 3542 1521 3547 ,

170 3577 229 3636 τῶν
255 3570 348 3653 ἐγγύς.
391 3570 440 3633 καί
467 3569 514 3632 ἐπί
542 3573 595 3653 τής
621 3569 793 3652 ὀσφρήσεως
821 3568 946 3649 ὁμοίως·
977 3565 1053 3639 ὄζειν
1084 3567 1136 3648 μὲν
1164 3567 1219 3651 γὰρ
1248 3570 1356 3650 μᾶλλον
1386 3569 1436 3632 τὸν

173 3674 277 3738 λεπτὸν
298 3672 386 3758 ἀέρα,
409 3672 634 3757 θερμαινόμενον
664 3671 716 3751 μὲν
742 3671 796 3754 γάρ
824 3668 873 3732 καί
903 3668 1080 3751 μανούμενον
1110 3668 1195 3742 ὄζειν.
1241 3671 1382 3733 ἀναπνέον
1404 3672 1437 3734 ὁέ

171 3779 204 3842 τό
235 3778 287 3860 μὲν
317 3776 391 3858 μέγα
419 3775 496 3860 ζιγῖον
527 3774 588 3856 ἀμα
616 3773 661 3857 uqi
692 3771 777 3858 μανιγῖ
803 3771 852 3834 καί
881 3773 914 3834 τό
941 3771 1048 3834 πυκνόν
1075 3771 1185 3849 ἐλκειν,
1214 3772 1248 3835 τὸ
1275 3773 1308 3835 δέ
1335 3773 1436 3856 μικρὸν

126 3908 321 3918 ——-———

121 3967 138 4021 2
157 3964 214 4020 όσον
232 3964 263 4018 ἀν
282 3968 340 4017 PF:
359 3978 423 4016 cerr.
443 3963 585 4016 Schneider
605 3959 619 4028 ΙΙ
638 3955 779 4027 καθαρότα-
831 3963 887 4012 sim.
900 3961 971 4023 qnod
984 3968 1130 4011 constanter
1142 3963 1231 4026 scripsi
1245 3956 1259 4028 ΙΙ
1277 3961 1306 4013 11
1317 3957 1354 4011 ὁιὸ
1366 3956 1488 4018 ὁξυωπεῖν

120 4073 165 4108 τον
178 4055 251 4122 pr.F
272 4050 285 4119 ΙΙ
306 4050 380 4121 ήΡΕ·
400 4047 416 4119 ΙΙ
435 4052 452 4103 4
469 4044 624 4119 πληροῦσθαι
636 4050 694 4100 PF:
714 4064 780 4099 corr.
830 4046 887 4099 τότε
905 4048 1059 4124 Schneider:
1091 4043 1235 4105 ὁιοξυωπιῖν
1259 4044 1286 4097 δί
1308 4049 1366 4098 PF:
1392 4049 1488 4098 delevit

121 4144 210 4207 Corsy
229 4135 244 4207 ΙΙ
265 4138 438 4208 ἐπιλαμβάνειν
456 4155 492 4190 sc.
510 4134 553 4190 τὸν
567 4133 713 4205 ἐγκέφαλον.
727 4134 779 4186 ἐπι·
831 4136 984 4200 Philippson
999 4130 1012 4198 ,Ι
1029 4132 1061 4185 13
1075 4132 1214 4200 ἐπιφάσεως
1226 4136 1285 4186 PF:
1300 4151 1365 4185 corr.
1380 4135 1488 4186 Schnei-

121 4224 294 4297 λαμβάνεσθαι
305 4231 430 4279 Wimmer
449 4222 464 4291 ΙΙ
484 4225 500 4277 5
513 4223 568 4293 περί
581 4223 607 4275 ὁέ
620 4222 687 4292 ἁφῆς
700 4219 747 4274 uhu
759 4222 781 4274 εἰ
832 4222 878 4271 der
892 4218 906 4287 ΙΙ
931 4220 963 4272 14
975 4218 1009 4277 εἰς
1023 4221 1128 4270 seclusit
1140 4220 1293 4287 Philippson
1308 4219 1321 4289 ΙΙ
1339 4223 1370 4276 16
1383 4219 1440 4274 otte
1453 4220 1491 4273 δεῖ

830 4310 886 4360 PF:
906 4325 971 4359 cerr.
986 4308 1131 4372 Stephanus
1146 4303 1159 4373 ἰΙ
1176 4306 1488 4375 181στ1νεεα1.Ρ1ιί11ρρ-

121 4406 148 4453 in
169 4404 246 4452 litere
264 4417 303 4466 pr.
322 4402 343 4450 P
364 4393 378 4463 ΙΙ
399 4399 414 4451 6
434 4394 490 4449 ἀλλ’
512 4398 541 4462 [i.
560 4416 582 4449 e.
602 4396 651 4450 άλκ
670 4402 697 4449 in
717 4415 779 4448 con·
829 4412 886 4446 sen.
905 4395 987 4464 πάντη
999 4397 1099 4447 Usener
1112 4390 1311 4461 er.p.502,13tt
1326 4393 1360 4447 23
1372 4399 1417 4446 τού
1429 4393 1487 4463 χρό·

121 4499 218 4540 textum
236 4489 301 4538 sulse
319 4495 459 4551 receptum,
487 4488 557 4536 velut
573 4503 623 4536 sec.
643 4488 664 4537 P
684 4483 781 4552 ἀλκμαῖ
829 4498 872 4533 νου
890 4481 1033 4534 Schneider
1045 4479 1201 4545 conl·§32:
1219 4482 1265 4532 τοῦ
1277 4477 1355 4532 ύπνου
1367 4483 1411 4534 PF
1428 4480 1440 4548 ΙΙ
1455 4480 1488 4534 27

121 4578 148 4625 in
172 4590 236 4640 ποτε.
260 4574 338 4623 hebet
361 4573 391 4622 cf.
415 4589 440 4637 p.
456 4571 566 4637 499,13]
597 4574 654 4624 PF:
676 4574 780 4623 induxit
831 4565 944 4637 αἴσθησιν
972 4570 1040 4631 (τῶν
1062 4565 1248 4638 αἰσθητηρίων)
1278 4585 1311 4619 ex
1340 4567 1407 4632 §34
1434 4571 1488 4620 veri

121 4663 269 4728 Stephanus
290 4655 302 4724 Η
322 4656 440 4725 ἀκμαίων
453 4661 498 4710 PF
517 4657 531 4724 ΙΙ
552 4657 607 4712 set
627 4656 780 4727 ὁιαπιιρᾶται
831 4659 948 4707 similiter
965 4659 1068 4722 scripsit
1079 4656 1221 4707 Schneider
1241 4651 1257 4721 Η
1277 4652 1312 4708 28
1329 4652 1434 4723 μικρούς
1451 4657 1488 4705 sic

121 4750 179 4800 PF:
204 4764 269 4798 corr.
293 4751 419 4797 Wimmer
445 4745 457 4811 ΙΙ
483 4746 498 4798 9
523 4742 684 4815 ἐμφαίνεσθαι
701 4746 779 4811 pnF
832 4745 877 4794 PF
901 4739 914 4808 ΙΙ
943 4740 977 4794 29
1001 4747 1053 4794 τῶν
1076 4741 1191 4810 μεγάλων
1219 4743 1315 4793 hubent
1337 4744 1382 4793 PF
1409 4739 1425 4809 ΙΙ
1453 4739 1487 4793 32

121 4838 149 4897 (κ
176 4852 226 4886 see.
254 4851 287 4884 m.
314 4834 509 4900 superscript0):
540 4828 699 4901 ἐκφαίνεσθαι
722 4834 743 4883 Ρ
764 4827 778 4898 Η
832 4827 984 4897 μανούμενον
1002 4833 1039 4882 sie
1051 4833 1096 4882 PF
1116 4827 1130 4897 ΙΙ
1151 4829 1184 4882 33
1203 4833 1262 4881 sort
1281 4827 1379 4880 καὶτὸν
1396 4827 1489 4879 πυκνόν

122 4919 246 4992 ὁμόχρουν
265 4924 314 4973 hoc
334 4922 393 4970 loce
406 4921 459 4980 PF,
479 4922 542 4971 elien
559 4924 612 4972 fere
626 4917 743 4988 ὁμόχρων
755 4929 781 4969 et
832 4921 943 4983 itemque
958 4916 1066 4986 p.508,1
1081 4915 1155 4970 αύτίν
1167 4915 1210 4968 τὸν
1222 4914 1301 4985 μανόν
1312 4917 1344 4968 ef.
1358 4913 1488 4981 ρ.509,16
