3464 5586
364 1312 613 1379 PLUTARCHI
635 1314 694 1379 DE
715 1313 914 1381 PLACITIS
936 1312 1152 1381 EPITOMES
1175 1314 1313 1380 INDEX
1337 1313 1528 1382 CAPITUM

587 1604 601 1652 1
990 1604 1006 1656 4
1043 1602 1065 1655 εί
1083 1600 1210 1673 ἄφθαρτος
1228 1601 1242 1654 ό
1260 1604 1354 1671 κόσμος

319 1675 485 1725 P¹⁰⁰⁰miu¹¹¹
990 1690 1006 1744 5
1042 1686 1119 1742 τόθεν
1136 1690 1253 1760 τρέφεται
1270 1688 1284 1742 ό
1302 1691 1395 1758 κόσμος

287 1780 298 1830 1
335 1776 360 1828 τί
377 1777 428 1828 έστι
446 1773 517 1845 φύσιε
990 1778 1006 1831 6
1041 1775 1091 1829 ἀπὸ
1118 1776 1189 1828 τοίου
1216 1776 1319 1846 πρῶτου
1348 1778 1470 1847 στοιχείου
1497 1775 1590 1845 ἤρξατο
1615 1775 1629 1831 ό

283 1864 299 1916 2
335 1863 382 1915 τίνι
399 1862 508 1931 ὐιαφέριι
526 1861 592 1931 ἀρχὴ
611 1862 655 1914 καὶ
674 1868 782 1930 στοιχεῖα
1116 1862 1174 1923 ὐιός
1191 1869 1351 1932 κοσμοποιεῖν

283 1950 300 2004 3
336 1951 391 2020 περὶ
409 1950 496 2019 ἀρχῶν
513 1949 538 2001 τί
555 1948 614 2000 τίσιν
990 1951 1005 2003 7
1045 1951 1100 2021 περὶ
1119 1949 1214 2011 τάξεως
1231 1954 1276 2002 τοῦ
1294 1950 1389 2019 κόσμου

283 2038 300 2091 4
336 2042 392 2095 πῶς
410 2036 558 2105 συνέστηκεν
576 2034 589 2088 ό
608 2035 702 2104 κόσμος
989 2038 1006 2092 8
1040 2037 1078 2096 τίς
1095 2037 1112 2107 ἡ
1131 2037 1197 2091 αίτία
1214 2041 1259 2089 τοῦ
1277 2036 1320 2089 τόν
1338 2037 1432 2107 κόσμον
1450 2033 1595 2106 έχκλιύἠναι

284 2126 300 2180 5
335 2125 356 2177 ιέ
375 2124 401 2176 ἓν
418 2123 448 2176 τὸ
466 2128 515 2175 πᾶν
989 2129 1005 2180 9
1041 2127 1160 2196 περὶτοῦ
1178 2124 1312 2183 έκτόςτοῡ
1330 2122 1426 2191 κόσμου
1445 2123 1465 2175 εέ
1484 2122 1535 2175 ἔστι
1557 2124 1629 2177 κενόν

284 2216 300 2266 6
337 2210 412 2264 πόύεν
431 2210 524 2263 ἔννοιαν
543 2209 617 2278 ἔσχον
635 2208 701 2262 ὐεῶν
720 2208 848 2279 ἄνίλρωιιοι
975 2212 1006 2265 10
1042 2212 1096 2265 τίνα
1114 2211 1180 2273 mem
1198 2216 1243 2264 τοῦ
1261 2211 1357 2278 κόσμου
1378 2210 1421 2261 καὶ
1438 2210 1493 2262 τίνα
1514 2211 1628 2282 ἀριστερά

285 2300 300 2352 ’ί
336 2299 374 2357 τίς
392 2299 456 2351 ἐστιν
473 2296 486 2350 ὁ
504 2296 560 2355 ὐεός
974 2300 1004 2353 ll
1042 2300 1098 2369 περὶ
1115 2298 1222 2370 οὐρανοῦ
1239 2298 1275 2356 τίς
1293 2298 1309 2367 ἡ
1328 2296 1417 2349 τούτου
1436 2295 1506 2350 οὐσία

285 2387 301 2440 8
337 2387 392 2455 περὶ
410 2384 534 2453 δαιμόνων
552 2383 596 2435 καὶ
613 2382 707 2452 ἡρώων
975 2386 1006 2440 12
1043 2387 1098 2457 περί
1116 2384 1257 2457 διαιρέσεως
1274 2382 1380 2455 οὐρανοῦ

285 2476 300 2525 9
336 2474 391 2541 περὶ
409 2470 470 2541 ὕλης
974 2473 1007 2527 13
1042 2474 1079 2532 τίς
1099 2473 1116 2543 ἡ
1139 2472 1209 2526 σὐσία
1232 2477 1284 2524 τῶν
1306 2471 1405 2541 ἄστρων
1427 2470 1562 2542 πλανητῶν
1584 2476 1628 2526 καὶ

268 2559 300 2612 10
336 2560 391 2628 περὶ
410 2559 476 2616 ίύίας
1103 2559 1221 2613 ἀπλανῶν
1238 2559 1282 2611 καὶ
1299 2563 1354 2616 πῶς
1373 2559 1476 2628 συνίστη

268 2647 297 2700 11
336 2648 391 2717 περὶ
409 2647 495 2699 αίτίων
975 2647 1006 2700 14
1042 2647 1098 2717 περὶ
1115 2649 1253 2718 σχημάτων
1272 2645 1383 2715 ἀστέρων

269 2733 300 2786 12
336 2734 391 2802 περὶ
409 2733 535 2802 σωμάτων
975 2735 1006 2788 15
1041 2734 1097 2804 περὶ
1114 2732 1209 2795 τάξεως
1226 2733 1337 2803 ἀστέρων

268 2819 300 2873 13
336 2821 392 2891 περὶ
410 2819 550 2890 ἐλαχίστων
974 2821 1006 2876 16
1042 2822 1097 2891 τκρλ
1109 2824 1155 2892 τὴς
1167 2826 1219 2873 τῶν
1233 2820 1343 2889 ἀστέρων
1355 2824 1434 2890 φορᾶς
1449 2821 1493 2873 καί
1506 2822 1628 2892 κινήσεως

267 2906 306 2977 14,
336 2907 392 2977 περὶ
410 2909 547 2976 σχημάτων
974 2909 1005 2962 17
1042 2906 1118 2963 πόθεν
1136 2906 1284 2978 φωτίζονται
1303 2906 1325 2958 οὐ
1343 2906 1443 2976 ἀστέρες

268 2995 301 3049 15
336 2996 392 3064 πιρλ
409 2995 554 3065 χρωμάτων
975 2995 1006 3049 18
1041 2997 1167 3066 περὶτῶν
1185 2992 1348 3062 καλουμένων
1366 2990 1525 3065 Διασκούρων
1612 2998 1615 3005 “

269 3082 300 3137 16
336 3082 392 3151 περὶ
408 3085 489 3149 τομῆς
507 3082 633 3148 σωμάτων
974 3084 1005 3137 19
1041 3084 1097 3153 περὶ
1115 3080 1278 3151 ἐπισημασίας
1290 3081 1401 3151 ἀστέρων
1413 3083 1457 3135 καί
1470 3088 1525 3142 πῶς
1536 3083 1627 3152 γίνεται

266 3168 300 3221 17
336 3169 391 3237 περὶ
409 3166 500 3236 μίξεως
517 3167 561 3219 καὶ
579 3169 692 3237 κράσεως
1111 3168 1207 3241 χειμὼν
1228 3169 1271 3219 καί
1289 3164 1361 3238 ὐέρος
1446 3216 1458 3227 ,,

268 3255 301 3310 18
336 3255 392 3325 πιρλ
409 3258 483 3307 κενοῦ
971 3256 1006 3311 20
1041 3259 1097 3328 περί
1115 3255 1199 3315 οὐσίας
1216 3254 1287 3325 ἡλίου

268 3344 300 3397 19
336 3343 392 3411 περὶ
408 3341 486 3394 τόπου
944 3362 947 3443 χ
972 3343 1003 3398 21
1041 3346 1096 3415 περὶ
1114 3340 1233 3413 μεγέθους
1250 3341 1322 3412 ἡλίου

266 3432 301 3485 20
336 3431 392 3499 περὶ
410 3428 496 3499 χώρας
972 3431 1005 3484 22
1042 3433 1097 3501 περὶ
1115 3430 1243 3501 σχήματος
1261 3427 1332 3498 ἡλίου

266 3519 297 3572 21
336 3518 391 3586 περὶ
409 3515 499 3587 χρόνου
971 3517 1005 3572 23
1041 3519 1096 3588 περὶ
1114 3520 1214 3587 τροπῶν
1231 3514 1303 3585 ἡλίου

266 3606 300 3660 22
335 3605 390 3674 περὶ
408 3603 492 3661 οὐσίαι
510 3602 601 3673 χρόνου
972 3606 1006 3659 24
1042 3607 1097 3676 περὶ
1116 3602 1251 3672 ἐκλείψεως
1268 3602 1340 3672 ἡλίου

266 3692 300 3746 23
336 3692 392 3761 πιρλ
409 3691 531 3760 κινήσεως
944 3706 947 3753 1
972 3693 1006 3746 25
1042 3692 1097 3761 περὶ
1115 3689 1199 3749 οὐσίας
1216 3688 1321 3759 σιλὴνὴς

266 3780 300 3833 24
336 3779 391 3849 πιρλ
408 3779 526 3846 γινίσιως
543 3778 587 3830 καί
605 3777 701 3848 φθορᾶς
944 3764 947 3831 1
972 3781 1005 3836 26
1041 3781 1096 3849 περὶ
1115 3775 1236 3847 μεγέθους
1255 3775 1360 3847 σελὴνὴς

266 3866 300 3921 25
336 3867 391 3935 περὶ
409 3865 518 3934 ἀνάχκὴς
944 3872 947 3923 ἑ
972 3867 1005 3920 27
1042 3867 1097 3935 περί
1115 3864 1245 3935 σχήματος
1264 3863 1368 3934 σελὴνὴς

266 3953 299 4007 26
335 3953 391 4021 περὶ
409 3951 493 4011 οὐσίας
510 3953 619 4022 ἀνάγκης
972 3953 1006 4007 23
1042 3953 1098 4021 περὶ
1115 3956 1254 4021 φωτισμῶν
1272 3950 1376 4020 σελήνης

266 4039 299 4092 21
336 4040 392 4109 περὶ
409 4040 560 4110 είμαρμένὴς
972 4041 1006 4094 29
1042 4040 1097 4109 περὶ
1116 4037 1251 4107 ἐκλείψεως
1270 4037 1373 4107 σελὴνὴς

266 4125 300 4180 28
337 4128 391 4194 πιρί
409 4125 493 4185 οὐσίας
510 4127 659 4196 είμαρμένὴς
944 4130 948 4225 ἡ
972 4128 1007 4182 30
1043 4127 1097 4196 τιρί
1106 4126 1238 4195 έμφόσεως
1246 4125 1324 4194 αὐτῆς
1332 4124 1371 4176 διὰ
1379 4124 1403 4176 τί
1413 4123 1507 4194 γεώδης
1516 4124 1627 4192 φαίνεται

266 4211 300 4266 29
337 4214 391 4281 περὶ
409 4211 488 4283 τύχὴς
972 4215 1004 4268 31
1043 4216 1098 4284 περὶ
1115 4219 1168 4266 τῶν
1186 4213 1372 4283 ἀποστημάτων
1389 4212 1448 4280 [τῆς
1466 4209 1582 4279 σελὴνὴς]

265 4297 300 4351 30
336 4301 391 4367 περὶ
409 4298 506 4369 φύσεως

579 4461 607 4511 11
1278 4440 1320 4490 ΙΙΙ

318 4529 484 4580 Prooemium
1024 4530 1192 4583 Prooemium

287 4631 296 4682 1
336 4631 390 4698 περὶ
409 4629 504 4699 κόσμου
992 4634 1005 4686 1
1043 4632 1098 4700 περὶ
1115 4634 1160 4681 τού
1177 4627 1295 4698 γαλαξίου
1313 4626 1409 4679 κύκλου

284 4714 299 4766 2
336 4717 390 4785 περὶ
408 4718 538 4787 σχήματος
556 4717 651 4786 κόσμου
945 4732 947 4787 j
991 4720 1007 4773 2
1042 4718 1097 4787 περὶ
1115 4722 1236 4785 κομητῶν
1248 4716 1291 4767 καί
1303 4713 1452 4783 διᾳττόντων
1466 4716 1508 4765 καί
1521 4713 1629 4766 δοκίδων

283 4802 300 4855 3
336 4804 357 4856 εί
381 4804 495 4875 ἔμψυχος
516 4805 530 4858 ό
553 4807 646 4874 κόσμος
670 4808 713 4858 καί
736 4807 839 4876 προνοίᾳ
863 4807 919 4860 διαι-
990 4808 1007 4860 3
1043 4804 1098 4874 περὶ
1121 4802 1231 4871 βροντῶν
1255 4803 1389 4870 ἀστραπῶν
1414 4808 1541 4870 κιραυνῶν
1565 4820 1628 4872 τρὴ·

380 4889 500 4959 κούμενος
1118 4890 1217 4958 στὴρων
1236 4890 1323 4942 τεκαὶ
1342 4888 1466 4957 τυφώνων
