3442 5588
174 355 239 418 574
440 357 637 408 HIPPOLYTI
654 357 1019 410 PHILOSOPHUHENON
1036 354 1102 409 241.
1121 356 1163 409 25.
1183 355 1217 410 26
1231 366 1273 408 m
1316 356 1321 367 '

193 533 209 584 7
272 525 318 587 διδ
341 526 519 608 Δάνδαμιν
544 524 607 607 μέν,
631 525 703 609 πρός
725 527 757 590 δν
776 524 960 611 Ἀλέξανδρος
983 529 999 590 ό
1023 525 1168 591 Μακεδὼν
1191 525 1339 610 είσήλθεν,
1362 529 1404 595 ὡς
1426 548 1496 588 νενι-

223 628 334 710 κηκότα
348 629 398 691 τὀν
414 628 541 711 πόλεμον
555 629 605 690 τδν
621 628 650 691 ἐν
665 633 708 712 τῷ
725 632 839 711 σιύματι
857 627 1073 714 Βραχμᾶνες
1088 629 1272 711 θεολογοῦσι·
1298 624 1490 692 Καλλάνου

228 731 261 792 δέ
283 731 531 815 καταφέρονται
515 753 556 799 ως
583 731 698 816 ἀσεβῶς
727 732 981 815 ἀποστατήσαντος
1008 736 1061 815 της
1088 729 1151 794 κατ’
1179 732 1285 801 αὐτοὺς
1306 730 1492 816 φιλοσοφίας.

226 832 403 915 ἀποθέμενοι
424 834 457 896 δέ
473 831 499 897 Β
506 855 670 917 ραχμαν
675 857 689 902 ς
710 835 744 896 τό
767 838 855 916 σῶμα
877 834 976 917 ὥσπερ
998 833 1028 902 ἐξ
1051 834 1154 904 ύδατος
1177 834 1280 918 ἰχθύες
1295 834 1496 916 ἀνακύψαντες

225 934 267 1003 είς
289 934 363 1018 ἀέρα
385 935 517 1019 καθαρδν
540 937 630 1018 δρῶσι
653 937 702 998 τδν
724 937 817 1020 ἥλιον

301 1040 341 1101 25
378 1037 526 1121 Λρυίδαι
549 1038 577 1100 οἱ
597 1033 816 1120 ἐνΚελτοῖςτῇ
834 1036 1024 1122 Πυθαγορείιρ
1039 1040 1197 1124 φιλοσοφίᾳ
1213 1037 1275 1102 κατ’
1297 1037 1386 1122 ἀκρον
1408 1037 1492 1120 ἐγκύ-

222 1145 336 1224 ψαντες,
359 1138 453 1202 αἰτίου
474 1139 573 1208 αύτοῖς
591 1139 746 1221 γενομένου
767 1140 875 1224 ταύτης
893 1145 947 1224 τῆς
966 1141 1121 1224 ἀσκήσεως
1140 1140 1363 1224 Ζαμόλξιδος
1385 1141 1492 1203 δούλου

226 1240 451 1325 Πυθαγόρου,
467 1241 540 1323 γένει
553 1240 681 1326 Θρᾳκός·
698 1244 730 1312 δς
742 1244 815 1325 μετὰ
829 1244 882 1328 τὴν
896 1242 1109 1326 Πυθαγόρου
1124 1245 1259 1333 τελευτήν
1274 1244 1337 1307 ἐκεῖ
1350 1245 1493 1328 χωρήσας

193 1343 320 1414 θαίτιος
348 1346 459 1415 τούτοις
485 1344 593 1427 ταύτης
619 1350 672 1427 τῆς
699 1344 872 1429 φιλοσοφίας
901 1345 1023 1428 ἐγένετο.
1176 1346 1294 1415 τούτους
1318 1343 1424 1409 Κελτοὶ
1448 1348 1489 1412 ιὐς

226 1448 378 1532 προφήτας
407 1448 455 1510 καὶ
483 1448 713 1530 προγνωστικοδς
742 1446 908 1520 δοξάζουσιν
942 1449 990 1511 διὰ
1018 1449 1052 1511 τδ
1079 1448 1113 1511 ἐκ
1142 1449 1249 1532 ψήφων
1276 1449 1323 1511 καί
1352 1447 1487 1532 ἀριθμῶν
1509 1470 1531 1505 ω

228 1549 419 1632 Πυθαγορική
445 1548 537 1635 τέχνη
567 1551 770 1634 προαγορεύειν
800 1551 898 1621 αὐτοῖς
926 1573 1005 1627 τινα,
1036 1549 1072 1634 ἧς
1100 1550 1149 1613 καί
1179 1550 1270 1633 αὐτῆς
1300 1551 1406 1635 τέχνης
1438 1550 1488 1619 τὰς

224 1652 347 1737 ἐφόδους
377 1651 412 1715 ού
447 1654 650 1735 σιωπήσομεν,
680 1653 743 1716 ἐπεὶ
775 1654 823 1717 καὶ
852 1653 886 1717 ἐκ
911 1653 1021 1717 τούτιυν
1050 1654 1124 1722 τινές
1152 1653 1277 1736 αἱρέσεις
1305 1654 1489 1736 παρεισάγειν

227 1754 401 1837 ἐτόλμησαν.
446 1759 574 1839 χρῶνται
598 1756 631 1818 δέ
652 1754 797 1838 Δρυίδαι
821 1755 869 1819 καὶ
892 1754 1033 1838 μαγείαις.

303 1962 345 2026 26
385 1957 549 2028 Ἠσίοδος
572 1961 605 2023 δὲ
627 1962 643 2024 ὁ
665 1962 788 2045 ποιητής
810 1963 858 2026 καὶ
881 1962 968 2031 αύτδς
988 1962 1053 2046 περὶ
1075 1962 1192 2046 φύσεως
1214 1961 1292 2024 ούτω
1314 1959 1390 2042 λέγει
1414 1961 1484 2042 άκη·

225 2063 321 2126 κοέναι
344 2062 423 2145 παρὰ
447 2060 587 2126 Μουσῶν.
631 2063 700 2132 Διδς
722 2065 754 2126 δὲ
777 2063 849 2127 εἶναι
877 2065 928 2134 τὰς
956 2063 1078 2134 Μούσας
1107 2063 1277 2147 θυγατέρας.
1321 2062 1404 2125 ἐννέα
1432 2063 1488 2146 γὰρ
1508 2083 1529 2118 1⁵

225 2165 328 2234 νύκτας
351 2165 426 2245 όμυϋ
449 2165 497 2227 καὶ
522 2167 633 2250 ἡμέρας
648 2164 685 2229 δι’
707 2167 869 2251 ὑπερβολὴν
884 2166 1041 2249 ἐπιθυμίας
1056 2166 1248 2235 ἀδιαλείπτως
1263 2165 1488 2247 συνευνηθέντος

225 2269 263 2349 τῇ
287 2265 469 2349 Μνημοσύνῃ
492 2272 543 2330 τοῦ
567 2268 651 2344 Διός,
680 2268 763 2331 ἐννέα
785 2268 890 2338 ταύτας
912 2269 963 2352 τὴν
988 2267 1184 2352 Μνημοσύνην
1207 2270 1359 2354 συλλαβεῖν
1382 2269 1413 2331 ἐν
1436 2271 1491 2351 μιᾷ

193 2370 343 2452 ἐγαστρί,
373 2367 422 2453 ἐφ’
450 2369 575 2454 ἑκάστης
603 2371 704 2440 νυκτός
732 2369 946 2454 ὑποδεξαμένην
977 2371 1054 2453 μίαν.
1208 2372 1333 2442 καλέσας
1359 2370 1411 2434 οὖν
1438 2372 1491 2439 τὰς

226 2473 308 2536 ἐννέα
331 2469 453 2541 Μούσας
475 2473 534 2535 ἀπὸ
557 2479 609 2556 τῆς
633 2472 758 2557 Πιερίας,
780 2471 857 2535 τοῦτ’
885 2470 961 2536 ἔστιν
972 2466 1042 2536 ’ἀπὸ
1064 2479 1116 2537 τοῦ
1135 2471 1292 2555 Ὀλύμπου,
1313 2475 1493 2559 διδαχθῆναι
1511 2495 1534 2530 κν

225 2575 393 2659 παρεκάλει.

375 2706 411 2745 ιοο
429 2724 537 2740 .....
555 2681 595 2747 ὡς
616 2677 651 2740 τὰ
673 2682 775 2760 πρῶτα
798 2678 861 2742 θεοὶ
884 2680 931 2742 καί
954 2686 1022 2761 γαῖα
1045 2679 1159 2762 γένοντο
1240 2741 1241 2744 ,

430 2783 478 2845 καὶ
502 2781 627 2861 ποταμοί
651 2780 698 2842 καὶ
720 2780 824 2850 πόντος
846 2781 991 2864 ἀπείριτος
1013 2782 1102 2865 οίδμά
1122 2805 1154 2845 τε
1176 2782 1282 2847 πόντου

375 2913 410 2950 ιιο
427 2883 519 2967 άστρα
541 2906 573 2945 τε
594 2882 803 2964 λαμπετόωντα
826 2885 874 2946 καί
897 2885 1018 2968 οὐρανδς
1039 2885 1124 2968 εὐρὺς
1147 2886 1281 2969 ύπερθεν,

375 3007 409 3045 ns
427 2991 467 3056 ὡς
489 2985 630 3069 στέφανον
653 2987 796 3048 δάσσαντο
817 2985 865 3048 καὶ
889 2988 929 3055 όις
950 2987 1035 3069 τιμὰς
1056 2987 1195 3064 διέλοντο,

427 3090 481 3173 ηδέ
503 3089 551 3150 καὶ
572 3092 612 3158 ὡς
633 3089 669 3152 τά
691 3094 793 3172 πρῶτα
813 3087 999 3173 πολύπτυχον
1022 3087 1111 3174 έσχσν
1128 3088 1286 3173 Ὄλυμπον.

371 3194 463 3255 ταῦτά
486 3214 535 3274 μοι
560 3188 687 3267 Μοῦσαι,
710 3192 810 3276 φησίν,
832 3188 936 3254 ἔσπετε
952 3234 960 3249 .
977 3233 1010 3249 ..

375 3321 410 3359 ns
428 3292 458 3361 ἐξ
479 3295 586 3377 ἀρχῆς,
608 3294 656 3356 καὶ
679 3291 776 3357 ἔπειθ’
805 3295 822 3358 ό
843 3316 870 3357 τι
892 3317 946 3378 περ
967 3299 1081 3378 πρῶτον
1103 3293 1193 3377 γένετ’
1221 3295 1327 3359 αὐτῶν.

429 3397 494 3479 ήτοι
518 3395 570 3477 μὲν
592 3398 739 3479 πρώτιστα
763 3396 845 3466 Χάος
867 3394 972 3478 γένετ’,
994 3397 1086 3480 αὐτὰρ
1108 3395 1208 3461 ἔπειτα

431 3497 498 3561 Γαῖ’
527 3498 712 3583 εὐρύστερνος
735 3502 849 3563 πάντων
873 3497 938 3568 ἕδος
960 3499 1090 3583 ἀσφαλὲς
1112 3499 1167 3563 αίεὶ
1508 3528 1533 3565 oo

174 3722 240 3776 1διὸ
255 3722 374 3791 δάνδαμιν
389 3724 446 3773 BC:
466 3720 502 3780 δίς
522 3720 595 3789 δάμιν
608 3725 631 3774 Τ
649 3722 662 3788 {l
682 3723 829 3793 νενικηκότα
880 3719 967 3771 τόεντα
979 3723 1038 3772 BT:
1058 3720 1193 3774 λεπτέοντα
1206 3725 1243 3775 0:
1263 3719 1401 3791 λεπτήεντα
1415 3725 1449 3774 L:
1469 3741 1536 3775 corr.

172 3829 204 3864 ex
224 3810 382 3880 νινηκηκότα
397 3829 463 3862 corr.
483 3807 533 3876 ΒΗ
551 3808 767 3874 2καλάνου11θτί,
784 3814 829 3862 sed
881 3826 915 3860 ox
934 3810 1050 3859 Hesiodo
1079 3809 1091 3873 Η
1121 3820 1178 3875 post
1201 3811 1269 3861 huno
1292 3828 1393 3862 versum
1413 3815 1539 3862 omittitur

175 3902 207 3951 ci.
227 3902 328 3951 Usener
346 3902 380 3951 od
399 3901 498 3951 Comm.
522 3901 586 3950 Luc.
605 3918 630 3965 p.
648 3897 750 3958 104,19
775 3896 788 3963 ii
814 3896 830 3950 3
883 3897 992 3946 Hesiodi
1015 3893 1063 3947 οἵτ’
1091 3895 1121 3948 ἐκ
1145 3901 1197 3948 τῶν
1219 3896 1332 3964 ἐγένοντο
1352 3893 1409 3949 θεοὶ
1427 3897 1538 3967 δωτῆρες

175 3984 310 4055 ἀσεβοῦςΤ
331 3984 344 4053 ΙΙ
366 3986 552 4055 ἀποστήσαντος
564 3988 612 4039 ΒΟ
634 3986 647 4052 ΙΙ
667 3986 683 4037 4
702 3982 728 4043 ἐξ
741 3981 830 4040 ύδατος
882 3983 948 4035 ἐάων
964 3981 977 4051 ΙΙ
992 3983 1025 4036 25
1039 3981 1074 4041 ὥς
1092 3982 1116 4035 τ’
1138 3983 1228 4053 ἄφενος
1247 3987 1376 4036 Hesiodus
1397 3983 1411 4052 Ιγ
1432 3984 1538 4038 δάσαντο

173 4092 223 4125 om.
247 4077 270 4125 T
298 4071 314 4142 ΙΙ
344 4076 360 4129 6
384 4074 439 4143 περὶ
462 4071 566 4142 δρυίδων
593 4079 645 4124 τῶν
673 4071 698 4123 έν
725 4065 830 4127 Κελτοῖς
880 4073 939 4123 iibri
964 4069 977 4138 ss
1003 4070 1036 4125 26
1063 4070 1149 4123 ἐσπετε
1178 4074 1265 4137 vulgo.
1318 4091 1406 4125 vorsus
1430 4075 1538 4125 Hesiodi

172 4164 337 4226 superscribit
354 4164 377 4213 B
397 4159 412 4228 ,11
432 4164 447 4215 ‘i
466 4164 512 4230 τῆς
531 4159 648 4228 αἱρέσεως
667 4162 753 4211 malim
777 4157 792 4227 ΙΙ
812 4158 829 4212 8
881 4171 940 4211 sunt
962 4160 1041 4210 ταῦτά
1063 4176 1106 4226 μοι
1128 4157 1215 4210 ἔσπετε
1234 4162 1325 4226 μοῦσαι
1346 4157 1471 4230 Ὀλύμπια
1489 4159 1537 4212 δύο

173 4244 319 4316 ζαμίτριδος
337 4249 372 4298 B:
395 4245 543 4316 ζαμάλξιδος
561 4250 583 4299 L
604 4244 617 4314 ΙΙ
643 4242 741 4315 Θρᾳκός
765 4248 828 4300 Got·
880 4249 943 4313 ματ*
963 4242 1084 4316 έχουσαιΙ
1103 4243 1128 4305 ἐξ
1147 4245 1227 4315 ἀρχῆς
1246 4247 1290 4298 καὶ
1308 4244 1392 4299 εἴπαθ’
1414 4245 1452 4301 ύτι
1470 4253 1537 4318 πρῶ·

172 4337 314 4399 tingenses:
337 4332 444 4403 θρακίου
464 4339 523 4388 iibri
548 4334 561 4399 ΙΙ
587 4333 789 4402 θγεγίνηταιΤ
813 4329 827 4400 ΙΙ
879 4331 1008 4404 τονγένετ’
1030 4331 1124 4386 αὐτῶν.
1143 4351 1199 4385 oum
1217 4338 1358 4399 antiquitus
1376 4336 1538 4387 dubitaretur

172 4421 254 4473 καίτοι
272 4420 342 4480 ύςΒ
364 4420 378 4490 ΙΙ
402 4425 430 4476 11
452 4422 535 4480 αὺτοῖς
549 4424 585 4475 C:
606 4419 696 4478 αὐτοὺς
715 4423 738 4473 0
758 4423 828 4486 qood
880 4423 921 4484 (of.
940 4425 1021 4475 schol.
1039 4423 1119 4472 ταῦτα
1142 4419 1185 4472 δύο
1204 4418 1252 4489 ἔπη
1271 4419 1285 4472 δ
1306 4417 1429 4481 Σέλευκος
1447 4418 1538 4485 distri

173 4511 333 4577 praeferebat
342 4508 551 4576 Roeperiiliois
561 4508 721 4578 σιωπήσομεν
730 4510 829 4560 seilicet
880 4509 903 4560 οἱ
927 4507 953 4561 δέ
976 4511 1032 4578 περὶ
1054 4504 1212 4578 Ἀρίσταρχον
1236 4508 1265 4560 τό
1280 4505 1323 4568 ’ἐξ
1342 4506 1434 4579 ἀρχής’
1464 4509 1538 4577 μόνον

172 4600 210 4651 1v
221 4597 253 4653 51
265 4596 348 4664 ρ.124
359 4599 429 4650 Gots
442 4596 455 4664 ii
470 4594 825 4665 13μαγείαιςΒιμαγίαιςΟίΙ
879 4596 990 4666 λέγουσιν
1009 4598 1056 4663 [so.
1075 4592 1243 4661 ἀθετοῐσθαι])
1268 4600 1333 4649 nihil
1351 4604 1449 4650 mutari
1470 4595 1485 4668 ΙΙ
1505 4599 1539 4653 28

175 4687 206 4741 16
225 4684 391 4742 ἀδιαλείπτως
403 4687 438 4736 T:
458 4685 544 4736 om.C
564 4680 578 4751 ΙΙ
602 4684 632 4737 19
645 4681 829 4752 ὑποδεξαμένης
880 4683 964 4738 ἐπειτα
982 4686 1040 4736 libri
1060 4680 1075 4751 Η
1095 4682 1129 4736 29
1147 4683 1193 4750 μέν
1211 4684 1258 4752 γὰρ
1277 4686 1322 4737 BL
1340 4689 1411 4751 quod
1429 4691 1539 4739 somus

174 4776 245 4826 libris
266 4791 331 4825 corr.
350 4773 461 4826 Wolflus
478 4766 492 4838 ΙΙ
511 4769 545 4822 22
558 4774 664 4823 Hesiod.
677 4774 765 4837 theog.
780 4771 831 4825 108
880 4776 1006 4840 reliquum
1030 4781 1069 4824 est
1092 4789 1124 4823 ex
1149 4775 1230 4824 altero
1254 4779 1406 4828 recensione
1425 4776 1472 4844 μὶν
1490 4775 1536 4845 γάρ

172 4860 256 4914 τίπατι
269 4858 293 4912 δ’
310 4858 346 4918 ὡς
358 4860 390 4912 τὰ
401 4863 491 4928 πρῶτα
504 4856 670 4912 κτλ-139.
686 4855 699 4927 ΙΙ
714 4858 747 4912 23
761 4858 828 4911 ἐπεί·
879 4865 969 4929 πρῶτα
987 4861 1049 4930 χάος
1068 4858 1123 4911 κτλ.
1150 4876 1226 4926 qusm
1248 4866 1363 4924 sequitur
1386 4865 1483 4916 Sextus
1508 4866 1539 4916 P.

172 4951 278 5020 ρητοςΒ
292 4951 304 5015 ii
317 4945 417 5014 οἴδματι
429 4943 499 4998 θύων
509 4948 619 5015 Hesiodi
631 4950 689 4999 edd.
703 4943 716 5015 ΙΙ
729 4947 763 5000 24
773 4946 829 4999 λετ.-
880 4950 913 4999 Η.
927 4949 968 5000 ΙΙΙ
984 4946 1030 5000 121
1053 4946 1066 5016 Ιζ
1087 4947 1145 5017 χέος
1164 4950 1186 4999 Β
1206 4945 1219 5016 ΙΙ
1240 4948 1274 5001 30
1292 4955 1349 5018 γαῖα
1367 4952 1414 5003 BL
