3442 5588
628 325 905 376 ruoussomsxs
1328 336 1336 343 ·
1399 324 1441 388 43

82 495 336 580 Byzantinorum
368 490 465 556 vitiis.
511 492 553 558 de
588 491 693 558 dubiis
720 492 790 559 cod.
819 491 848 556 Α
878 491 1069 558 lectionibus
1095 493 1364 576 quemadmodum
1392 513 1442 559 ca·

80 617 202 680 rorem,
225 613 324 680 supra
345 593 455 658 monui
477 616 509 678 p.
525 596 576 660 33.
613 596 750 661 alterum
765 612 868 676 genus
885 600 934 658 est
949 601 1184 678 excerptorum,
1206 616 1290 678 quae
1312 596 1443 662 diuersa

80 699 208 764 ratione
237 697 423 763 factasunt
455 702 491 761 ut
512 703 569 761 ant
591 697 693 762 verba
715 696 787 781 ipsa
809 696 1057 780 compilarentur
1079 703 1136 762 aut
1163 699 1344 765 sententiae
1365 699 1443 765 lihe-

78 801 146 865 rius
172 800 291 867 alienis
320 817 421 882 saepe
445 798 598 864 admixtis
630 798 851 865 redderentur.
896 804 1048 863 accurate
1074 800 1244 883 descripsit
1272 802 1441 884 Eusebius,

78 901 172 967 cuius
200 901 311 985 capita
338 900 466 982 singula
494 900 629 983 singulis
651 901 817 966 Plutarchi
845 899 1005 983 capitibus
1027 901 1070 966 ad
1092 902 1254 967 sinistram
1278 903 1442 968 adnotavi.

79 1003 167 1069 intra
196 1004 449 1088 discrepantiam
476 1024 572 1087 quam
595 1025 635 1069 ex
659 1001 834 1068 Gaisfordii
863 1001 1024 1084 indigesta
1051 1005 1136 1069 mole
1163 1004 1319 1088 extricari
1345 1025 1443 1089 appo-

76 1107 174 1171 sitam
198 1107 311 1174 hahes
344 1114 469 1189 quanta
499 1105 714 1189 perversitate
740 1104 874 1169 Eusebii
902 1103 959 1168 illa
986 1104 1084 1170 editio
1115 1105 1253 1170 conflata
1279 1107 1336 1189 sit,
1366 1108 1441 1171 nolo

78 1209 244 1291 conqueri.
272 1208 475 1275 accuratiora
496 1209 538 1273 de
560 1207 725 1273 codicibus
746 1204 830 1270 infra
852 1204 1018 1270 Plutarchi
1039 1206 1245 1272 Strumateon
1263 1207 1441 1290 fragmento

84 1309 253 1388 praetatus
267 1309 401 1376 docebo.
431 1317 556 1375 tantum
571 1310 652 1377 scito
668 1329 720 1375 me
742 1308 893 1373 meliores
909 1306 1036 1372 codices
1051 1308 1194 1374 iudicare
1218 1309 1334 1394 CGF,
1358 1310 1444 1376 dete-

79 1412 183 1477 riores
205 1413 315 1496 Bhll,
345 1413 574 1496 interpolatum
606 1433 647 1478 ex
678 1409 844 1476 Plutarchi
880 1408 1013 1489 vulgata
1040 1410 1081 1475 D.
1120 1410 1222 1477 codex
1248 1413 1278 1477 A
1305 1411 1443 1495 optimus

81 1514 281 1580 Plutarchus
313 1523 467 1599 excerpta
496 1536 561 1581 uon
596 1514 749 1581 continet.
785 1511 890 1576 minus
918 1517 1069 1576 accurate
1094 1512 1265 1597 descripsit
1290 1514 1443 1580 Galenus.

82 1624 257 1700 praeterea
286 1616 416 1684 difficile
445 1625 516 1683 erat
539 1618 626 1684 illius
652 1622 797 1682 monstra
830 1611 983 1678 contiuua
1012 1611 1222 1681 adnotatione
1251 1636 1441 1700 supponere.

80 1738 183 1803 quare
210 1719 368 1802 potiorem
395 1720 586 1786 varietatem
615 1715 816 1803 deprompsi,
845 1720 954 1779 cetera
982 1714 1198 1783 emendaturis
1225 1739 1368 1784 seorsum
1392 1737 1443 1783 ex-

80 1821 197 1906 pressi.
232 1821 373 1904 capitum
401 1842 553 1889 numeros
584 1821 627 1887 ad
649 1821 797 1886 dextram
823 1816 942 1898 ubique
964 1817 1128 1884 adnotavi.
1172 1823 1273 1886 multo
1295 1821 1346 1885 his
1367 1840 1444 1904 pau·

79 1923 171 1989 mora
199 1931 430 2007 excerpsomnt
461 1923 602 2009 Oyrillus
629 1923 770 1987 Ioannes
798 1923 910 2007 Lydus
938 1920 1246 2008 Pseudo-Iustinus,
1278 1931 1376 2005 atque
1409 1921 1441 1986 hi

77 2024 213 2109 quidem
241 2025 444 2110 diligentius,
475 2026 573 2092 ceteri
610 2024 741 2090 brevius
768 2027 822 2089 vel
853 2027 1025 2112 audacius,
1058 2027 1274 2093 audacissime
1303 2025 1443 2089 omnium

77 2126 236 2193 Achilles.
269 2126 384 2193 horum
410 2128 508 2210 igitur
535 2127 722 2193 testimonia
750 2128 903 2209 quoniam
933 2129 996 2213 ipsi
1019 2129 1156 2212 legentis
1178 2128 1295 2193 iudicio
1317 2128 1444 2209 integra

79 2249 265 2313 proponere
295 2228 347 2295 sas
379 2229 472 2312 duxi,
499 2229 534 2294 in
561 2229 670 2294 infima
698 2249 826 2313 quaque
855 2231 1043 2298 dimidiatae
1066 2232 1205 2315 paginae
1228 2238 1320 2314 parte
1341 2229 1385 2294 ad
1406 2228 1445 2293 si·

78 2331 220 2397 nistram
239 2330 412 2414 diligenter
432 2331 573 2397 exhibui.
608 2331 800 2398 coniecturis
816 2335 869 2398 vel
884 2334 1000 2400 alienis
1016 2336 1069 2400 vel
1083 2335 1164 2400 meis
1186 2339 1321 2399 eatenus
1343 2331 1444 2395 indul-

77 2432 210 2516 geham,
234 2453 300 2516 qua
314 2432 522 2499 Plutarchum
538 2442 746 2518 personatum
771 2454 881 2501 errore
903 2437 1047 2503 caruisse
1067 2444 1165 2519 atque
1186 2434 1443 2501 emendationem

78 2543 204 2602 certam
218 2535 450 2602 indicaveram.
484 2544 662 2602 ceterorum
678 2537 832 2619 siglorum
859 2539 1106 2623 explicationem
1130 2536 1263 2604 editioni
1283 2535 1444 2619 praemisi.

514 2877 560 2930 111
596 2876 644 2930 llll
662 2876 817 2932 subahel
835 2876 1016 2934 maseuli.

167 3047 301 3113 Ioannis
316 3047 483 3114 Stobensis
507 3049 562 3131 qui
582 3048 743 3115 Stohaeus
765 3049 878 3115 audire
900 3048 1013 3113 maluit
1036 3049 1168 3130 eclogae
1191 3049 1347 3134 physicae
1370 3071 1445 3132 quo-

78 3148 168 3213 niam
190 3169 232 3214 ex
254 3150 370 3216 eodem
386 3149 584 3216 Placitorum
607 3150 688 3216 libro
713 3151 799 3216 unde
814 3150 1008 3215 Plutarchus
1028 3150 1166 3217 haustae
1188 3160 1262 3216 sunt
1276 3152 1444 3234 plurimae,

80 3252 230 3318 dextram
261 3251 412 3318 editionis
434 3259 566 3319 nostrae
588 3260 713 3337 partem
736 3252 882 3337 impleut.
919 3272 960 3318 ne
987 3251 1039 3317 hic
1066 3253 1193 3335 quidem
1221 3253 1316 3319 editis
1338 3254 1445 3319 adhuc

79 3356 240 3439 exemplis
267 3354 367 3420 fidere
398 3354 478 3420 satis
511 3362 580 3421 tuto
608 3355 707 3420 licuit.
745 3376 822 3419 uam
851 3355 1048 3422 Canterus
1071 3355 1247 3440 principem
1272 3356 1444 3423 editionem

78 3477 109 3522 a.
126 3458 213 3523 1575
229 3456 350 3523 editam
367 3475 407 3521 ex
423 3456 584 3524 deteriore
600 3457 712 3524 codice
728 3459 897 3541 expressit,
914 3458 1026 3542 paucis
1042 3458 1075 3523 in
1091 3478 1147 3523 ora
1163 3461 1323 3525 correctis.
1352 3462 1445 3543 plura

79 3558 218 3643 perfecit
236 3559 474 3641 Heerenius,
501 3559 555 3643 qui
578 3566 787 3641 cognatorum
813 3560 1003 3643 scriptorum
1027 3560 1235 3626 similitudine
1255 3563 1307 3627 vel
1330 3570 1444 3645 suopte

80 3661 215 3745 ingenio
239 3660 318 3727 fisus
339 3662 532 3744 gravissima
555 3663 673 3728 menda
696 3662 825 3729 exemit.
863 3670 972 3728 tamen
994 3663 1079 3727 idem
1102 3683 1296 3745 quamquam
1319 3663 1445 3729 codices

78 3764 229 3830 conlatus
251 3763 394 3831 habebat
416 3764 566 3848 optimos,
590 3772 683 3829 tanta
704 3764 816 3830 iudicii
838 3766 1051 3848 perversitate
1073 3764 1234 3847 adhibuit,
1263 3773 1299 3831 ut
1321 3784 1445 3830 errores

77 3866 213 3931 maximi
229 3875 406 3933 orerentur.
440 3885 500 3931 nec
516 3865 635 3932 Gaisf
639 3867 741 3932 ordii
757 3887 833 3932 cura
849 3867 1023 3951 quidquam
1039 3866 1108 3932 fere
1122 3867 1198 3932 honi
1219 3867 1336 3933 attulit.
1369 3885 1444 3930 nam

78 3967 156 4050 quia
184 3967 318 4034 codices
339 3968 490 4034 meliores
513 3967 687 4050 praecipue
714 3969 936 4051 Augustanus,
968 3989 1049 4052 quos
1077 3976 1227 4034 accurate
1254 3971 1444 4050 contulerat,

77 4068 184 4134 eidem
216 4076 293 4134 suut
324 4067 627 4153 interpolationibus
667 4069 916 4154 haudquaquam
952 4070 1061 4153 liberi,
1097 4070 1299 4136 Gaisiordius
1331 4071 1443 4152 rarius,

76 4191 179 4255 saepe
193 4172 271 4238 hlei
281 4171 435 4238 nekeus
450 4177 486 4235 ut
500 4170 584 4235 ratio
601 4178 774 4255 constaret,
797 4173 1007 4256 interpolavit
1021 4172 1249 4239 infelicissime.
1283 4194 1366 4256 quae
1382 4196 1445 4239 onr-

75 4275 132 4338 nia
146 4294 235 4339 nunc
252 4272 353 4338 Curtii
369 4272 655 4338 Wachsmuthii
673 4273 828 4357 singulari
844 4275 957 4339 merito
973 4282 1091 4358 aperta
1107 4283 1190 4340 sunt.
1225 4275 1253 4340 is
1276 4297 1346 4341 cum
1369 4275 1445 4358 quid

75 4376 125 4441 rei
151 4384 243 4442 esset
268 4374 410 4440 breviter
440 4375 714 4441 commentatione
741 4378 783 4442 de
810 4376 943 4443 Stobaei
966 4378 1087 4460 colagis
1116 4378 1260 4460 Gotting.
1287 4379 1364 4443 1871
1391 4376 1442 4460 [ei.

76 4500 107 4544 n.
126 4478 239 4562 Jahrb.
254 4477 277 4542 i.
293 4477 333 4541 cl.
349 4476 409 4542 Ph.
429 4476 485 4543 CV
502 4478 584 4542 1872
607 4499 639 4561 p.
657 4479 838 4561 res—194]
861 4478 1080 4561 indicavisset,
1103 4479 1233 4545 iamiam
1256 4482 1326 4563 ipse
1348 4500 1444 4562 quam

76 4581 300 4646 desideramus
321 4579 364 4643 ad
388 4580 543 4662 optimum
566 4579 710 4644 codicem
734 4580 948 4647 Famesinum
978 4582 1170 4647 recensitam
1194 4583 1367 4648 editionem
1390 4602 1445 4665 pa-

75 4690 204 4748 raturus
228 4689 288 4747 est.

163 4786 308 4849 Ioannes
338 4783 540 4849 utilissimum
572 4806 664 4849 suum
697 4786 871 4851 electorum
903 4787 1089 4852 thesaurum
1122 4786 1154 4849 in
1186 4786 1250 4849 duo
1278 4785 1444 4848 volumina

76 4887 201 4970 diuisit,
236 4906 373 4971 quorum
397 4892 567 4971 utrumque
590 4895 728 4952 centena
750 4889 857 4973 capita
880 4908 937 4973 per
960 4888 1053 4952 hiuos
1076 4887 1176 4952 libros
1197 4885 1324 4968 digesta
1346 4885 1443 4950 conti-
