3442 5588
172 338 234 401 504
558 338 815 389 THEOPHRASTI
834 335 973 388 Ριικυιο.
993 338 1153 389 οιυκιοκ.

222 509 275 592 γὰρ
298 507 379 583 εἶναι,
408 507 479 569 διὸτι

530 610 678 672 (πλεῖστον
701 606 747 672 ἀπ’
775 610 910 692 ἀλλήλων
935 607 1063 694 διέχουσι
1081 656 1089 670 .
1106 656 1139 672 ..

374 712 458 794 γέννγΙ
481 734 512 773 τε
534 713 633 794 κράσει
656 710 713 794 <τε1
735 712 782 773 καί
806 710 908 774 εἴδεσιν
931 710 1136 792 ἐκμακτοῖσιν.’

227 816 378 898 αἰσθήσεις
400 817 454 898 γάρ
476 837 553 883 τινας
575 814 595 896 ἢ
620 811 681 896 μετ’
709 813 876 897 αἰσθήσεως
898 817 1012 876 ποιοῦσι
1035 813 1087 895 τὴν
1110 815 1217 898 ἡδονὴν
1240 816 1288 877 καὶ
1310 816 1362 898 τὴν
1385 815 1494 896 λύπην,

230 918 306 979 ὥστε
333 917 391 1001 οδχ
425 917 515 980 ἅπασι
543 916 649 999 γίνεται
674 921 735 985 τοῖς
762 916 881 997 ὁμοίοις.
915 913 957 978 ἔτι
988 915 1014 978 εἰ
1044 916 1081 978 τά
1108 921 1229 1000 συγγενῆ
1258 919 1383 1000 μαλιστα
1412 919 1522 979 ποιεῖο

224 1021 276 1102 τὴν
300 1021 406 1102 ἡδονὴν
430 1019 459 1081 έν
481 1020 521 1100 τῇ
544 1020 619 1103 ἀφῇ,
641 1019 774 1102 καθάπερ
797 1019 880 1102 φησί,
901 1019 937 1081 τά
960 1019 1095 1102 σύμφυτα
1118 1017 1232 1101 μάλιστ’
1260 1019 1294 1082 ἀν
1316 1022 1418 1103 ἥδοιτο
1442 1019 1494 1081 καί

226 1123 301 1190 ὁλως
324 1121 505 1184 αἰσθάνοιτο·
533 1121 582 1183 διά
607 1126 665 1182 τῶν
688 1121 785 1184 αὐτῶν
812 1121 866 1204 γὰρ
897 1122 1046 1203 ποιεῖτὴν
1069 1119 1204 1204 αἴσθησιν
1226 1123 1275 1185 καί
1297 1124 1349 1206 τὴν
1373 1123 1494 1205 ἡδονήν.

178 1233 209 1283 17
229 1224 321 1286 καίτοι
344 1224 482 1291 πολλάκις
504 1223 709 1305 αἰσθανόμενοι
732 1223 904 1305 λυπούμεθα
926 1220 989 1286 κατ’
1018 1223 1108 1305 αὐτὴν
1130 1224 1184 1306 τὴν
1205 1223 1352 1307 αἴσθησιν,
1375 1229 1416 1294 ὁις
1439 1220 1494 1307 (δ’)

224 1324 457 1409 ’θναξαγὸρας
473 1327 570 1409 φησίν,
593 1326 654 1388 ἀεί·
678 1329 773 1388 πᾶσαν
789 1325 842 1409 γάρ
857 1323 994 1408 αἴσθησιν
1016 1325 1088 1388 εἰναι
1112 1326 1184 1408 μετὰ
1206 1327 1308 1410 λύπης.
1346 1325 1388 1389 ἔτι
1410 1325 1437 1388 δ’
1459 1325 1489 1389 ἐν

226 1434 288 1497 ταῖς
311 1428 385 1490 κατά
414 1427 516 1511 μέρος·
546 1428 695 1512 συμβαίνει
722 1428 776 1511 γὰρ
803 1434 845 1512 τῷ
870 1428 963 1512 ὁμοίιρ
985 1427 1115 1509 γίνεσθαι
1136 1429 1188 1512 τὴν
1211 1433 1329 1510 γνῶσιν·
1357 1430 1410 1511 τὴν
1434 1426 1491 1510 γὰρ
1513 1456 1537 1492 ιο

229 1529 292 1614 ὄψιν
306 1532 373 1593 ὁταν
396 1530 429 1592 ἐκ
452 1531 542 1613 πυρὸς
564 1532 685 1592 καὶτοῦ
707 1529 836 1592 ἐναντίου
859 1532 1002 1613 συστήσῃ,
1024 1530 1057 1591 τὸ
1081 1530 1133 1612 μὲν
1154 1531 1256 1593 λευκὸν
1280 1532 1327 1593 καί
1346 1532 1380 1593 τὸ
1397 1531 1490 1613 μέλαν

231 1629 339 1695 δύναιτ’
369 1631 402 1694 ἀν
429 1637 488 1701 τοῖς
517 1633 627 1714 ὁμοίοις
654 1631 816 1715 γνωρίζειν,
846 1633 879 1694 τὸ
908 1632 941 1694 δὲ
967 1632 1052 1714 φαιδν
1079 1633 1126 1695 καί
1155 1632 1246 1696 τᾶλλα
1276 1636 1422 1718 χρώματα
1453 1632 1492 1694 τὰ

228 1734 313 1816 μικτὰ
330 1739 406 1818 πῶς;
429 1733 496 1797 ούτε
510 1735 564 1818 γάρ
578 1739 638 1803 τοῖς
654 1737 705 1795 τοῦ
721 1734 810 1816 πυρὸς
825 1732 893 1796 ούτε
911 1738 971 1802 τοῖς
991 1739 1042 1795 τοῦ
1066 1734 1167 1804 ὕδατος
1186 1736 1286 1820 πόροις
1308 1734 1370 1799 οὔτ’
1389 1735 1493 1802 ἄλλοις

177 1848 209 1899 18
228 1841 305 1899 ποιεῖ
317 1842 421 1906 κοινοῖς
437 1836 465 1905 ἐξ
482 1839 604 1921 ἀμφοῖν·
628 1838 742 1919 ὁρῶμεν
758 1832 779 1896 δ’
797 1835 880 1897 οὐδὲν
896 1836 981 1919 ἧττον
997 1840 1087 1898 ταῦτα
1103 1842 1161 1899 τῶν
1177 1840 1288 1901 άπλῶν.
1427 1835 1494 1898 ἀτὸ-

228 1964 290 2008 πιυς
305 1940 337 2002 δὲ
360 1940 408 2002 καὶ
432 1940 475 2002 ὁτι
497 1939 532 2002 τά
555 1940 607 2021 μὲν
629 1938 750 2022 ἡμέρας,
772 1937 808 1999 τὰ
831 1937 863 1998 δὲ
884 1937 996 2021 νύκτωρ
1019 1941 1127 2020 μᾶλλον
1152 1940 1220 2023 ὁρᾷ·
1243 1942 1277 2003 τὸ
1299 1941 1353 2023 γάρ
1368 1938 1490 2002 ἔλαττον
1512 1966 1535 2002 ιο

231 2048 287 2126 πδρ
311 2045 367 2105 ύπδ
390 2049 440 2106 τοῦ
465 2042 596 2111 πλείονος
618 2040 782 2124 φθείρεται,
810 2040 854 2101 διδ
876 2041 925 2102 καί
947 2041 1019 2124 πρὸς
1040 2043 1089 2104 τὸν
1111 2043 1193 2124 ἥλιον
1216 2043 1263 2105 καί
1286 2044 1362 2111 ὁλως
1384 2042 1418 2104 τδ
1441 2064 1492 2103 κα-

157 2166 162 2177 ·
228 2148 319 2230 θορὸν
342 2147 376 2210 οδ
400 2142 538 2228 δυνάμεθ’
567 2142 754 2227 ἀντιβλέπειν.
800 2142 877 2204 ὥστε
907 2142 986 2211 ὁσοις
1017 2141 1196 2226 ἐνδεέστερον
1226 2145 1259 2205 εδ
1292 2149 1371 2228 φῶς,
1405 2144 1493 2226 ἧττον

230 2250 321 2333 ἐχρῆν
345 2251 414 2332 ὁρᾶν
428 2245 506 2331 μεθ’
535 2246 661 2330 ἡμέραν·
693 2242 816 2326 ἢεῖπερ
838 2245 871 2306 τὸ
894 2245 993 2326 ὁμοιον
1017 2243 1160 2319 συναύξει,
1187 2246 1320 2329 καθάπερ
1342 2246 1416 2330 φησί
1422 2294 1430 2321 ,
1456 2247 1491 2308 τὸ

228 2353 259 2413 δὲ
282 2351 408 2413 ἐναντίον
431 2350 543 2434 φθείρει
566 2348 613 2410 καὶ
636 2345 810 2422 κωλύει,τά
833 2346 885 2428 μὲν
907 2347 996 2409 λευκά
1019 2349 1128 2430 μᾶλλον
1151 2347 1242 2432 ἐχρῆν
1266 2351 1336 2431 ὁρᾶν
1359 2349 1489 2416 ἅπαντας

229 2451 295 2535 μεθ’
324 2452 435 2535 ἡμέραν
459 2452 506 2513 καί
529 2450 607 2519 ὅσοις
629 2448 746 2512 ἔλαττον
769 2449 816 2511 καί
840 2449 919 2517 ὁσοις
940 2451 1038 2511 πλεῖον
1060 2451 1094 2512 τδ
1116 2455 1190 2534 φῶς,
1212 2450 1248 2512 τά
1270 2450 1303 2512 δὲ
1319 2449 1429 2532 μέλανα
1444 2451 1489 2513 νύ·
1507 2478 1533 2515 κο

229 2579 315 2638 κτωρ.
360 2559 409 2616 νῦν
439 2554 472 2616 δὲ
498 2554 602 2619 πάντες
632 2550 746 2613 ἅπαντα
772 2549 838 2632 μεθ’
872 2551 984 2635 ἡμέραν
1012 2555 1121 2634 μᾶλλον
1155 2556 1244 2637 ὁρῶσι
1276 2554 1351 2635 πλὴν
1384 2554 1491 2635 δλίγων

228 2656 329 2741 ζῴων·
352 2656 463 2724 τούτοις
485 2653 510 2717 δ’
538 2652 655 2735 εύλογον
678 2650 754 2715 τοῦτ’
784 2652 893 2737 ἰσχύειν
915 2653 948 2715 τὸ
972 2655 1076 2718 οἰκεῖον
1099 2661 1166 2739 πῦρ,
1189 2658 1287 2739 ὥσπερ
1310 2654 1371 2718 ἔνια
1387 2655 1435 2716 καί
1451 2655 1491 2735 τῇ

181 2770 211 2820 19
229 2759 306 2843 χρὸᾳ
329 2760 481 2839 διαλάμπει
505 2759 614 2839 μᾶλλον
640 2760 692 2839 τῆς
720 2757 829 2824 νυκτὸς.
982 2753 1023 2818 ἔτι
1052 2757 1079 2820 δ’
1107 2760 1150 2827 οἶς
1178 2760 1197 2841 ἡ
1224 2763 1324 2842 κρᾶσις
1351 2757 1380 2825 ἐξ
1410 2756 1492 2831 ἰσων,

229 2863 339 2943 ἀνάγκη
369 2854 558 2927 συναύξεσθαι
587 2859 661 2920 κατὰ
689 2858 774 2941 μέρος
800 2859 947 2942 ἑκάτερον·
971 2858 1042 2922 ὥστ’
1070 2860 1096 2922 εἰ
1125 2862 1281 2933 πλεονάζον
1310 2860 1416 2923 κωλύει
1439 2861 1491 2921 θά·

225 2988 306 3048 τερον
334 2965 419 3046 ὁρᾶν,
447 2963 582 3025 ἀπάντων
610 2960 644 3024 ἀν
672 2959 719 3043 εἴη
745 2960 933 3043 παραπλησία
959 2985 1021 3030 πως
1049 2965 1069 3045 ἡ
1098 2963 1235 3031 διάθεσις.
1281 2962 1355 3024 ἀλλά
1376 2962 1413 3024 τά
1436 2964 1489 3043 μὲν
1507 2992 1532 3030 α

226 3072 278 3150 τῆς
308 3063 402 3150 ὄψεως
430 3066 513 3147 πάθη
543 3065 748 3149 χαλεπώτερον
777 3060 857 3125 ἔσται
885 3064 997 3126 διελεῖν.
1045 3065 1080 3127 τὰ
1108 3067 1141 3128 δὲ
1171 3066 1235 3149 περὶ
1264 3065 1315 3134 τὰς
1337 3063 1427 3135 ἀλλας
1449 3067 1491 3129 αἰ·

228 3171 348 3253 σθήσεις
370 3171 432 3236 πῶς
455 3168 596 3250 κρίνωμεν
619 3167 663 3250 τιγῖ
687 3163 796 3247 ὁμοίως
816 3165 849 3227 τδ
872 3165 926 3250 γάρ
950 3167 1048 3248 ὁμοιον
1070 3168 1213 3251 ἀὸριστον.
1251 3166 1318 3229 οὔτε
1332 3167 1385 3250 γάρ
1401 3168 1490 3251 ψὸφιρ

227 3271 276 3333 τδν
304 3271 399 3355 ψύρον
422 3267 482 3332 οὔτ’
511 3270 592 3351 ὀσμῇ
613 3269 666 3351 τὴν
696 3269 790 3353 δομὴν
817 3267 884 3331 ούτε
910 3274 970 3338 τοῖς
996 3268 1094 3339 ἀλλοις
1120 3274 1179 3338 τοῖς
1207 3270 1387 3352 ὁμογενέσιν,
1415 3269 1491 3332 ἀλλά

230 3377 338 3454 μᾶλλον
363 3377 403 3441 ὡς
425 3372 514 3434 εἰπεῖν
537 3375 596 3439 τοῖς
619 3370 765 3440 ἐναντίοις.
799 3372 901 3453 ἀπαθῆ
930 3371 984 3454 γάρ
1007 3373 1052 3434 δεῖ
1076 3373 1128 3454 τὴν
1157 3370 1293 3455 αἴσθησιν
1322 3374 1492 3455 προσάγειν·

229 3474 306 3561 ἤχου
329 3477 362 3538 δέ
384 3476 497 3543 ἐνὸντος
512 3474 542 3536 ἐν
559 3473 628 3536 ὠσίν
642 3474 662 3556 ἢ
678 3477 777 3558 χυλῶν
794 3475 823 3538 ἐν
839 3474 933 3557 γεύσει
949 3475 996 3537 καί
1013 3476 1107 3559 ὀσμῆς
1123 3475 1153 3538 έν
1169 3476 1309 3559 δσφρήσει
1325 3476 1489 3558 κωρὸτεραι
1508 3501 1531 3538 σο

202 3618 208 3622 .
212 3617 262 3622 .--
274 3616 287 3621 .-
292 3615 374 3622 ⁸...-

178 3680 269 3733 3:32K.
286 3680 453 3732 19119981.
472 3681 587 3745 Simplic.
602 3685 627 3731 in
641 3683 713 3747 phys.
728 3686 744 3733 s.
755 3682 832 3735 34V‘2
884 3679 1000 3746 ἀθλους11
1018 3680 1048 3731 14
1063 3680 1159 3737 κοινούς
1173 3684 1228 3732 PF:
1248 3683 1356 3731 correxi.
1385 3697 1444 3731 nam
1457 3681 1541 3746 μικτυὶ

177 3765 257 3837 ἔχθρα
284 3767 331 3830 [sic
350 3770 400 3818 aa:
425 3766 483 3835 ἔργα
502 3770 561 3818 DE.
585 3765 610 3818 δὲ
630 3770 688 3819 add.
708 3771 832 3835 Karsten]
884 3768 955 3838 πόροι
973 3772 1069 3835 μικταῖς
1088 3766 1205 3835 χριὸμασι
1225 3770 1381 3819 conveniunt
1400 3763 1414 3832 11
1437 3767 1469 3818 14
1486 3765 1540 3818 ἀτύ-

177 3853 289 3905 πλεῑστον
316 3853 424 3918 [ιιειιερ.
450 3863 507 3918 post
534 3852 650 3923 ἀλλήλων
673 3856 757 3922 Stain]
785 3855 830 3909 ἀπ’
884 3874 938 3912 πως
948 3851 1075 3907 Pafum
1088 3852 1151 3921 λέγει
1162 3858 1331 3919 intellegatur,
1343 3856 1429 3904 malim
1439 3851 1537 3905 ἄτακτοί

176 3941 316 4005 [sieDEF]
330 3939 446 4009 ἀλλήλων
460 3939 567 4010 διέχουσι
581 3940 686 4008 μάλιστα
700 3941 833 4012 [διέχουσιν
883 3944 1032 3995 Schneider.
1065 3959 1126 3992 num
1150 3940 1202 4010 ἔχει
1226 3944 1382 3992 audiendum
1401 3952 1440 3992 εει
1457 3945 1489 3992 οἱ.
1508 3943 1541 3993 ad

176 4029 270 4097 ἄμικτα
287 4030 385 4092 Κατει]
400 4029 471 4096 γέννῃ
494 4046 521 4079 τε
538 4028 615 4097 κρίσει
633 4029 729 4092 [DEFz
748 4032 832 4098 κράσει
884 4049 908 4097 p·
919 4029 979 4091 526,
995 4029 1042 4081 14?
1053 4025 1067 4095 11
1082 4028 1112 4081 15
1124 4026 1169 4097 δρᾶ
1180 4031 1236 4080 PF:
1255 4027 1353 4097 ὁρῶμεν
1367 4031 1467 4081 Οεωοι.
1480 4026 1494 4095 11
1510 4029 1541 4082 18

176 4118 205 4181 ιι]
223 4134 250 4167 τε
269 4115 312 4166 καί
330 4114 416 4167 εἴδεσιν
435 4117 582 4183 ἐκμακεοῑσι
601 4114 616 4184 11
635 4115 671 4168 διὸ
689 4119 745 4168 PF:
766 4136 831 4170 corr.
883 4115 900 4186 ἰγ
924 4128 1064 4168 correctum
1087 4134 1118 4167 ex
1143 4120 1229 4167 nescio
1249 4135 1300 4181 quo
1322 4120 1343 4168 1’
1370 4114 1383 4184 11
1408 4115 1442 4168 20
1466 4116 1497 4166 τά
1515 4115 1540 4168 δί

176 4207 275 4256 Usener
289 4199 303 4272 11
318 4202 334 4254 3
347 4203 409 4271 γένει
427 4221 454 4254 τε
467 4203 510 4254 καὶ
523 4205 608 4273 κράσει
620 4203 663 4254 καὶ
676 4202 762 4255 εἴδεσιν
774 4208 817 4256 PF
824 4227 831 4257 ι
882 4203 977 4272 μέλανα
990 4208 1010 4256 Ρ
1025 4209 1136 4267 itemque
1151 4206 1206 4266 (sad
1220 4200 1323 4269 μιλανά)
1337 4206 1370 4254 F:
1390 4204 1434 4254 καί
1452 4204 1484 4255 τά
1496 4204 1540 4271 μί-

177 4309 242 4342 corr.
253 4294 372 4351 Karsten,
383 4295 425 4355 qui
439 4291 510 4360 γέννᾳ
521 4294 682 4342 commendat
691 4309 716 4356 p.
727 4290 778 4344 θθθ
790 4290 802 4359 1Ι
815 4295 831 4342 4
882 4290 944 4343 λανικ
958 4294 1058 4344 Camot.
1073 4293 1150 4356 vulgo
1166 4288 1178 4356 11
1194 4289 1227 4342 33
1242 4288 1386 4358 διαλάμπειν
1396 4293 1454 4343 ΡΡι
1475 4308 1540 4343 corr.

176 4374 287 4446 αἰσθήσει
309 4377 354 4445 γάρ
382 4392 428 4426 τινι
451 4381 519 4428 coni.
544 4381 668 4430 Wimmer
688 4374 702 4443 11
721 4382 830 4430 ποιούσιε
882 4381 1027 4445 Stephanus
1041 4375 1053 4444 11
1070 4377 1103 4429 24
1118 4374 1282 4436 συνεύξασθαι
1296 4381 1352 4429 ead.
1365 4397 1398 4429 m.
1412 4377 1540 4447 ουπ.θ“11

176 4469 250 4516 simul
261 4468 418 4528 intellegitur
427 4468 598 4530 Anaxagoras
609 4469 639 4516 cf.
650 4484 673 4517 a.
686 4463 727 4533 911
740 4467 755 4518 5
766 4464 831 4534 ι’ύσγε
883 4466 916 4520 26
930 4483 990 4517 num
1003 4464 1055 4516 ἔστι
1067 4461 1152 4515 διελεῖν
1164 4475 1192 4515 ut
1205 4483 1229 4530 p.
1240 4464 1300 4523 505,
1310 4463 1343 4516 3?
1356 4463 1370 4532 11
1382 4464 1415 4518 27
1426 4466 1541 4534 κρίνομεν

176 4570 252 4603 εοεαε.
271 4554 290 4603 F
311 4549 324 4619 11
345 4550 428 4603 ἅπασα
449 4555 516 4603 coni.
529 4553 670 4604 Schneider
689 4547 702 4618 11
721 4555 768 4603 fuit
787 4557 830 4616 qui
882 4555 926 4604 PF
945 4555 976 4603 cf.
990 4571 1014 4618 p.
1026 4551 1125 4614 505,4:
1150 4569 1215 4601 corr.
1239 4552 1385 4617 Stephanus
1409 4550 1423 4619 11
1449 4551 1483 4605 29
1501 4551 1540 4605 εθ·

176 4639 212 4690 ἔτι
231 4636 254 4690 δ’
271 4642 365 4702 mallet,
384 4641 430 4689 aad
449 4642 479 4690 cf.
499 4636 716 4706 ρ.5θὸ’,θ11δδ1
733 4641 832 4690 addidit
882 4635 952 4707 παθῆ
984 4641 1057 4690 malis
1091 4647 1115 4687 at
1144 4640 1174 4688 ef.
1204 4641 1283 4689 Arist.
1315 4637 1540 4705 p.429·15sqq.

176 4729 300 4777 Wimmer
325 4722 339 4792 11
364 4723 478 4794 θλύπης
496 4730 532 4777 sia
551 4728 595 4778 PF
616 4724 629 4792 11
651 4726 683 4778 10
703 4727 768 4777 κατὰ
787 4727 830 4793 μέ·
883 4727 972 4790 [index
985 4727 1087 4776 Bonitz.
1106 4742 1131 4789 ρ.
1145 4723 1249 4789 72³38]
1263 4723 1276 4790 11
1291 4724 1373 4778 διῖΡε
1393 4724 1424 4796 δὴ
1443 4724 1540 4794 111130

176 4808 247 4880 γεθος
270 4815 326 4864 PF:
355 4830 419 4863 corr.
445 4814 587 4864 Schneider
611 4815 624 4879 11
649 4813 694 4881 γάρ
714 4817 831 4864 iteratum
884 4810 1203 4882 χιλῶνΡεοο.1·ἰχειλιῖιν
1212 4831 1249 4878 pr.
1259 4811 1462 4883 Ε11κοριὸτεραι
1472 4817 1538 4881 pra*

176 4909 203 4949 ιιι
222 4917 245 4968 ρ.
257 4898 315 4959 ιἰθί,
331 4898 369 4950 12.
389 4899 448 4964 510,
462 4899 492 4950 15
507 4897 520 4967 11
538 4900 568 4951 13
581 4897 664 4959 ἄλλοις
677 4902 720 4952 PF
728 4920 734 4951 ι
754 4903 831 4963 vulgo
