3442 5588
637 350 910 403 Paonneonsscus

480 634 534 691 XV
569 635 618 690 DE
636 634 858 693 ecmannus
875 637 1068 692 arffmun

175 840 303 907 Invitus
329 847 362 907 et
391 860 487 925 quam
515 849 629 928 potero
656 842 845 910 brevissime
873 844 914 910 de
936 843 1111 929 Epiphanii
1141 846 1301 928 excerptis
1327 849 1451 932 loquar.

87 940 209 1024 quibus
235 942 315 1009 nihil
346 943 380 1009 in
407 965 466 1011 sno
492 965 613 1028 genere
641 945 790 1011 vitiosius
816 952 849 1011 et
871 945 1031 1012 turbatius
1053 966 1124 1013 esse
1147 955 1235 1013 recte
1256 958 1451 1033 conquestus

86 1050 139 1110 cst
161 1044 357 1112 Karstenius
377 1046 420 1112 de
442 1047 647 1132 Xenophane
669 1068 701 1131 p.
719 1048 789 1113 191.
823 1067 863 1114 ac
894 1047 1039 1134 proiecto
1065 1048 1128 1115 nisi
1155 1050 1309 1117 sciremus
1336 1059 1450 1136 quarto

86 1149 223 1215 saeculo
252 1148 322 1216 eius
344 1148 487 1216 Panaria
514 1149 699 1234 conscripta
720 1169 807 1233 esse,
835 1150 877 1217 de
899 1150 1150 1236 Byzantinorum
1175 1154 1229 1219 vel
1252 1154 1279 1219 si
1302 1153 1451 1221 mirificos

86 1269 217 1317 errores
243 1257 373 1335 spectas
395 1251 538 1318 Arabum
566 1250 634 1318 fetu
657 1252 865 1335 cogitandum
892 1259 971 1318 erat.
1015 1274 1117 1336 usque
1139 1275 1178 1321 eo
1202 1256 1311 1322 omnia
1332 1258 1366 1323 in
1388 1278 1452 1324 me·

87 1371 144 1419 ras
171 1372 276 1438 nugas
302 1374 461 1422 conversa
488 1360 572 1421 sunt.
617 1353 765 1421 velutin
791 1354 1064 1438 anacephalaeosi
1083 1356 1141 1443 ·(I)
1168 1358 1392 1443 Pythagoreos
1418 1368 1451 1427 et

88 1455 326 1541 Peripateticos
354 1457 504 1525 concordi
535 1476 617 1542 pace
645 1457 773 1542 ligavit,
801 1456 918 1523 Stoicis
950 1459 1245 1544 metempsychosin
1272 1462 1449 1549 Hippolyto

87 1559 103 1623 1
127 1558 168 1623 21
190 1567 207 1621 3
229 1560 436 1628 consentiens
462 1559 652 1645 adscripsit,
685 1580 766 1643 quos
792 1559 880 1625 haud
907 1560 1005 1628 dubie
1031 1561 1112 1627 illud
1134 1568 1222 1646 σῶμα
1244 1566 1292 1628 διὰ
1315 1568 1451 1649 σώματος

87 1666 200 1747 χωρεῖν
228 1662 270 1728 de
299 1661 409 1728 anima
436 1661 556 1729 dictum
580 1659 630 1749 [ci.
654 1661 751 1747 Hipp.
774 1662 817 1728 ib.
840 1661 907 1750 §bl
929 1664 1067 1750 decepit.
1112 1665 1269 1732 miracula
1291 1668 1388 1752 plane
1411 1668 1451 1733 si·

86 1764 181 1831 milia
202 1764 245 1831 de
266 1772 418 1849 quattuor
432 1765 529 1832 sectis
544 1771 699 1850 excerpta
714 1763 773 1851 (11)
796 1765 990 1833 effutiuntur.
1014 1768 1055 1835 de
1071 1768 1188 1835 Stoicis
1203 1769 1290 1853 prior
1304 1770 1450 1855 stribligo

86 1868 273 1936 accuratius
294 1868 439 1936 iteratur.
483 1877 551 1936 tum
577 1887 656 1934 vero
682 1868 724 1934 de
746 1867 876 1934 Zenone
904 1871 1002 1955 plane
1024 1873 1171 1938 inaudita
1192 1872 1290 1938 haec:
1313 1871 1450 1940 Clean·

84 1972 172 2038 tbis
197 1971 299 2038 filium
329 1991 403 2040 esse
428 1973 514 2059 Tyro
542 1969 736 2057 proiectum,
768 1973 888 2039 deinde
914 1973 1056 2042 Romae
1087 1975 1287 2059 aliquamdiu
1318 1975 1449 2043 vixisse.

87 2075 219 2143 subolet
240 2076 363 2161 aliquid
384 2076 426 2142 de
440 2075 572 2141 Zenone
587 2073 713 2160 Eleate,
735 2074 944 2142 nihilominus
965 2076 1061 2160 idem,
1083 2077 1195 2162 inquit,
1218 2079 1306 2161 quod
1321 2080 1450 2147 Stoicus

86 2178 190 2246 etiam
210 2178 269 2246 ille
290 2179 435 2246 docuit*
479 2176 600 2243 frustra
621 2182 655 2242 te
677 2177 815 2263 crucies,
844 2177 921 2260 quid
943 2177 1075 2245 tandem
1096 2179 1228 2245 baronis
1249 2180 1342 2247 istius
1364 2201 1451 2249 cere·

86 2280 178 2350 bello
208 2281 289 2348 talia
317 2277 578 2348 comminiscendi
608 2297 741 2346 causam
768 2279 902 2347 dederit
947 2300 1008 2346 nec
1033 2278 1142 2348 hercle
1169 2283 1449 2366 operaepretium

86 2391 149 2450 est
195 2382 324 2449 Platoni
352 2383 473 2449 ibidem
498 2381 539 2447 de
567 2380 686 2465 prima,
709 2382 866 2466 mannia,
893 2380 990 2448 tertia
1015 2400 1115 2447 causa
1141 2384 1301 2466 quaedam
1328 2385 1448 2471 tribuit,

86 2507 175 2571 quae
202 2507 221 2553 e
250 2485 395 2552 Platonis
423 2484 517 2568 epist.
544 2483 577 2548 II
604 2503 635 2565 p.
658 2484 759 2550 312l:
791 2483 849 2567 [cf.
880 2483 1025 2550 Chalcid.
1052 2483 1085 2549 in
1112 2486 1196 2551 Plat.
1224 2488 1304 2553 Tim
1334 2511 1364 2572 p.
1385 2490 1446 2555 277

86 2586 222 2675 Meura]
250 2589 411 2655 translata
432 2586 513 2652 vidit
534 2584 571 2650 A.
594 2583 730 2653 Iahnius
755 2587 810 2670 qui
836 2588 880 2653 ad
901 2586 1076 2671 Epiphanii
1098 2590 1239 2656 Panaria
1262 2589 1449 2656 utilissimas

85 2691 257 2778 symbolas
280 2688 410 2756 Oebleri
434 2686 568 2755 editioni
589 2685 747 2757 adiunxit.
780 2689 866 2755 idem
889 2691 960 2775 ὕλην
982 2692 1139 2777 diapasoa
1161 2697 1203 2778 τῷ
1227 2693 1289 2778 θεῷ
1313 2713 1353 2758 ex
1372 2693 1449 2777 Hip

85 2794 194 2879 polyti
226 2791 472 2876 Philosophum.
500 2810 527 2858 e.
556 2793 632 2858 194
666 2791 805 2877 repetiit.
851 2791 1059 2876 Peripatetici
1092 2793 1208 2860 iterum
1240 2794 1448 2880 Pythagorae

85 2894 252 2963 coniuncti
273 2893 309 2960 in
329 2892 649 2980 metempsychoseos
670 2892 859 2960 societatem
882 2899 915 2960 et
936 2893 999 2977 ipsi
1021 2894 1200 2963 trahuntur.
1241 2898 1448 2982 Pythagoras

83 3017 167 3065 raro
189 2996 316 3081 ipsein
337 2995 469 3062 hledia
491 2995 611 3063 obiisse
632 2995 758 3063 dicitur.
795 2994 842 3062 sic
863 2996 952 3061 clare
974 2996 1004 3059 ἐν
1026 3002 1064 3080 τῇ
1087 2996 1189 3083 Μηδίᾳ
1211 2999 1364 3083 scriptum
1387 3008 1446 3067 est.

84 3098 284 3186 nequiquam
305 3097 476 3183 Menagius
504 3098 599 3184 ἐνδείᾳ
625 3096 864 3184 suppeditabat.
908 3103 996 3164 certe
1022 3098 1225 3166 scribendam
1252 3108 1322 3167 erat
1347 3103 1378 3167 ἐν
1405 3103 1447 3168 ἐν·

83 3201 151 3287 detq
174 3202 278 3273 δδατος
300 3202 349 3267 καὶ
371 3201 459 3288 ἄρτου
475 3200 641 3280 ιιδίᾶοηιΙ
664 3222 695 3285 p.
711 3200 785 3284 333,
800 3199 842 3265 22
865 3198 963 3265 Dind.
987 3196 1145 3267 Oeblerus
1165 3201 1268 3268 latina
1290 3203 1370 3270 talia
1390 3205 1448 3271 in·

82 3303 184 3371 edia
204 3303 327 3372 vitam
347 3304 508 3372 finiisse
530 3309 608 3370 ante
627 3303 738 3371 oculos
759 3301 859 3368 fuisse
882 3300 1030 3369 coniecit.
1066 3303 1194 3386 quodsi
1217 3325 1329 3372 verum
1350 3315 1447 3392 esset,

82 3404 227 3474 haberes
248 3411 283 3473 et
303 3405 431 3472 ridiculi
454 3405 572 3473 erroris
595 3404 751 3489 originem
777 3412 810 3471 et
832 3404 988 3471 orationis
1016 3410 1140 3470 tantum
1168 3426 1234 3472 non
1261 3415 1366 3477 tetrae
1391 3409 1448 3476 ali·

82 3526 184 3590 qnam
205 3506 458 3575 excusationem.
502 3528 577 3577 nam
605 3525 702 3591 quam
730 3527 796 3573 non
825 3507 1020 3575 tralaticium
1043 3506 1307 3593 philosophorum
1329 3531 1447 3579 sermo-

81 3629 160 3679 nem
182 3609 316 3694 calleat,
338 3609 394 3675 uni
417 3609 532 3695 cuique
553 3609 663 3677 statim
685 3609 865 3694 apparebit
902 3610 989 3694 quod
1011 3630 1113 3694 genus
1134 3614 1321 3698 μιταγγισμοὶ
1343 3619 1447 3701 ψυχῶν

80 3719 116 3779 et
137 3716 254 3796 maipa
276 3712 490 3798 δρακοντοειδές
511 3718 545 3780 et
559 3714 751 3799 σκυβαλώδης
773 3712 916 3796 sordent,
939 3711 1156 3795 elegantiores
1179 3713 1330 3781 dicebant
1352 3740 1447 3800 pares·

81 3817 285 3899 σωματώσεις,
307 3820 421 3899 πνεῦμα
433 3816 676 3901 περιδινούμενον,
699 3815 833 3900 ἰλυώδης.
862 3835 974 3884 verum
996 3815 1040 3881 ad
1054 3815 1157 3882 latina
1178 3824 1352 3900 propterea
1373 3838 1447 3884 ecn-

79 3915 191 4002 fugias
218 3937 284 3983 non
313 3924 364 3984 est
392 3937 541 4002 necesse,
576 3918 729 4001 quoniam
760 3925 915 4002 quantum
946 3917 1150 4002 Epiphanius
1181 3917 1224 3983 ab
1256 3918 1448 4002 aequalibus

80 4018 209 4106 cyrillo
237 4025 271 4084 et
296 4019 503 4087 Theodoreto
530 4018 629 4086 distet
655 4019 736 4086 satis
761 4025 873 4086 notum
898 4027 957 4085 est.
1002 4025 1144 4085 ceterum
1173 4019 1259 4086 unde
1284 4019 1448 4087 Mediam

78 4121 146 4189 iste
167 4121 358 4207 arripuerit,
380 4121 527 4189 curiosus
547 4143 614 4188 non
636 4142 717 4188 sum.
750 4120 850 4188 verbo
873 4121 1104 4207 Epicureorum
1126 4121 1168 4187 de
1190 4121 1301 4186 mundi
1324 4121 1448 4206 origine

81 4224 271 4309 opinionem
293 4222 473 4310 absolvam,
496 4244 580 4308 quae
594 4225 752 4291 nonnulla
766 4223 835 4290 veri
850 4224 975 4291 semina
991 4223 1143 4307 continet,
1167 4225 1321 4307 pleraque
1337 4231 1448 4290 tamen

80 4324 228 4412 Orphica
250 4325 313 4393 nisi
334 4327 431 4394 fallor
452 4326 617 4410 sapientia
638 4327 775 4393 ridicule
797 4332 872 4391 sunt
892 4325 1099 4411 interpolata.

166 4428 303 4495 Meliore
324 4427 408 4494 libro
424 4448 502 4494 usus
517 4429 624 4495 estad
641 4429 881 4495 successionum
896 4429 1086 4515 ampliorem
1101 4425 1241 4492 indicem
1257 4426 1343 4512 (III).
1367 4427 1445 4492 ordo

75 4531 350 4618 philosophorum
372 4530 460 4598 docti
482 4530 650 4597 cuiusdam
674 4539 707 4598 et
729 4531 870 4598 sollertis
890 4531 1010 4613 ingenii
1038 4538 1087 4597 est
1109 4529 1337 4597 testimonium.
1374 4529 1446 4612 quis

73 4635 133 4702 ille
154 4633 267 4718 fuerit,
297 4632 387 4700 haud
412 4653 544 4717 quaero.
582 4633 641 4700 sed
663 4633 755 4701 iuvat
777 4633 1015 4700 successionum
1034 4631 1225 4699 divisionem
1248 4631 1311 4698 hac
1333 4630 1446 4696 tabula

73 4736 265 4804 discribere

148 4930 156 4960 ¹
178 4944 294 4980 errorem
313 4929 447 4993 explicant
464 4928 533 4987 talia,
554 4927 643 4988 qualia
659 4927 793 4991 Diogenes
806 4927 846 4975 lx
861 4924 893 4978 29
912 4928 1019 4976 Eleatae
1038 4924 1164 4989 placuisse
1183 4926 1261 4975 refert
1278 4926 1309 4975 el.
1328 4941 1353 4989 p.
1369 4922 1437 4977 167¹.
