3442 5588
172 338 236 404 634
569 339 707 391 GALENI
725 337 864 392 HISTOR.
882 335 1023 391 PHILOS.
1034 335 1140 391 86-89

185 540 190 546 ·
223 508 297 572 κατά
319 511 351 574 δέ
373 534 450 581 τινας
471 510 578 580 τόπους
598 510 689 594 αδτῆς
710 510 778 580 τοὺς
800 509 936 592 σεισμοδς
959 509 1124 594 συμβαίνειν
1139 512 1192 572 τοῦ
1207 506 1373 589 πνεύματος
1387 505 1491 572 έναπυ

224 612 416 684 κλεισθέντος.

172 889 208 928 2⁰⁸
301 873 341 936 87
379 869 465 954 Περὶ
489 870 667 952 θαλάττης
689 871 746 934 διὰ
766 871 802 932 τί
822 870 963 953 ἁλμυρά
984 869 1082 932 ἐστιν.
1120 878 1409 943 [Ριοι111161.πι]

306 1023 576 1111 Ἀναξίμανδρος
603 1025 677 1090 εἶναί
701 1046 773 1111 φησι
799 1026 852 1109 τὴν
874 1026 1025 1089 θαλασσαν
1047 1030 1101 1108 τῆς
1122 1026 1263 1110 προτέρας
1292 1025 1432 1110 ὑγρασίας
1453 1025 1486 1087 τό

224 1130 369 1213 λείψανον,
391 1129 428 1212 ής
451 1129 485 1192 τὸ
508 1130 561 1213 μὲν
583 1131 717 1193 πλεῖστον
740 1127 827 1212 μέρος
842 1128 1074 1214 ἀνείηραμμένον
1089 1128 1189 1211 γλυκό,
1210 1129 1245 1192 τό
1260 1129 1293 1192 δὲ
1309 1128 1515 1213 ῦπολειρθδνι

173 1252 210 1290 ιω
227 1232 277 1296 διὰ
304 1233 357 1314 τὴν
385 1229 519 1295 ἔκκαυσιν
547 1231 713 1317 μετέβαλεν.
758 1228 1000 1315 Ἐμπεδοκλῆς
1017 1227 1021 1315 ψ
1039 1232 1147 1315 ἱδρῶτα
1173 1236 1227 1315 γης
1248 1231 1408 1314 καιομένης
1429 1231 1485 1295 ῦπδ

224 1339 276 1397 τοῦ
298 1333 392 1417 ὴλίου.
434 1332 471 1399 Οί
494 1335 553 1398 ἀπὸ
577 1334 769 1402 Πλάτωνος
790 1337 841 1396 τοῦ
864 1335 1071 1418 στοιχειώδους
1093 1333 1198 1403 ῦδατος
1218 1334 1252 1396 τδ
1275 1335 1329 1416 μὲν
1350 1333 1382 1404 έξ
1403 1334 1489 1418 ἀέρος

223 1436 298 1500 κατὰ
325 1434 472 1521 περίψυξιν
499 1437 759 1518 ῦποσυνιστάμενον
781 1434 870 1518 γλυκδ
898 1435 1062 1518 γίγνεσθαι,
1091 1436 1125 1499 τδ
1155 1437 1189 1499 δὲ
1217 1437 1292 1502 κατὰ
1321 1437 1488 1521 περίκαυσιν

223 1541 271 1603 καὶ
295 1537 418 1622 ἔκπυρον
440 1539 633 1623 ἀναθυμίασιν
656 1539 784 1623 ἁλμυρόν
807 1535 890 1601 εἶναι.

248 1800 291 1863 88
328 1796 407 1867 Πώς
429 1799 629 1880 ἀμπώτιδες
650 1798 806 1879 γίνονται
828 1797 886 1860 καί
909 1794 1148 1881 πλημμυρίαι.’
1179 1804 1461 1873 [ΡΙοιΙΙΙΙΊι.ο.ι]
1504 1817 1528 1855 ιο

306 1951 559 2037 Ἀριστοτέλης
588 1953 645 2016 ὑπὸ
674 1956 726 2015 τοῦ
751 1952 835 2036 ἡλίου
861 1952 1041 2017 τὰπλεῖστα
1070 1957 1129 2018 τών
1151 1955 1323 2036 πνευμάτων
1345 1951 1489 2017 κινεῖσθαι

225 2057 273 2120 καλ
295 2055 519 2142 περιφέρεσθαι,
548 2054 593 2141 ὑφ’
629 2055 670 2118 ὧν
692 2055 877 2140 ἐμβαλόντων
907 2055 1025 2119 ἐνοιδεῖν
1053 2059 1105 2140 τὴν
1125 2055 1309 2140 Ἀτλαντικὴν
1337 2056 1491 2120 θάλασσαν

227 2160 275 2223 καὶ
304 2160 527 2232 κατασκευάζειν
557 2158 609 2228 τὰς
638 2159 841 2242 πλημμυρίας,
870 2158 1017 2241 ληγόντων
1045 2160 1078 2222 δὲ
1106 2159 1394 2244 ἀντιπερισπωμένην
1421 2159 1490 2222 ὑπο

224 2262 346 2347 βαίνειν,
377 2263 448 2346 όπερ
475 2261 546 2325 εἶναι
574 2262 625 2344 τὴν
648 2261 792 2343 ἄμπωτιν.
836 2258 1049 2344 Εὐθυμένης
1078 2264 1093 2326 ό
1117 2262 1336 2347 Μασσαλιώτης
1358 2263 1398 2344 τῇ
1420 2264 1491 2344 πλη

229 2367 317 2447 ρώσει
339 2369 392 2447 τής
413 2366 536 2448 σελήνης
558 2363 609 2432 τάς
631 2363 817 2447 πλημμυρίας
839 2364 985 2447 γίνεσθαι,
1014 2365 1055 2447 τῇ
1075 2366 1108 2428 δὲ
1130 2365 1256 2451 ἐκλείψει
1282 2365 1333 2434 τάς
1357 2366 1488 2447 ἀμπώτι·
1505 2384 1527 2422 ιι

231 2468 291 2536 δας.
337 2465 517 2548 Τιμόθεος
538 2467 604 2536 τοὺς
626 2465 822 2551 ἐμβάλλοντας
844 2467 992 2551 ποταμοὺς
1020 2466 1062 2535 εἰς
1089 2467 1141 2550 τὴν
1161 2466 1346 2550 ’Ἀτλαντικὴν
1369 2467 1420 2530 διὰ
1441 2472 1492 2551 τῆς

176 2589 213 2627 τοο
231 2566 376 2651 Κελτικὴς
399 2568 511 2652 ὀρεινῆς
536 2567 662 2631 αἰτιᾶται
684 2569 890 2652 προωθοῦντας
913 2570 965 2652 μὲν
987 2568 1040 2637 τὰς
1060 2567 1064 2655 Ι
1087 2570 1211 2654 ἐφόδους
1232 2573 1281 2634 καί
1303 2569 1492 2655 πλημμυρίαν

231 2675 394 2749 ποιοῦντας,
415 2671 562 2755 ληγόντων
585 2673 618 2735 δὲ
641 2671 693 2741 τὰς
715 2673 885 2753 ἀμπώτιδας
906 2673 1064 2756 γίγνεσθαι.

397 2932 439 2994 89
475 2927 563 3012 Περὶ
586 2929 796 3014 ἀναβάσεως
817 2933 879 2992 τοῦ
903 2927 1043 2993 Νείλου.
1082 2937 1317 3003 [ΡΙαι.Ιν1ι-ι]

313 3083 429 3167 Θαλῆς
456 3086 523 3154 τοὺς
544 3085 676 3167 ἐτησίους
698 3085 821 3168 ἀνέμους
843 3083 968 3149 αἰτιᾶται
983 3084 1119 3153 πνέοντας
1134 3085 1173 3164 η’
1188 3082 1329 3167 Αίγῦπτιμ
1351 3107 1372 3147 ιι
1388 3085 1438 3147 καὶ
1453 3084 1492 3166 τῇ
1508 3104 1532 3143 ιι

228 3187 400 3269 παροιδήσει
427 3191 478 3249 τοῦ
500 3188 743 3272 ἀντιπαρήκοντος
765 3189 906 3271 πελάγους
926 3185 1150 3251 ἀντικόπτεσθαι
1165 3187 1214 3248 καλ
1235 3187 1421 3269 πληροῦσθαι
1443 3189 1493 3250 τὸν

227 3286 344 3352 Νεῖλον.
391 3286 602 3373 Εὐθυμένης
630 3292 646 3354 ό
680 3288 898 3374 Μασσαλιώτης
928 3291 962 3353 ἐκ
988 3294 1041 3352 τοῦ
1070 3291 1201 3352 ὠκεανοῦ
1228 3289 1277 3352 καὶ
1301 3293 1355 3372 τὴς
1382 3288 1493 3359 ἔξωθεν

226 3390 374 3473 θαλάττης
401 3394 582 3477 πλημμυρεῖν
612 3394 662 3456 τδν
691 3395 823 3476 ποταμόν
853 3391 954 3456 οἴεται.
994 3389 1228 3474 Ἀναξαγόρας
1251 3392 1285 3454 ἐκ
1312 3396 1364 3475 τῆς
1392 3393 1492 3477 χιόνος

224 3499 277 3576 τὴς
299 3494 329 3557 ἐν
353 3494 393 3574 τῇ
415 3491 557 3579 Αἰθιοπία
580 3497 742 3581 τηκομένης
765 3497 817 3578 μὲν
840 3501 883 3581 τῷ
906 3495 1003 3579 θέρει,
1035 3493 1203 3578 ψυχομένης
1229 3495 1263 3558 δὲ
1289 3495 1332 3579 τῷ
1354 3500 1491 3580 χειμῶνι.

224 3595 454 3679 Δημόκριτος
475 3597 574 3681 χιόνος
595 3604 649 3684 τῆς
669 3599 726 3684 (ἐν)
747 3604 807 3668 τοῖς
829 3600 1049 3683 προσαρκτικοῖς
1072 3597 1187 3681 μέρεσιν
1208 3598 1267 3660 ῦπδ
1289 3597 1408 3681 θερινὰς
1427 3621 1491 3682 τρο
1508 3618 1532 3656 ει

226 3698 282 3767 πάς
305 3698 502 3783 ἀναλυομένης
523 3702 598 3786 νέφη
628 3703 742 3766 ἐκτῶν
765 3704 866 3785 ἀτμῶν
888 3700 1072 3785 πληροῦσθαι
1094 3699 1142 3762 καὶ
1165 3700 1396 3782 συνελαυνόμενα
1418 3701 1492 3785 πρδς

225 3801 278 3884 τὴν
306 3801 488 3886 μεσημβρίαν
519 3804 566 3866 καί
597 3805 650 3888 τὴν
678 3803 824 3888 Αἴγυπτον
854 3805 912 3868 ὑπδ
942 3808 1001 3867 τῶν
1034 3801 1157 3886 ἐτησίων
1192 3803 1308 3884 ἀνέμων
1337 3803 1491 3868 ἀποτελεῖν

225 3903 378 3987 ῥαγδαίους
401 3902 536 3989 ὄμβρους,
565 3905 610 3991 ὑφ’
643 3907 684 3970 ών
714 3907 877 3992 ἐγείρεσθαι
897 3908 947 3970 τδν
980 3904 1096 3971 Νεῖλον.
1134 3901 1329 3988 Ἡρόδοτος
1351 3903 1414 3968 ίσον
1438 3906 1493 3988 μὲν

174 4162 189 4215 1
220 4161 306 4215 αι’κτών
328 4166 350 4216 Β
381 4163 394 4230 Η
425 4164 538 4232 σεισμοὺς
558 4165 680 4233 γιγονίναι
703 4165 830 4235 συμβαίνει
881 4165 965 4229 [Prol.
985 4181 1010 4229 ρ.
1024 4160 1070 4227 13]
1090 4160 1103 4230 ΙΙ
1125 4160 1290 4232 μασαλεώτης
1309 4165 1358 4215 AB
1378 4173 1407 4215 ut
1425 4167 1511 4216 solent
1527 4164 1541 4231 ΙΙ

173 4255 198 4303 A
218 4251 232 4319 ΙΙ
252 4254 298 4302 τοῦ
316 4254 409 4303 οω.Β
884 4251 916 4304 15
928 4246 1036 4319 γίνεσθαι
1049 4253 1138 4301 σω.Δ
1159 4248 1172 4318 ΙΙ
1193 4249 1218 4302 δλ
1236 4252 1322 4302 οω.Β
1338 4248 1353 4316 ΙΙ
1371 4251 1402 4305 16
1416 4247 1541 4318 Τιμόθεος

209 4339 225 4393 5
243 4339 276 4391 τό
288 4339 334 4408 μιλν
347 4337 449 4391 πλεῖστα
464 4338 527 4409 μίρη
540 4341 563 4392 Β
584 4338 597 4407 ΙΙ
618 4341 692 4409 μέρος
711 4358 761 4392 om.
775 4345 799 4393 A
814 4338 828 4411 Ιψ
880 4341 1022 4392 Plutarcho
1032 4339 1106 4388 audit
1114 4333 1219 4405 Τίμαιος
1230 4335 1242 4405 ΙΙ
1258 4339 1287 4390 17
1298 4335 1382 4407 όρινὴς
1391 4342 1417 4391 A
1428 4343 1462 4391 cf.
1471 4342 1541 4392 Prol.

174 4425 332 4495 6μιτίλαβε
355 4443 423 4478 man.
449 4443 500 4478 rec.
526 4432 552 4478 in
577 4445 658 4493 marg.
681 4446 747 4480 corr.
770 4431 793 4480 B
815 4408 838 4496 Μ’
881 4444 906 4492 μ.
920 4424 984 4479 θδθι
1004 4422 1134 4493 όντιρῆςΒ
1155 4421 1168 4489 Η
1188 4423 1368 4493 αίτιᾶταιροιι
1379 4422 1541 4494 Ἀτλαντικὴν

175 4514 312 4583 καιομίνην
337 4514 358 4565 Β
380 4510 394 4581 ΙΙ
419 4514 435 4564 ’ί
461 4510 550 4571 ὕδατος
573 4512 601 4565 οῦ
627 4514 677 4583 μὴν
699 4519 749 4568 AB
775 4514 788 4584 ΙΙ
812 4516 830 4571 8
881 4511 973 4576 (ν.16)
992 4515 1066 4578 ponit
1084 4513 1107 4562 B
1126 4509 1140 4578 ΙΙ
1163 4512 1195 4565 18
1213 4510 1378 4581 ληγοίισηςΒ

175 4601 404 4669 ῦποσυνισταμένου
422 4602 470 4652 ΔΒ
491 4597 506 4667 Η
527 4597 684 4669 περίθραυσιν
702 4605 750 4654 AB
919 4600 950 4652 19
968 4601 1014 4650 τοῦ
1026 4615 1078 4650 om.
1092 4600 1115 4651 B
1128 4596 1144 4666 ΙΙ
1163 4599 1198 4652 θί)
1210 4611 1271 4653 anto
1282 4601 1326 4652 καὶ
1340 4603 1396 4653 hist
1409 4606 1498 4653 oratio
1511 4604 1539 4655 d

212 4691 244 4743 10
265 4690 321 4757 περὶ
345 4687 500 4756 ἀμπωτίδων
523 4689 568 4740 καὶ
585 4686 753 4759 πλημμυριῶν
770 4692 793 4741 Β
814 4688 827 4757 Η
881 4690 949 4741 Plut.
965 4683 978 4754 ΙΙ
993 4686 1027 4739 22
1039 4683 1134 4746 ἔξωθεν
1146 4704 1197 4739 om.
1210 4690 1232 4740 Β
1244 4686 1258 4755 ΙΙ
1276 4686 1311 4742 25
1322 4688 1407 4759 χιόνος
1417 4694 1472 4748 τοῖς
1482 4687 1541 4758 πρός

175 4777 208 4830 12
227 4772 385 4845 φίρεσθαιΒ
410 4774 424 4844 Η
449 4773 494 4845 ὑφ’
517 4793 568 4827 om.
587 4779 625 4827 A:
645 4775 687 4846 λη’
708 4780 731 4829 Β
755 4774 769 4845 ΙΙ
797 4775 828 4829 12
881 4774 1008 4844 ἀρκτικοῖς
1026 4777 1062 4826 B:
1085 4773 1167 4843 χιόνος
1190 4777 1236 4843 τῆς
1259 4775 1320 4844 πρός
1341 4781 1395 4835 τοῖς
1413 4777 1540 4846 ἀρκτικοῖς

172 4863 296 4916 ίνιδιῖνΒ
317 4862 331 4932 ΙΙ
353 4864 386 4918 13
409 4862 518 4934 λήγοντα
536 4865 559 4917 Β
579 4861 596 4935 ΙΙ
615 4862 749 4934 ῦποβαῑνον
767 4867 793 4916 A
813 4861 827 4933 ΙΙ
880 4865 906 4914 A
926 4859 941 4930 Η
961 4862 994 4915 27
1013 4863 1057 4914 καὶ
1075 4865 1123 4933 τὴν
1135 4859 1261 4930 Αἴγυπτον
1280 4866 1367 4916 οω.Β
1386 4860 1402 4930 Η
1423 4861 1460 4916 28
1476 4861 1539 4931 ἀγοί

176 4952 208 5004 14
226 4947 365 5021 εῦθυμίνης
377 4953 408 5003 Β.
427 4954 566 5005 Plutarcho
586 4947 686 5011 Πυθίας
705 4954 736 5005 εί
756 4971 780 5003 ν.
794 4950 828 5003 22
881 4946 966 5020 ρισθαι
988 4953 1010 5003 Β
1029 4947 1044 5018 ΙΙ
1063 4948 1106 5001 τόν
1124 4947 1218 5018 όμβρον
1236 4953 1284 5002 AB
1303 4947 1319 5018 ΙΙ
1338 4951 1383 5003 καὶ
1402 4947 1456 5002 [συν
1474 4952 1498 5002 Β
