3442 5588
650 310 927 363 PROLEGOMENA

149 480 228 562 περί
248 502 280 541 τε
302 483 353 561 τῆς
375 476 502 545 τάξεως
524 482 582 541 τοῦ
606 477 738 559 κόσμου
907 478 965 542 ΧΥ
989 478 1030 542 38
1127 499 1166 543 en
1182 478 1339 542 Plutlll

149 582 198 644 καὶ
220 581 270 650 τίς
293 583 312 663 ή
334 579 428 642 αἰτία
449 583 509 642 τοῦ
532 578 636 643 αδτδν
658 581 864 665 ἐγκλιθῆναι
908 580 968 644 XV
990 580 1033 644 39
1130 600 1171 644 ex
1193 580 1230 644 P.
1246 580 1277 643 ll
1320 581 1341 643 8

148 683 227 765 περί
240 686 338 745 τετοῦ
360 683 458 751 ἐκτὸς
481 687 533 764 τῆς
553 685 612 745 τοῦ
635 682 767 764 κόσμου
790 705 864 766 περι·
908 681 968 746 ΧΥ
991 683 1034 745 40
1129 700 1169 746 ex
1192 681 1228 745 P.
1245 681 1278 745 Il
1321 682 1341 744 9

211 786 327 869 φερείας

148 889 196 951 καὶ
219 890 293 950 τίνα
315 888 354 949 τά
377 886 463 954 δεξιὰ
485 887 544 950 καὶ
566 888 606 950 τὰ
621 887 785 970 ἀριστερά
807 890 866 950 τοῦ
909 885 969 951 XV
990 887 1031 951 41
1131 905 1171 950 ex
1193 887 1230 951 P.
1245 886 1278 950 II
1303 887 1344 950 10

216 990 348 1070 κόσμου
371 988 456 1072 μέρη.

148 1093 226 1174 περί
247 1114 284 1154 τε
303 1091 452 1174 οὐρανοῦ
487 1126 493 1135 ·
904 1088 964 1154 XV
986 1090 1027 1154 42
1126 1109 1167 1155 ex
1189 1092 1226 1156 P.
1242 1090 1273 1155 ΙΙ
1300 1091 1338 1154 11

147 1195 196 1256 καὶ
216 1196 286 1278 πρὸς
301 1194 392 1256 ἅπασι
407 1192 517 1260 τούτοις
541 1191 619 1273 περί
639 1213 671 1252 τε
691 1190 865 1272 δαιμόνων
909 1191 969 1256 ΧΥ
991 1192 1033 1256 43
1131 1211 1172 1257 ex
1194 1192 1231 1257 P.
1259 1191 1276 1256 I
1319 1192 1339 1256 8

212 1297 269 1359 καλ
292 1296 414 1378 ήρῶων

145 1398 224 1480 περί
244 1420 276 1460 τε
298 1398 381 1479 ὕλης
905 1395 965 1460 ΧΥ
988 1397 1031 1461 44
1128 1417 1169 1463 ex
1190 1399 1227 1462 P.
1258 1398 1273 1461 Ι
1317 1399 1337 1460 9

145 1500 194 1561 καὶ
217 1498 292 1582 περὶ
315 1498 416 1560 ἰδεῶν
904 1496 965 1562 XV
987 1500 1029 1564 45
1127 1519 1168 1565 ex
1193 1499 1228 1563 P.
1259 1498 1275 1563 I
1299 1500 1340 1563 10

145 1603 224 1685 περὶ
246 1605 306 1684 τής
328 1605 379 1662 τοὺ
401 1600 507 1667 παντὸς
529 1598 654 1666 τάξεως
903 1597 963 1663 ΧΥ
987 1601 1030 1665 46
1127 1621 1168 1665 ex
1190 1600 1226 1665 P.
1242 1599 1274 1662 ΙΙ
1295 1599 1338 1664 15

145 1703 189 1767 ἔτι
208 1705 265 1786 μήν
288 1703 364 1786 περὶ
380 1705 439 1784 τής
462 1706 528 1763 τῶν
551 1699 683 1783 ἄστρων
707 1705 864 1784 φορᾶςτε
906 1701 967 1766 ΧΥ
989 1704 1030 1767 47
1128 1701 1338 1768 exP.1116

210 1807 265 1869 καὶ
287 1808 457 1888 κινήσεως

145 1911 192 1971 καὶ
216 1911 287 1993 πρὸς
308 1909 419 1977 τούτοις
441 1907 570 1970 ὁπόθεν
597 1906 806 1990 φωτίζονται
828 1907 859 1967 οἱ
903 1905 963 1970 ΧΥ
985 1906 1028 1971 46
1126 1927 1167 1973 ex
1190 1908 1226 1974 P.
1241 1907 1273 1972 II
1298 1907 1335 1971 17

213 2011 331 2093 ἀστέρες

144 2115 287 2196 καὶπερὶ
310 2118 377 2176 τῶν
400 2111 624 2193 καλουμένων
639 2110 860 2193 Διοσκούρων
903 2111 964 2176 ΧΥ
985 2112 1027 2176 49
1126 2131 1167 2177 ex
1189 2113 1226 2176 P.
1241 2112 1274 2175 ll
1298 2111 1338 2176 18

144 2218 220 2299 περί
242 2239 273 2278 τε
294 2215 483 2298 ἐκλείψεως
504 2213 604 2296 ήλίου
627 2214 674 2276 καὶ
698 2214 845 2296 σελήνης
906 2213 967 2278 ΧΥ
989 2214 1041 2279 50.
1058 2216 1098 2279 51
1123 2233 1164 2279 ex
1186 2213 1411 2278 P.11.⁶24.·29

143 2318 290 2400 καὶπερὶ
317 2317 500 2400 ἐμφάσεως
526 2315 632 2398 αὐτῆς
661 2314 717 2376 καὶ
745 2314 800 2376 διὰ
826 2313 858 2376 τί
900 2314 960 2380 ΧΥ
984 2316 1026 2381 52
1125 2334 1166 2380 ex
1188 2315 1272 2381 P.II
1295 2317 1337 2380 30

215 2420 347 2502 γεώδης
369 2418 530 2502 φαίνεται

142 2525 189 2585 καὶ
212 2522 290 2604 περὶ
312 2525 378 2584 τῶν
401 2522 661 2603 ἀποστημάτων
684 2519 793 2601 αὐτῆς
901 2520 961 2585 ΧΥ
984 2521 1026 2585 53
1124 2538 1165 2584 ex
1187 2519 1223 2584 P.
1239 2519 1271 2584 II
1295 2520 1333 2584 31

140 2626 189 2688 καί
211 2623 253 2687 έτι
277 2625 354 2707 περὶ
377 2625 547 2687 ἐνιαυτῶν
905 2621 966 2686 ΧΥ
987 2623 1030 2686 54
1127 2640 1168 2686 ex
1189 2622 1225 2687 P.
1241 2621 1273 2685 ΙΙ
1296 2622 1346 2686 32.

183 2729 214 2791 θ.
252 2731 343 2790 ταῦτα
365 2727 399 2789 δὲ
421 2726 513 2789 πάντα
534 2725 581 2788 διὰ
605 2724 714 2807 μυρίων
737 2729 796 2792 τοῖς
819 2724 882 2807 περὶ
906 2725 948 2787 ῶν
965 2727 980 2789 ὁ
996 2725 1080 2806 λόγος
1095 2724 1346 2806 κατεσκευασμένα
1362 2723 1462 2804 ἐπειδὴ

95 2833 195 2909 τεμὼν
208 2831 225 2891 δ
242 2828 468 2913 Πλούταρχος
483 2828 514 2891 ἐν
529 2827 634 2908 δλίγοις
650 2828 776 2889 συνειλεν
791 2827 838 2888 ἐπὶ
854 2827 957 2890 ταύτὸν
973 2830 1048 2909 ὁμοῦ
1064 2831 1230 2909 συναγαγὼν
1243 2828 1402 2911 ἀποφάσεις
1415 2826 1462 2889 καὶ

96 2933 148 2999 τὰς
171 2930 329 3012 διαφωνίας
350 2930 447 2994 αὐτῶν
469 2933 596 3013 ἡγοῦμαι
618 2929 666 2992 καὶ
690 2931 759 3010 ἡμῖν
781 2929 836 2991 οὐκ
862 2927 997 3014 ἄχρηστα
1023 2929 1195 3014 γενήσεσθαι
1219 2925 1315 3014 [αὐτὰ]
1342 2950 1462 3011 παρατε-

97 3035 187 3096 θέντα
210 3033 251 3102 εἰς
273 3034 326 3115 τήν
348 3031 465 3114 εὔλογον
487 3031 584 3096 αὐτῶν
607 3032 788 3115 παραίτησιν.
822 3030 883 3073 **
904 3031 924 3073 *
948 3079 956 3096 .
992 3034 1043 3098 10.
1077 3032 1239 3117 προσθήσω
1261 3032 1294 3094 δὲ
1316 3031 1382 3115 ἑξῆς
1403 3036 1463 3100 τοῖς

97 3135 261 3217 εἰρημένας
284 3135 339 3197 ὅσοι
361 3134 409 3196 καὶ
431 3135 496 3217 περὶ
517 3139 576 3196 τῶν
598 3133 824 3217 προσγειοτέρων
846 3133 1036 3219 ίπηπὸρησαν

98 3237 174 3319 περὶ
189 3241 251 3319 γῆς
269 3236 343 3315 (καὶ)
360 3237 539 3319 σχήματος
554 3238 602 3301 καὶ
617 3236 693 3321 περὶ
717 3236 849 3307 θέσεως
871 3238 932 3303 ΧΥ
943 3238 995 3303 55.
1011 3239 1063 3303 56.
1078 3238 1130 3302 57.
1145 3236 1188 3301 58
1203 3255 1244 3301 ex
1259 3235 1295 3299 P.
1307 3235 1356 3300 III
1371 3237 1402 3300 0.
1423 3237 1464 3300 10

185 3339 233 3402 καὶ
256 3338 446 3420 ἐγκλίσεως
468 3338 575 3423 αὐτῆς
1204 3339 1253 3404 11.
1266 3334 1336 3422 (12)
1352 3339 1392 3403 13

96 3442 146 3502 καί
169 3439 213 3503 ἔτι
234 3441 313 3523 περὶ
336 3440 516 3524 θαλάσσης
873 3442 988 3508 ΧΥ58
1177 3461 1218 3507 ex
1240 3439 1326 3505 Plut.
1341 3439 1390 3505 III
1413 3441 1462 3507 16.

97 3548 139 3612 ῶς
161 3543 198 3606 ἂν
219 3542 325 3625 εἰδείης
349 3543 392 3605 ὅτι
415 3543 456 3626 μή
479 3542 543 3626 περὶ
566 3543 662 3624 μόνων
684 3549 742 3607 τῶν
762 3548 916 3630 μετεώρων
931 3545 980 3609 καὶ
996 3546 1158 3629 μεταρσίων
1174 3545 1201 3607 οί
1216 3546 1338 3627 γενναῖοι
1354 3543 1463 3626 διέστη-

97 3667 162 3711 σαν.
184 3644 243 3708 ἀλλ’
273 3647 316 3709 ὅτι
339 3646 388 3708 καλ
410 3645 441 3708 ἐν
456 3650 515 3714 τοῖς
530 3645 682 3728 περιγείοις
697 3647 960 3732 διαπεφωνήκασιν.
994 3650 1041 3712 ίνα
1060 3648 1093 3711 δὲ
1107 3653 1165 3711 τῶν
1182 3652 1281 3731 σοφῶν
1297 3643 1338 3709 ἔτι
1354 3649 1464 3728 μᾶλλον

96 3750 150 3832 τήν
174 3748 279 3833 σοφίαν
302 3748 530 3832 ἀποθαυμάσης,
552 3748 715 3833 προσθήσω
737 3751 785 3813 καὶ
802 3752 857 3814 δσα
878 3753 960 3835 περὶ
982 3757 1098 3837 ψυχῆς
1120 3747 1192 3836 [ΧΥ
1206 3748 1249 3811 59
1271 3767 1312 3812 ex
1327 3749 1364 3813 P.
1375 3748 1420 3813 IV
1431 3745 1463 3834 4]

96 3853 146 3914 καὶ
173 3855 233 3914 τοδ
260 3851 295 3914 έν
323 3851 411 3932 αὐτῇ
439 3854 649 3934 ἡγεμονικοῦ
672 3847 743 3936 [ΧΥ
760 3853 803 3916 60
824 3870 865 3916 ex
886 3853 923 3918 P.
938 3853 982 3919 IV
1005 3850 1037 3939 5]
1060 3854 1275 3937 διεμαχήσαντο
1298 3851 1367 3915 οὐδὲ
1389 3855 1464 3936 σφᾶς

98 3954 206 4022 αὐτοὺς
229 3953 384 4034 ἐπιγνῶναι
406 3955 469 4023 οίας
491 3953 547 4017 είεν
570 3955 685 4038 φύσεως
709 3954 905 4038 δεδυνημένου

184 4053 280 4133 Quod
301 4054 343 4120 de
365 4054 429 4120 fide
450 4054 581 4120 Eusebii
605 4075 704 4139 supro
723 4056 845 4122 dictum
866 4064 926 4140 est,
948 4057 1066 4141 insigni
1089 4057 1228 4142 quodam
1252 4055 1401 4139 exemplo
1424 4074 1465 4120 ex

97 4159 204 4224 indice
225 4157 429 4240 comprobari
445 4163 562 4241 potest.
597 4157 630 4222 in
645 4157 808 4224 codicibus
830 4160 891 4225 XV
905 4162 948 4226 58
967 4169 1064 4245 caput
1078 4160 1164 4245 quod
1180 4167 1230 4226 est
1245 4159 1308 4242 περὶ
1325 4161 1465 4242 κινήσεως

96 4267 150 4344 γης
164 4260 354 4344 inscriptum
375 4267 426 4326 est
439 4262 504 4344 περὶ
520 4261 675 4342 ἐγκλίσεως
689 4265 751 4345 γῆς.
784 4260 849 4326 iam
865 4282 937 4328 cum
953 4263 987 4327 in
1002 4263 1176 4328 Plutarcho
1192 4284 1218 4328 c.
1232 4262 1296 4345 περὶ
1311 4262 1465 4343 ἐγκλίσεως

98 4362 251 4427 omissum
274 4362 355 4428 illud
377 4362 419 4428 ab
443 4362 585 4428 Eusebio
608 4363 798 4447 praecedat,
826 4363 906 4429 nihil
929 4365 1072 4448 profecto
1095 4365 1269 4449 proclivius
1296 4371 1345 4429 est
1368 4383 1464 4447 quam

98 4465 312 4550 posteriorum
334 4465 512 4530 scribarum
536 4465 742 4531 oscitantiam
765 4468 914 4533 incusare
929 4468 1016 4550 quod
1033 4468 1126 4533 titulo
1145 4467 1260 4550 prioris
1276 4473 1405 4532 servato
1421 4467 1464 4530 ad

99 4567 379 4633 transcribendum
396 4569 534 4634 alterum
551 4574 649 4652 capnt
665 4570 922 4652 properaverint.
950 4590 1034 4653 quae
1049 4570 1233 4636 coniectura
1247 4568 1341 4634 fallit.
1367 4569 1464 4634 immo

99 4670 168 4752 ipse
183 4669 345 4736 Eusebius
364 4672 531 4755 exemplar
553 4670 668 4736 habuit
684 4691 833 4736 mancum
849 4691 887 4737 uc
902 4679 995 4738 tanta
1008 4671 1068 4738 fuit
1083 4670 1305 4738 Caesariensis
1320 4670 1463 4755 episcopi

102 4771 168 4836 sive
188 4773 304 4854 religio
327 4773 399 4839 sive
421 4772 588 4858 securitas,
610 4780 646 4839 ut
664 4793 804 4839 errorem
828 4774 1033 4840 manifestum
1055 4793 1161 4858 neque
1182 4773 1216 4838 iu
1230 4772 1337 4838 indice
1359 4792 1465 4857 neque

102 4874 134 4939 in
154 4874 319 4960 excerptis
340 4875 526 4958 corrigeret
570 4874 765 4942 tralaticium
791 4876 881 4943 illurn
903 4877 937 4943 in
958 4876 1099 4960 antiquis
1121 4873 1286 4942 Plutarchi
1308 4876 1465 4961 exemplis
