3464 5586
190 288 251 354 122
296 294 336 342 IX
362 294 412 342 DE
432 293 688 344 THEOPHRASTI
707 295 915 346 OPINIONUM
934 296 1034 346 APUD
1054 295 1268 347 CICERONEM
1286 295 1468 347 VESTIGIIS

189 459 311 543 optima
332 459 396 526 fide
418 461 547 545 prolata
560 462 642 528 mira
659 460 850 529 credulitate
863 468 1045 546 propagata
1060 469 1120 546 est,
1141 462 1246 529 donec
1267 470 1341 547 post
1362 463 1547 548 fragmenta

187 581 292 643 pauca
306 582 327 628 1
343 561 383 628 G.
399 563 631 631 Drummondio
649 566 735 631 1810
749 565 881 646 vulgata
897 564 1044 647 integrae
1066 571 1224 649 quotquot
1243 571 1375 632 11111111
1389 565 1547 650 reliquiae

188 664 275 745 [coll.
297 666 352 730 alt.
376 666 471 732 Herc.
494 669 570 733 roll.
594 669 626 733 ΙΙ
653 665 878 751 1111111863]
905 665 1013 732 editae
1040 675 1123 733 sunt.
1169 668 1233 735 iam
1263 667 1358 733 simul
1385 668 1546 736 alitteris

187 786 288 849 prope
311 768 458 834 evanidis
481 772 653 856 Φιλοδήμου
676 771 740 855 περὶ
763 759 911 854 sinebatur
932 768 1047 835 enituit
1069 770 1121 853 [cf.
1138 771 1255 836 Nanok
1276 772 1348 837 mel.
1365 791 1449 855 grec.
1466 791 1546 837 rom.

187 869 219 932 ll
234 871 415 936 ose-626.
438 872 622 956 ott-638]
646 892 741 956 quem
764 870 891 936 titulum
912 872 983 956 ipse
1005 879 1150 939 extremo
1173 873 1301 957 priore¹
1324 871 1405 938 libro
1428 871 1548 956 signid-

189 978 321 1037 caverat
343 992 373 1054 p.
390 973 441 1057 89,
458 975 500 1039 20
515 974 630 1059 Gomp.
665 977 714 1039 τὸν
736 974 801 1057 περὶ
823 977 876 1057 τῆς
890 972 1037 1059 εὐσεβείας
1052 976 1146 1059 λόγον.
1179 976 1305 1041 interea
1326 995 1398 1041 cum
1414 974 1473 1041 Ch.
1488 975 1548 1041 Pe-

187 1074 348 1139 tersenius
377 1075 463 1140 edito
486 1075 668 1160 fragmento
697 1074 974 1142 Drummondiano
1001 1084 1067 1143 tum
1090 1079 1129 1145 Α.
1152 1076 1329 1143 Krischeus
1351 1077 1432 1143 libro
1455 1096 1547 1160 saga

187 1175 294 1241 citatis
309 1183 342 1242 et
357 1177 525 1245 doctrinae
539 1180 727 1263 plenissimo
743 1176 939 1260 [forschung.
955 1179 1015 1244 auf
1026 1179 1100 1247 dem
1111 1180 1238 1264 gehiete
1253 1180 1312 1246 der
1326 1181 1414 1246 alten
1429 1179 1546 1264 philos

188 1277 296 1344 Goett.
322 1280 418 1362 1840]
440 1280 652 1348 Philodemea
677 1280 859 1346 accuratius
884 1281 1125 1354 examinarunt.
1151 1303 1232 1367 quos
1259 1288 1374 1366 postea
1399 1281 1546 1365 pleniore

187 1382 296 1448 libello
319 1382 444 1448 adscito
466 1383 503 1448 B.
527 1383 746 1466 Lengnickius
769 1389 888 1448 eventu
910 1390 1019 1449 tamen
1040 1383 1129 1450 haud
1150 1385 1246 1469 parili
1268 1390 1397 1450 secutus
1417 1390 1468 1449 est
1489 1383 1546 1466 [ad

188 1485 411 1550 emendandos
433 1485 708 1569 explicandosque
731 1485 896 1550 Ciceronis
917 1484 1017 1550 libros
1039 1486 1080 1552 do
1102 1495 1220 1552 natura
1241 1487 1374 1553 deorum
1401 1485 1479 1568 qnid
1505 1505 1546 1552 11

187 1587 367 1653 Philodami
391 1588 565 1673 scriptione
588 1591 651 1674 cept
674 1589 821 1674 εὐσεβείας
841 1587 1001 1653 redundet
1022 1588 1095 1654 Hal.
1114 1590 1220 1673 18711
1244 1588 1319 1654 hinc
1332 1594 1458 1654 tantum
1474 1607 1546 1654 con-

186 1696 250 1754 stat
276 1690 444 1773 opiniones
459 1691 726 1775 philosophorum
743 1690 832 1773 ipsas
848 1689 1037 1756 Ciceronem
1053 1712 1119 1758 non
1133 1692 1314 1777 collegisse,
1336 1691 1395 1758 sed
1409 1691 1547 1756 collecta

187 1793 368 1876 repperisse
395 1793 428 1857 in
451 1794 610 1878 Epicureo
637 1792 776 1876 quodam
800 1793 896 1878 libro,
926 1814 1021 1876 quem
1049 1792 1292 1860 Philodemeum
1319 1814 1392 1860 esse
1414 1800 1547 1877 propter

186 1895 299 1961 miram
325 1895 565 1963 similitudinem
592 1896 766 1960 innuerunt
791 1914 896 1978 paene
919 1916 1041 1962 omnes.
1085 1896 1157 1980 quis
1178 1897 1264 1963 enim
1286 1894 1488 1961 Antisthenis
1510 1902 1546 1960 ut

186 1997 247 2063 hoc
270 2006 342 2063 utar
364 1999 417 2064 vel
438 1997 622 2064 Aristotelis
644 1998 698 2064 vel
721 1997 853 2064 Persaei
881 1997 1055 2083 Chrysippi
1077 1998 1234 2081 Diogenis
1261 1997 1429 2082 opiniones
1455 1998 1547 2063 iuxta

185 2100 309 2183 positas
332 2101 554 2185 perlustrabit,
581 2100 658 2182 quin
684 2100 718 2165 in
744 2099 1014 2183 simplicissimam
1038 2100 1128 2166 illam
1157 2101 1374 2167 coniecturam
1401 2100 1546 2166 incidat?

184 2209 294 2268 tamen
317 2201 469 2286 quiddam
492 2204 568 2270 inde
590 2203 732 2269 nascitur
754 2202 979 2286 dubitationis,
1007 2203 1094 2286 quod
1116 2224 1229 2287 parum
1251 2203 1392 2270 sensisse
1417 2203 1546 2268 videtur

185 2304 405 2387 Lengnickius
426 2325 486 2371 nec
508 2305 549 2370 ab
571 2304 712 2371 Hirzelio
738 2304 943 2370 observatum
966 2303 1072 2388 video,
1099 2305 1153 2388 qui
1174 2306 1266 2389 quasi
1289 2326 1324 2372 re
1346 2306 1430 2372 hene
1451 2311 1545 2389 gesta

184 2405 256 2471 aliis
278 2407 350 2473 libri
373 2407 519 2490 partibus
540 2408 700 2492 potiorem
722 2426 832 2473 curam
853 2406 1010 2473 adhibere
1031 2407 1153 2473 maluit.

270 2509 334 2573 Diu
362 2517 412 2574 est
434 2531 505 2574 cum
529 2531 641 2575 omnes
664 2511 835 2576 Tullianae
863 2509 956 2574 istius
981 2508 1210 2592 disputationis
1240 2518 1371 2595 stupent
1397 2517 1430 2575 et
1456 2509 1546 2591 igno

186 2611 325 2677 rentiam
348 2619 381 2677 et
402 2611 615 2695 iniquitatem.
659 2612 692 2677 111
715 2612 908 2677 Graeculum
930 2610 1105 2677 transferre
1127 2612 1282 2678 invidiam
1304 2634 1442 2697 pronum
1463 2619 1545 2696 1111,

185 2713 239 2795 qui
268 2714 377 2779 nescio
404 2734 468 2797 quo
494 2722 590 2797 pacto
619 2714 653 2778 in
675 2720 893 2797 contemptum
917 2713 1082 2779 hominum
1113 2714 1280 2780 doctorum
1307 2714 1427 2801 incidit
1472 2712 1547 2798 Epi·

185 2837 300 2881 cureus
323 2817 429 2900 homo,
453 2817 611 2901 inquiunt,
634 2824 749 2900 suapte
764 2815 935 2899 disciplina
951 2823 1142 2882 occaecatus
1157 2817 1265 2883 aliena
1279 2837 1340 2883 nec
1354 2815 1545 2897 intellegere

185 2926 272 2984 recte
287 2939 348 2985 nec
364 2919 508 3001 proferre
523 2919 707 3004 incorrupte
724 2925 862 3003 poterat.
889 2918 963 2983 hinc
978 2917 1092 2984 Cicero
1107 2919 1259 2985 videlieet
1273 2919 1369 2985 homo
1385 2918 1546 2983 humanus

185 3022 242 3088 sed
267 3021 362 3086 nimis
384 3020 543 3087 festinans
566 3030 600 3087 ut
615 3030 724 3089 cetera
739 3021 785 3087 sic
799 3021 894 3086 istam
910 3020 1126 3087 conviciorum
1140 3041 1180 3087 ac
1194 3040 1352 3104 nugamm
1371 3019 1544 3086 colluviem

183 3124 320 3190 fideliter
343 3123 531 3190 transvexit.
555 3124 632 3188 audi
656 3123 891 3207 Lengnickium
914 3145 945 3207 p.
964 3125 1016 3189 16:
1041 3126 1229 3202 Ciceronem,
1244 3124 1300 3207 ait,
1323 3124 1444 3187 indicia
1465 3142 1545 3186 con-

182 3229 409 3308 solutionesque
431 3226 541 3307 quibas
562 3229 754 3307 ninprrtornm
780 3228 1032 3307 philosophorum
1059 3228 1244 3309 disciplinae
1268 3229 1451 3308 perstrinxit
1482 3246 1545 3291 oon

182 3352 239 3394 sno
264 3351 304 3393 en
328 3332 449 3410 inpenio
470 3331 647 3410 pretatione,
669 3331 726 3393 scd
748 3333 811 3393 iam
834 3333 866 3392 in
882 3331 1052 3393 Philodami
1078 3332 1157 3394 libro
1179 3333 1349 3394 indicatam
1370 3332 1547 3411 repperiare

183 3456 262 3517 quas
285 3436 412 3516 quinque
434 3432 484 3495 det
507 3451 603 3494 cruat
618 3432 661 3494 ad
675 3434 968 3513 reprehendendam.
1003 3431 1085 3498 haec
1106 3431 1171 3499 ille.
1205 3433 1270 3498 iam
1291 3432 1366 3497 vide
1388 3437 1543 3514 quantum

181 3536 251 3620 ipse
280 3557 309 3619 p.
325 3537 367 3600 42
396 3534 562 3600 detrahat:
597 3536 763 3600 acerbiora
790 3536 925 3598 exordia
948 3554 1028 3616 qnae
1055 3536 1142 3617 apud
1164 3536 1340 3600 0111111111
1366 3535 1543 3615 disciplinis

183 3641 384 3719 complurium
409 3638 661 3719 pbilosophorum
691 3640 737 3701 ita
763 3648 834 3701 erent
859 3641 1034 3719 praemissa
1064 3648 1098 3703 nt
1127 3641 1230 3702 rtatim
1260 3638 1300 3701 ab
1329 3639 1418 3700 initio
1446 3638 1544 3700 anirni

183 3744 316 3804 aliorum
338 3741 552 3803 abalienantur
574 3762 635 3805 non
656 3743 755 3823 fnisse
771 3741 940 3803 Ptttoaent
962 3761 1049 3822 quern
1070 3744 1171 3805 oirnrn
1191 3743 1304 3804 1111111
1326 3741 1493 3822 elepantem
1515 3750 1544 3803 et

181 3846 345 3907 humanum
372 3854 463 3924 otqnc
491 3844 530 3906 ah
557 3846 614 3908 doc
641 3845 751 3907 acerbe
785 3845 957 3908 cavillandi
981 3846 1086 3907 studio
1113 3847 1247 3908 alienam
1272 3843 1380 3923 [11111.
1425 3842 1472 3906 ita
1493 3847 1544 3908 111

183 3947 338 4032 profecto.
374 3945 583 4012 Philodemus
605 3952 730 4011 tantum
747 3945 901 4011 abhorret
915 3945 957 4011 ab
972 3945 1034 4011 isto
1049 3945 1251 4013 conviciandi
1266 3944 1385 4027 furore,
1408 3950 1443 4008 ut
1457 3943 1543 4010 iusto

183 4051 281 4116 etiam
304 4048 460 4114 leniorem
483 4070 518 4114 se
539 4055 632 4131 gerat
654 4057 767 4114 contra
786 4048 968 4114 Stoicorum
990 4047 1225 4114 cavillationes.
1259 4047 1290 4112 hi
1314 4047 1348 4112 in
1370 4045 1545 4131 Epicurum

182 4153 325 4219 1111111111
346 4173 377 4234 p.
395 4152 446 4235 79,
466 4153 507 4217 28
530 4155 734 4237 παιδαριωδῶς
757 4151 894 4234 λέγεσθαι
916 4153 964 4215 καὶ
986 4152 1148 4235 γράφεσθαι
1176 4152 1224 4230 καὶ
1251 4151 1428 4214 πλάττεσθαι
1457 4149 1545 4220 θεοὺς

182 4255 408 4339 ἀνθρωποειδεῖς
431 4252 469 4319 11.
494 4276 524 4338 p.
541 4256 593 4341 82,
617 4257 668 4321 25.
712 4254 921 4320 Philodemus
943 4252 1023 4317 nihil
1046 4260 1159 4318 contra
1181 4253 1261 4318 dixit
1283 4253 1345 4317 nisi
1367 4250 1454 4334 quod
1476 4271 1544 4336 my·

183 4356 359 4441 thologiam
383 4356 567 4425 duriuscule
591 4357 657 4423 suis
680 4356 859 4422 rationibus
880 4354 1173 4422 accommodarent.
1207 4354 1241 4419 in
1264 4354 1380 4421 ceteris
1401 4353 1470 4419 fere
1493 4373 1545 4419 co

182 4464 285 4531 hibuit
314 4458 465 4528 iudicium
495 4480 601 4543 neque
630 4459 803 4543 quidquam
836 4459 1028 4544 Epicureum
1059 4458 1200 4523 colorem
1232 4458 1338 4541 prodit
1364 4455 1427 4521 nisi
1456 4453 1544 4538 quod

254 4735 259 4765 ¹
281 4748 382 4789 exstare
401 4739 485 4788 adhuc
505 4742 530 4788 in
549 4753 647 4803 papyro
667 4738 813 4802 partitionis
832 4745 940 4787 externa
958 4738 1032 4800 sigua
1045 4751 1144 4785 mecum
1163 4751 1208 4799 per
1226 4736 1323 4784 litteras
1343 4735 1545 4784 communicavit

181 4824 358 4889 Comperzius.
388 4827 447 4875 hinc
476 4825 656 4891 corrigendum
676 4826 745 4888 qnod
771 4833 883 4874 ceterum
911 4831 980 4874 recte
1008 4830 1098 4873 contra
1126 4821 1312 4884 Lengniclrium
1341 4822 1456 4886 disputat
1483 4821 1543 4869 Hir·

179 4913 258 4962 111111
277 4930 301 4979 p.
320 4911 362 4964 20.
