3442 5588
254 336 316 399 15:33
482 340 677 389 HIPPOLYTI
696 338 1062 389 PHILOSOPHUMENON
1080 336 1189 388 θυι-ιο
1206 336 1223 389 3
1237 348 1295 385 ι-ο
1312 339 1387 390 λιν

304 503 374 575 ἔθος
395 508 428 570 δὲ
454 512 539 571 τοῦτο
566 507 603 592 ἦν
630 506 698 592 παρ’
736 507 833 593 αὐτῷ,
867 507 984 572 ἐπειδὰν
1015 507 1122 592 προσίη
1149 531 1190 577 τις
1217 507 1489 592 μαθητευσόμενος,
1525 528 1571 567 πι·

307 611 445 692 πράσκειν
486 609 522 673 τά
566 610 735 695 ὑπάρχοντα
774 611 821 674 καὶ
865 612 899 674 τό
935 611 1068 695 ἀργύριον
1112 611 1296 675 κατατιθέναι
1340 607 1571 696 έσφραγισμένον

305 712 383 796 παρὰ
405 717 448 797 τῷ
473 711 645 797 Πυθαγόρη·
669 712 718 775 καί
741 712 866 796 ὑπέμενε
888 717 1007 777 σιωπῶν
1031 713 1080 777 ότὲ
1106 712 1158 795 μὲν
1182 710 1233 797 ἔτη
1260 713 1325 798 τρία
1351 713 1401 778 ότὲ
1426 713 1460 775 δὲ
1485 710 1573 774 πέντε

310 814 357 876 καὶ
402 814 569 897 μανθάνων.
623 812 709 885 αὖθις
752 816 785 879 δὲ
817 816 914 886 λυθεὶς
948 816 1082 899 ἐμίσγετο
1114 820 1174 885 τοῖς
1203 816 1313 901 ἑτέροις
1344 815 1393 879 καὶ
1425 813 1574 900 παρέμενε

307 916 444 1001 μαθητὴς
474 917 522 980 καὶ
544 920 721 980 συνειστιᾶτο
749 917 826 1000 ἅμα,
854 918 880 980 εί
903 916 928 981 δ>
956 916 1001 994 οῦ,
1024 920 1211 1004 ἀπελάμβανε
1231 919 1265 982 τδ
1288 916 1359 983 ῖδιον
1382 919 1431 982 καὶ
1446 917 1604 1002 ἀπεβάλν

257 1028 288 1080 17
302 1021 379 1083 λετο.
530 1021 557 1084 οί
586 1021 639 1102 μὲν
666 1018 717 1084 οῦν
748 1020 913 1105 ἐσωτερικοί
939 1021 1095 1085 ἐκαλοῦντο
1125 1021 1336 1106 Πυθαγόρειοι,
1365 1023 1392 1085 οί
1422 1021 1455 1084 δέ
1477 1020 1572 1103 ἕτεροι

306 1122 531 1206 Πυθαγορισταί.
561 1126 619 1185 τῶν
631 1123 665 1186 δὲ
676 1124 818 1206 μαθητῶν
835 1122 924 1186 αὐτοῦ
940 1125 967 1186 οί
983 1124 1169 1208 διαφυγόντες
1189 1125 1239 1188 τόν
1262 1125 1435 1209 ἐμπρησμὸν
1458 1123 1572 1192 Λῦσις

305 1226 341 1311 ἦν
363 1226 412 1290 καὶ
428 1222 624 1311 Ἄρχιππος
646 1226 694 1289 καὶ
718 1229 734 1290 ό
756 1229 809 1289 τοῦ
831 1225 1005 1310 Πυθαγόρου
1028 1225 1142 1309 οἰκέτης
1163 1224 1355 1309 Ζάμολξις,
1378 1228 1411 1298 θς
1433 1227 1482 1291 καί
1504 1225 1574 1294 τοῦς

306 1329 385 1413 παρὰ
408 1326 530 1398 Κελτοῖς
544 1327 695 1412 Δρυΐδας
710 1328 822 1411 λέγεται
838 1326 947 1396 διδάξαι
969 1331 1137 1414 φιλοσοφεῖν
1159 1329 1212 1412 τὴν
1235 1329 1433 1414 Πυθαγόρειον
1454 1332 1573 1414 φιλοσο

260 1439 292 1492 18
306 1430 385 1514 φίαν.
514 1431 581 1500 τοῦς
597 1431 630 1493 δὲ
644 1430 787 1514 ἀριθμοὺς
801 1431 850 1494 καὶ
864 1429 901 1493 τὰ
916 1431 1007 1515 μέτρα
1022 1431 1101 1516 παρὰ
1115 1429 1320 1514 Αἰγυπτίων
1336 1433 1408 1519 φασί
1428 1434 1479 1497 τδν
1499 1429 1570 1495 Πυ-
1589 1448 1613 1486 ¹⁰

309 1534 466 1619 θαγόραν
489 1534 604 1615 μαθεῖν,
626 1533 658 1602 ὃς
680 1533 872 1617 καταπλαγείς
893 1538 931 1616 τῇ
956 1538 1015 1596 τῶν
1027 1532 1297 1620 ίερέωνάξιοπίστιρ
1312 1536 1360 1599 καὶ
1375 1535 1573 1621 φαντασιῶδει

307 1636 356 1700 καί
385 1639 537 1722 δυσχερῶς
563 1635 790 1720 έῖαγορευομένη
821 1635 911 1721 σοφίη
942 1638 1141 1719 μιμησάμενος
1173 1638 1283 1720 ὁμοίως
1304 1638 1352 1701 καὶ
1375 1637 1463 1707 αῦτδς
1489 1639 1573 1720 σιγᾶν

309 1740 501 1825 προσέταττεν
524 1740 572 1803 καί
595 1740 625 1802 έν
647 1739 763 1808 ἀδύτοις
785 1737 945 1821 καταγείοις
967 1739 1085 1823 ἠρεμεῖν
1106 1739 1198 1803 έποίιι
1221 1740 1414 1823 μανθάνοντα.

393 1841 414 1907 3
448 1839 690 1926 Ἐμπεδοκλῆς
705 1843 738 1906 δέ
753 1843 826 1925 μετὰ
840 1842 958 1911 τούτους
970 1841 1124 1925 γενόμενος
1137 1842 1186 1906 καὶ
1208 1843 1274 1928 περὶ
1296 1842 1441 1925 δαιμόνων
1456 1842 1576 1928 φύσεως

310 1943 373 2007 είπε
406 1945 515 2021 πολλά,
548 1948 590 2014 ῶς
621 1946 845 2031 ἀναστρέφονται
881 1946 1052 2014 διοικοῦντες
1087 1943 1124 2006 τὰ
1160 1943 1235 2009 κατὰ
1278 1947 1331 2030 τὴν
1374 1949 1447 2029 γῆν,
1490 1943 1572 2013 ὄντες
1589 1963 1614 2001 1⁵

311 2049 450 2110 πλεῖστοι.
483 2047 567 2118 οῦτος
587 2048 640 2131 τὴν
659 2053 711 2112 τοῦ
730 2050 837 2118 παντὸς
863 2048 959 2133 ἀρχὴν
981 2051 1074 2117 νεῖκος
1100 2048 1150 2111 καὶ
1179 2049 1275 2133 φιλίαν
1302 2046 1359 2134 ἔφη
1385 2049 1434 2111 καί
1460 2048 1495 2111 τδ
1520 2051 1576 2130 τῆς

313 2150 436 2232 μονάδος
467 2150 565 2235 νοερόν
599 2154 657 2235 πῦρ
691 2152 741 2215 τὸν
776 2151 845 2215 θεδν
883 2151 931 2214 καὶ
961 2152 1128 2215 συνεστάναι
1155 2151 1188 2215 ἐκ
1216 2153 1306 2236 πυρὸς
1334 2151 1371 2216 τὰ
1400 2151 1494 2214 πάντα
1523 2149 1574 2213 καί

310 2252 352 2322 είς
373 2258 430 2337 πῦρ
453 2251 708 2337 ἀναλοθήσεσθαι·
742 2252 768 2340 ᾧ
801 2254 907 2340 σχεδόν
929 2254 978 2317 καὶ
1001 2254 1028 2316 οί
1054 2252 1208 2317 Στωικοί
1235 2254 1412 2318 συντίθενται
1441 2253 1574 2336 δόγματι,

278 2355 474 2440 θέκπύρωσιν
490 2357 716 2440 προσδοκῶντες.
824 2359 949 2440 μαλιστα
970 2357 1004 2420 δὲ
1018 2355 1132 2418 πάντων
1155 2355 1393 2440 συγκατατίθεται
1415 2361 1454 2439 τῇ
1477 2377 1575 2440 μετεν·

315 2461 489 2542 σωματῶσει
511 2458 604 2528 οὕτως
625 2459 729 2522 εἰπών·
1591 2475 1617 2514 ’.υ

456 2560 520 2645 ἤτοι
543 2562 596 2644 μὲν
618 2561 672 2644 γὰρ
694 2560 753 2643 ἐγὼ
775 2562 899 2646 γενόμην
922 2561 1028 2647 κοῦρός
1048 2583 1080 2624 τε
1102 2560 1175 2645 κόρη
1197 2583 1229 2624 τε

457 2663 568 2745 θαμνός
588 2661 614 2726 τ’
641 2662 744 2733 οἰωνός
765 2666 867 2729 τεκαὶ
889 2665 919 2736 ἐξ
942 2665 1013 2734 ἁλός
1034 2661 1161 2746 ἔμπορος
1184 2663 1281 2748 ίχθύς.

277 2772 294 2825 3
359 2763 442 2834 οῦτος
464 2767 560 2836 πάσας
581 2766 623 2835 είς
643 2767 738 2830 πάντα
757 2766 794 2829 τὰ
816 2771 881 2852 ζῷα
908 2767 1109 2851 μεταλλάττειν
1131 2764 1195 2828 είπε
1220 2766 1272 2835 τὰς
1297 2768 1403 2852 ψυχάς.
1447 2767 1495 2830 καὶ
1522 2763 1579 2850 γὰρ

316 2870 332 2931 ό
354 2868 464 2931 τούτων
486 2869 658 2938 διδάσκαλος
674 2868 885 2953 Πυθαγόρας
906 2867 964 2955 ἔφη
986 2868 1089 2932 έαυτδν
1112 2864 1268 2952 Εὔφορβον
1289 2868 1434 2951 γεγονέναι
1456 2868 1507 2931 τδν
1529 2867 1578 2930 ἐπὶ

308 2967 394 3033 Ἴλιον
428 2972 639 3055 στρατεύσαντα
679 2972 799 3055 φάσκων
832 2972 1028 3055 ἐπιγινώσκων
1060 2971 1112 3055 τὴν
1146 2971 1264 3034 ἀσπίδα.
1311 2974 1403 3033 ταῦτα
1437 2971 1490 3052 μὲν
1523 2967 1577 3033 ούν
1595 2989 1620 3026 νυ

318 3074 334 3135 ό
353 3069 607 3157 Ἐμπεδοκλῆς.

384 3174 413 3262 4
434 3174 661 3260 Ἡράκλειτος
672 3178 705 3241 δὲ
716 3178 836 3264 φυσικὸς
847 3177 1007 3261 φιλόσοφος
1018 3174 1173 3260 όἘφέσιος
1183 3175 1220 3239 τὰ
1231 3175 1325 3239 πάντα
1336 3173 1449 3240 ἔκλαιεν
1461 3175 1580 3259 ἄγνοιαν

318 3281 370 3339 τοῦ
393 3279 499 3347 παντὸς
522 3279 585 3363 βίου
606 3282 830 3362 καταγινώσκων
852 3279 901 3341 καὶ
924 3279 1039 3343 πάντων
1061 3279 1237 3362 ἀνθρώπων,
1266 3277 1356 3343 ἐλεῶν
1383 3280 1416 3343 δέ
1441 3279 1492 3342 τόν
1519 3282 1579 3343 τῶν

320 3380 436 3464 θνητῶν
459 3380 529 3465 βίον.
567 3382 654 3445 αὑτὸν
678 3384 807 3468 μὲνγὰρ
831 3380 942 3468 ἔφασκε
962 3382 999 3444 τὰ
1031 3382 1124 3444 πάντα
1157 3379 1277 3458 εἰδέναι,
1309 3380 1378 3451 τοῦς
1409 3381 1443 3444 δὲ
1472 3380 1581 3450 ἀλλους

286 3489 302 3542 2
322 3483 497 3566 ἀνθρώπους
519 3483 614 3547 οὐδέν.
754 3486 802 3548 καὶ
824 3485 912 3554 αὐτὸς
934 3484 966 3547 δὲ
988 3484 1094 3569 σχεδδν
1117 3483 1260 3567 σύμφωνα
1282 3487 1325 3567 τῷ
1344 3480 1583 3566 Ἐμπεδοκλεῖ
1597 3502 1622 3540 ³⁰

262 3632 293 3639 -ι-
302 3631 320 3637 -.
334 3629 461 3637 ----.-.-—

264 3705 585 3782 1προσιίηΒιπροσηὶιιΟι
594 3710 923 3780 οοπεκίροειῦτυίεειιιοΙΙ
976 3712 1080 3782 δόγματι
1094 3730 1145 3764 om.
1159 3713 1235 3764 Cedr.
1251 3708 1264 3780 Η
1277 3709 1308 3764 θ]
1325 3730 1348 3763 ν.
1359 3710 1498 3766 380-381
1513 3712 1635 3772 Karsten,

268 3795 521 3869 μαθητιυθησόμενος
534 3801 564 3851 Β.
584 3805 667 3852 activo
679 3805 759 3853 utitur
768 3802 874 3867 Hippoi.
884 3802 925 3851 lx
976 3799 1116 3854 384-385
1126 3801 1199 3853 θεοῖο
1214 3794 1228 3867 ΙΙ
1240 3800 1316 3850 Cedr.
1330 3810 1389 3866 post
1405 3802 1587 3865 interpolatum
1600 3815 1633 3849 ex

269 3888 301 3939 17
325 3905 351 3953 ρ.
366 3885 427 3949 470,
442 3886 485 3939 75.
516 3885 551 3940 23
569 3906 595 3954 p.
611 3887 673 3952 478,
687 3890 735 3953 66,
761 3890 807 3938 sed
828 3887 925 3951 1x25‚
977 3888 1059 3940 Suida
1073 3888 1140 3949 (αν.
1162 3881 1343 3956 Ἐμπεδοκλῆς)
1362 3903 1464 3938 versum
1482 3882 1635 3954 ρενςῖιῆτοι

266 3993 291 4041 ρ.
304 3972 367 4036 482,
380 3973 410 4024 11
438 3977 490 4030 τοῖς
512 3977 639 4044 προσιοῦσι
662 3971 847 4045 μαθητιύτσθαι
872 3972 885 4044 ΙΙ
908 3975 925 4029 3
976 3973 1022 4044 μὲν
1033 3979 1122 4043 πρῶτα
1135 3976 1225 4042 κοῦρος
1238 3971 1466 4041 ίγινόμηνκόρητι
1478 3968 1636 4040 καὶθὴρκαῖ

269 4057 405 4129 Πυθαγόρᾳ
424 4060 459 4110 B:
484 4055 618 4130 Πυθαγόρη
637 4059 687 4130 CH
701 4060 815 4132 ὑπέμεινε
834 4067 925 4130 vulgo:
975 4059 1071 4130 θάμνος
1095 4061 1139 4113 καῖ
1163 4058 1189 4120 ἐξ
1212 4057 1270 4116 ἁλὸς
1299 4057 1406 4125 ῖμπνυος
1429 4053 1502 4127 ίχθὺτ
1530 4057 1587 4120 [καὶ
1609 4055 1635 4107 έν

266 4152 369 4201 correxi
389 4144 402 4213 ΙΙ
422 4148 495 4199 πάντι
512 4165 559 4214 pro
578 4148 651 4201 πέντε
678 4150 700 4200 Β
722 4147 772 4216 Η4
794 4149 926 4220 μανθένιιν
975 4146 1099 4218 Ὀλυμπίᾳ
1118 4147 1176 4216 βοῦς
1188 4150 1238 4199 hoc
1255 4165 1288 4199 ex
1305 4146 1398 4210 Suida]
1419 4142 1432 4212 ΙΙ
1452 4143 1606 4213 ίγινόμηνΒ
1620 4138 1635 4210 ΙΙ

266 4245 326 4289 ante
339 4236 465 4288 Wolfium
478 4231 492 4302 ΙΙ
507 4231 581 4287 λυθὲν
593 4235 705 4303 ίμίσγττο
717 4236 755 4306 τῷ
767 4243 820 4290 τῶν
833 4239 925 4309 ίτίρων
976 4235 1010 4288 22
1024 4233 1158 4295 έξαλλδςΒ
1173 4232 1186 4304 Η
1201 4234 1235 4287 23
1249 4231 1408 4303 μεταλάτττιν
1426 4233 1449 4283 Β
1469 4228 1483 4301 ΙΙ
1503 4228 1636 4283 urm

265 4327 298 4377 Τ.
316 4325 385 4375 nolis
403 4321 508 4392 ἑταίροις
527 4320 542 4390 ΙΙ
561 4322 583 4374 τί
600 4319 624 4373 δ’
639 4320 682 4374 οῦν
701 4325 793 4378 Omine
812 4323 827 4394 ΙΙ
847 4327 864 4380 5
882 4343 924 4379 ου·
977 4321 1014 4374 ῶν
1025 4325 1129 4390 Βοορεν
1141 4333 1168 4374 ιιι
1180 4325 1211 4375 οῖ.
1223 4325 1295 4376 Ptol.
1309 4340 1334 4388 p.
1346 4319 1396 4374 145
1410 4315 1424 4389 ΙΙ
1438 4314 1633 4389 ῖφορβονΒΤΙΙ

265 4414 377 4463 νιστιᾶτο
400 4411 423 4461 Β
443 4406 456 4477 ΙΙ
477 4407 615 4477 ἀπεβάλετο
633 4413 664 4463 Τ.
683 4413 714 4462 of.
732 4415 773 4464 IX
786 4412 821 4465 24
839 4433 864 4480 ρ.
873 4414 925 4468 480
976 4409 1019 4463 τὸν
1043 4411 1098 4479 περὶ
1126 4411 1229 4478 Βοεροτ
1258 4406 1272 4478 ΙΙ
1302 4407 1336 4462 25
1359 4405 1402 4459 οῦν
1429 4407 1519 4459 addidi
1542 4423 1575 4458 ex
1598 4407 1634 4457 Τι

265 4501 337 4552 (λοιι.
352 4495 367 4564 ll
383 4497 401 4550 8
418 4496 523 4565 ζάμετος
540 4494 589 4566 Bu
604 4496 628 4549 οῖ
644 4498 688 4550 καὶ
706 4501 729 4550 L
748 4498 762 4567 Ιί
784 4498 818 4553 13
837 4487 925 4570 προσί·
977 4504 1027 4550 oin.
1051 4499 1072 4549 C
1092 4495 1105 4566 ΙΙ
1119 4497 1153 4550 ‘27
1165 4497 1220 4566 περὶ
1230 4492 1393 4566 Ἡρακλείτου
1405 4493 1606 4561 ιυροτεοτῖυῖτΒ
1620 4488 1635 4558 ΙΙ

263 4587 397 4638 ταττινΒι
408 4583 557 4654 προσέταξεν
568 4587 590 4637 C
601 4583 615 4654 ΙΙ
626 4582 804 4654 ίνάδυνάτοςΙΙ
816 4589 925 4639 Τκατα-
977 4584 1011 4640 θθ
1030 4583 1107 4638 ίλιῶν
1128 4583 1160 4654 δὴ
1178 4587 1289 4651 Βοοροι.
1312 4587 1342 4636 cf.
1366 4585 1438 4637 Ptol.
1456 4601 1481 4649 ρ.
1495 4581 1547 4636 256
1567 4576 1582 4649 ΙΙ
1601 4578 1635 4633 29

264 4671 338 4741 γιίοις
347 4673 591 4740 Βοεροτικατάγων
598 4675 656 4725 libri
668 4670 680 4741 ss
692 4672 791 4742 ίρημιῖν
800 4673 924 4744 ΒοεμενΙΙ
977 4669 1052 4724 αύτὸν
1071 4674 1106 4724 C:
1128 4670 1172 4724 τόν
1189 4673 1226 4723 T:
1246 4689 1312 4724 corr.
1330 4673 1434 4738 Βοερετ
1452 4671 1483 4722 τί.
1501 4670 1591 4722 Procl.
1609 4671 1636 4720 iu

265 4757 435 4830 μανθάνοντας
460 4761 642 4824 Gottingenses
665 4758 678 4828 Η
705 4762 737 4813 14
760 4760 814 4830 περὶ
834 4756 925 4829 Ἑμπε·
977 4762 1045 4813 Plat.
1072 4762 1139 4811 Tim.
1164 4778 1190 4826 p.
1204 4759 1255 4814 106
1283 4754 1444 4828 Ἡράκλειτος
1474 4755 1521 4825 μέν
1549 4752 1638 4808 ίαυτδκ

265 4847 383 4906 δοκλέους
395 4845 662 4915 οιιροιιοτῖδῖιΒΙΙΙ6
672 4845 832 4905 οὗτος-θῶ
842 4847 925 4918 ψυχάς
976 4846 1057 4898 πάντα
1089 4843 1179 4897 εἰδέναι
1208 4842 1290 4913 λέγων
1323 4847 1417 4904 πάντας
1451 4844 1510 4902 τοῦς
1547 4841 1638 4901 ἀλλους

265 4940 369 4990 liberius
387 4954 444 4990 ωισ.
458 4938 534 4988 Oedr.
546 4932 562 5003 ΙΙ
578 4932 645 5005 1Βῷ
664 4937 753 4988 Oedr.:
773 4933 809 4993 ὡς
828 4939 885 4989 libri
906 4934 920 5005 ΙΙ
976 4932 1173 5001 ἀνεπιστήμονας
1191 4941 1256 4988 ποιοῖ
