3464 5586
252 297 317 361 260
401 298 468 348 XIX
495 297 544 346 DE
564 296 733 347 HERMIAE
754 295 957 346 cumulatum
977 294 1287 346 PHILOSOPHORUM
1307 295 1491 348 lRlilSlONE

252 464 322 531 sine
344 463 448 529 ferula
469 463 575 546 tetigit
598 463 783 546 Simplicius
804 461 823 546 ¹,
850 461 936 528 unde
957 460 1020 529 hoc
1042 469 1130 530 certe
1156 462 1262 528 discas
1284 463 1470 544 dogmatum
1492 461 1611 527 discor-

252 567 339 633 diam
363 588 428 632 non
451 572 544 633 sexto
568 565 675 633 minus
695 585 792 647 quam
808 565 911 632 altero
927 566 1057 632 saeculo
1077 572 1188 650 aptam
1205 564 1393 650 praebuisse
1412 564 1610 630 christianae

253 668 452 736 cavillationi
475 667 656 734 materiam.
690 687 766 732 nam
786 667 873 750 quod
894 668 1000 752 pergit
1016 666 1091 734 Otto
1108 689 1174 752 pn
1197 679 1288 749 atque
1308 669 1466 743 llomnius,
1488 669 1517 729 si
1535 688 1610 730 soe-

252 776 321 839 calo
345 775 451 855 quinto
474 782 527 833 out
550 773 641 832 etiam
659 773 760 833 serius
776 772 956 835 Irrisioncm
969 773 1144 852 scripsisset
1159 780 1241 832 certe
1254 772 1336 833 hanc
1351 771 1610 850 opportunitatem

251 879 327 939 istos
348 874 547 956 philisophos
570 874 709 954 quamuis
731 883 803 935 tuaac
824 876 857 936 in
880 875 1002 955 ungulis
1025 876 1184 937 latitarent
1206 893 1369 954 eorumque
1390 871 1530 957 φλυαρίας
1553 893 1608 933 ec-

252 980 395 1060 cqr’tuadi
416 998 478 1040 oon
501 977 676 1049 dimisisset,
698 973 790 1038 nihili
814 982 873 1041 est.
918 995 994 1041 nam
1016 976 1071 1058 qui
1093 958 1196 1040 novas
1218 973 1382 1039 doctrinas
1406 972 1610 1038 traducturus

252 1088 331 1165 erat,
353 1080 384 1146 ei
400 1079 500 1144 multa
515 1076 663 1142 doctrina
678 1077 863 1160 superanda
878 1096 991 1161 parum
1006 1076 1048 1143 ab
1063 1075 1221 1142 audituris
1235 1074 1341 1140 laudis
1357 1074 1609 1158 exspectandum

252 1189 331 1249 erat.
365 1188 479 1247 contra
501 1180 527 1245 si
551 1178 687 1263 pristina
709 1198 793 1261 quae
815 1199 856 1244 ex
878 1179 1080 1246 institutione
1102 1178 1216 1262 cuique
1238 1183 1317 1241 nota
1336 1184 1430 1242 erant
1444 1176 1609 1242 irridendo

251 1283 420 1368 repetebat
442 1290 474 1349 et
496 1282 659 1347 delectare
682 1287 811 1365 poterat
833 1303 910 1349 suos
932 1284 1090 1367 simulque
1111 1278 1318 1347 adversarios
1338 1278 1522 1344 Aristotelis
1538 1278 1611 1342 Pla-

251 1386 337 1453 tonis
367 1385 506 1466 denique
533 1383 687 1466 antiquae
715 1383 882 1451 doctrinae
907 1386 1101 1470 interpretes
1128 1401 1327 1468 oppugnare.
1372 1388 1534 1465 postremo
1558 1380 1611 1445 de-

250 1487 387 1554 fendunt
413 1486 466 1551 isti
496 1485 547 1568 [of.
572 1483 647 1551 Otto
670 1508 700 1570 p.
718 1488 831 1569 xnvrn]
853 1487 1005 1555 Hermiae
1033 1486 1221 1571 opusculum
1244 1486 1363 1566 vigente
1384 1484 1486 1547 adbuc
1506 1485 1610 1565 penti-

252 1593 339 1654 tismo
360 1592 508 1670 scriptam
530 1609 596 1652 esse
618 1609 657 1652 cc
678 1591 706 1652 si
733 1592 766 1653 ia
787 1590 901 1653 sobolis
927 1594 1019 1655 ctiam
1045 1601 1118 1654 tanc
1144 1596 1309 1671 regnarent
1336 1589 1446 1650 cariem
1471 1589 1609 1668 philoso-

250 1695 409 1775 phantium
430 1703 541 1755 sectus.
574 1710 685 1774 verum
703 1697 753 1756 est
768 1692 938 1758 Platonem
953 1693 1159 1760 Aristotelem
1176 1691 1369 1757 Cleanthem
1387 1688 1609 1774 Pythagoram

251 1794 424 1879 Epicurum
454 1792 593 1858 derideri
622 1794 714 1876 quasi
741 1794 870 1860 illorum
896 1795 1028 1863 scholae
1059 1795 1157 1863 etiam
1185 1800 1253 1859 tum
1281 1799 1416 1878 pateant
1450 1791 1610 1874 liceatque

250 1895 381 1961 intrare.
425 1894 511 1960 unde
534 1895 561 1959 si
582 1895 652 1961 istis
674 1895 793 1979 credis,
817 1915 890 1962 eam
918 1896 1100 1980 adgnoscas
1129 1903 1285 1980 aetatem,
1316 1914 1380 1977 qua
1410 1915 1475 1958 non
1504 1894 1609 1957 solum

251 1995 410 2063 Platonici
434 1996 640 2081 Peripatetici
662 1997 859 2081 Pythagorei
881 1999 940 2064 sed
962 1999 1060 2067 etiam
1083 1998 1182 2066 Stoici
1205 2004 1238 2064 et
1253 1997 1404 2082 Epicurei
1426 1995 1610 2078 frequentia

251 2099 481 2183 discipulorum
495 2097 671 2183 floruerint,
694 2098 725 2165 h.
742 2120 770 2165 e.
786 2120 851 2165 non
866 2105 940 2185 post
954 2102 1091 2167 alterum
1106 2100 1277 2168 tertiumve
1293 2121 1324 2184 p.
1341 2098 1416 2164 Chr.
1432 2099 1609 2163 saeculum.

251 2208 285 2268 at
307 2202 423 2269 eodem
446 2200 580 2267 artificio
604 2209 638 2266 tu
661 2201 781 2270 efficies
800 2208 867 2268 tum
883 2201 1028 2270 Thaletis
1047 2202 1280 2269 Anaximandri
1304 2220 1537 2282 caseorumque
1560 2221 1610 2265 ce·

250 2310 392 2370 tororum
414 2303 679 2389 philosophorum
702 2306 845 2371 asseclas
871 2304 980 2371 fuisse.
1017 2306 1231 2389 nequeenim
1254 2305 1354 2370 ullum
1376 2303 1528 2369 Hermiae
1550 2311 1607 2369 aut

251 2405 373 2471 ordinis
394 2412 450 2470 aut
470 2406 607 2471 rationis
627 2414 676 2473 est
698 2407 740 2473 ab
755 2407 819 2472 illis
834 2406 1015 2474 discrimen.
1049 2408 1107 2475 sed
1123 2409 1164 2476 de
1179 2409 1306 2474 ratione
1323 2428 1397 2471 mox
1412 2405 1607 2470 ridebimus.

140 2505 144 2511 “
249 2508 313 2573 hoc
335 2514 463 2572 constat
484 2508 537 2591 qui
560 2509 700 2593 priorem
716 2509 878 2574 Irrisionis
894 2509 1049 2593 originem
1066 2519 1238 2578 suaserunt
1253 2515 1444 2592 argumenta
1459 2509 1610 2574 attulisse

250 2608 500 2692 haudquaquam
522 2609 623 2677 firma.

337 2709 431 2790 Quod
458 2712 560 2796 probe
587 2712 816 2780 intellexerunt
843 2734 915 2780 cum
942 2714 999 2779 alii
1026 2721 1093 2780 tum
1122 2714 1161 2780 G.
1190 2715 1226 2782 F.
1252 2714 1429 2780 Menuelius
1457 2713 1609 2780 Hermiae

251 2814 356 2880 editor
379 2814 494 2898 [Lugd.
511 2815 582 2881 Bat.
600 2816 695 2898 1840]
719 2815 772 2898 qui
793 2815 837 2881 ad
859 2818 1022 2883 saeculum
1044 2818 1189 2901 quintum
1211 2823 1245 2883 et
1267 2817 1351 2881 ultra
1373 2815 1443 2881 eius
1465 2821 1608 2880 aetatem

251 2917 435 3000 ponendam
456 2917 590 2982 censuit.
633 2917 845 3000 nequeenim
872 2919 1006 2986 frivolos
1032 2920 1116 2986 risus
1143 2926 1176 2986 et
1202 2917 1338 2984 facetias
1366 2936 1437 2982 earn
1466 2924 1609 2983 aetatem

250 3017 366 3084 decere
389 3017 444 3103 ait,
467 3039 531 3100 qua
553 3018 849 3103 potentissimorum
864 3018 1005 3086 hostium
1020 3022 1154 3107 impetui
1177 3026 1264 3087 esset
1284 3019 1526 3103 occurrendum,
1550 3019 1608 3084 sed

250 3137 315 3202 qua
341 3125 436 3202 parta
463 3126 496 3185 et
521 3121 690 3205 explorata
718 3121 854 3188 victoria
880 3124 984 3189 securi
1010 3125 1202 3206 gauderent.
1246 3142 1351 3205 neque
1374 3121 1511 3203 gentiles
1535 3121 1609 3186 edo-

250 3219 372 3285 cendos
398 3220 560 3288 advocare
587 3223 674 3306 quod
701 3223 824 3307 priores
852 3233 1102 3308 consueverant,
1133 3225 1193 3290 sed
1218 3224 1307 3308 ipsos
1329 3223 1521 3288 christianos
1543 3244 1607 3287 uon

250 3319 488 3388 confirmandos
510 3324 568 3390 sed
590 3324 680 3390 inani
701 3326 774 3391 lusu
797 3326 1017 3393 oblectandos.
1047 3326 1196 3393 Menaelii
1219 3326 1414 3411 opinionem,
1438 3346 1534 3409 quam
1559 3346 1610 3390 re-

250 3423 418 3491 hementer
439 3425 551 3509 probo,
573 3427 671 3509 paulo
694 3427 876 3493 accuratius
899 3429 1062 3512 explicare
1077 3428 1178 3494 iuvat.
1213 3449 1318 3512 neque
1334 3429 1419 3494 eninr
1435 3427 1608 3510 quidquam

250 3524 371 3607 obstat,
401 3528 478 3610 quin
505 3529 603 3594 etiam
632 3529 732 3613 priori
754 3530 854 3595 aetati
877 3531 982 3595 lusum
1003 3531 1173 3614 iocumque
1195 3531 1408 3598 attribuamus
1431 3529 1537 3615 (testis
1559 3536 1609 3593 est

250 3627 429 3713 Tatianus),
452 3635 487 3694 at
509 3629 563 3712 qui
586 3650 717 3697 scurrae
739 3651 912 3716 personam
927 3630 1031 3697 induit
1046 3633 1183 3714 gentiles
1198 3634 1381 3717 edocturus,
1405 3651 1484 3697 suae
1500 3639 1608 3697 tamen

250 3729 410 3812 opinionis
432 3732 624 3813 gravitatem
648 3734 871 3817 aliquomodo
893 3732 1036 3817 aperiret
1057 3754 1192 3802 necesse
1214 3741 1294 3800 erat.
1339 3735 1429 3799 velut
1451 3733 1608 3798 'Patianus

249 3831 449 3914 scriptorque
464 3833 696 3901 cohortationis
712 3836 754 3901 ad
769 3837 906 3919 gentiles
928 3837 1075 3919 quamvis
1094 3837 1230 3905 ridicula
1245 3844 1419 3920 sectentur,
1442 3843 1552 3901 tamen
1566 3855 1608 3900 ne

249 3940 400 4016 punctum
423 3933 552 4017 quidem
574 3939 728 4023 temporis
750 3938 879 4006 dubites
894 3938 972 4022 quin
986 3938 1123 4005 ridendo
1139 3940 1246 4006 dicere
1263 3959 1375 4005 verum
1391 3938 1609 4004 adversarios·

249 4054 311 4116 que
333 4034 394 4100 sibi
417 4036 501 4102 serio
523 4040 697 4107 conciliare
713 4040 949 4126 proposuerint.
984 4040 1071 4123 quod
1086 4049 1198 4107 contra
1213 4048 1264 4108 est
1279 4041 1313 4107 in
1328 4040 1491 4105 Irrisione.
1522 4040 1609 4104 unde

249 4158 320 4203 cum
342 4138 486 4222 ineptum
509 4141 660 4209 Hermiae
682 4141 906 4228 prooemium¹
927 4161 1041 4226 parum
1062 4142 1253 4211 satisfacere
1274 4143 1456 4227 videretur,
1479 4142 1610 4207 fuerunt

322 4347 329 4377 ¹
349 4350 399 4399 illis
418 4352 595 4413 patrocinatur
612 4352 739 4401 scholium
757 4352 790 4401 ad
809 4353 877 4402 hune
895 4350 1021 4416 Simplicii
1040 4353 1123 4401 locum
1147 4354 1174 4402 in
1193 4354 1251 4404 cod.
1270 4354 1295 4402 D
1314 4363 1443 4404 serratum
1467 4348 1496 4401 ob
1520 4347 1608 4400 audur-

249 4437 340 4505 ροῦμεν
359 4434 394 4492 ὡς
412 4432 604 4502 ἀνθρωπίοοιντα
622 4435 734 4505 λέγοντες
754 4436 797 4489 τὸν
822 4435 881 4488 θεοῦ
905 4435 977 4506 λόγον
995 4432 1048 4487 ἀλλ’
1070 4436 1095 4487 ἐν
1113 4441 1145 4506 τῇ
1165 4436 1244 4508 οἰκείᾳ
1263 4435 1412 4507 μεγαλότητι
1431 4438 1475 4488 aul
1494 4443 1608 4506 cepturi,

249 4520 414 4589 φυλάττοντος
431 4525 618 4591 προσκυνοῦμεν
636 4521 672 4580 ὡς
690 4522 806 4576 σώσαντα
824 4523 891 4591 ἡμᾶς
909 4522 944 4574 δι’
964 4522 1060 4593 ἄφατον
1079 4519 1231 4594 ἀγαθότητο.

319 4608 330 4641 ²
346 4612 425 4661 falsus
444 4619 482 4659 est
496 4611 629 4661 Worthius
643 4628 700 4662 cum
712 4628 744 4663 ex
757 4614 884 4677 prooemii
903 4612 987 4663 verbis
1007 4609 1029 4663 ὦ
1049 4611 1172 4680 ἀγαπητοί
1191 4615 1382 4662 orationem
1402 4609 1435 4663 a'd
1455 4614 1608 4663 christianos

248 4700 360 4748 habitam
379 4714 434 4748 esse
454 4699 586 4748 conclusit.
605 4699 731 4748 infelicius
743 4699 805 4749 Otto
825 4701 963 4764 gentiles
983 4702 1055 4763 quasi
1075 4699 1170 4747 blanda
1190 4701 1343 4762 captatione
1363 4703 1531 4764 compelleres
1550 4702 1607 4765 opi·

248 4793 323 4836 uatus
346 4795 392 4835 est.
420 4787 464 4835 sed
488 4786 564 4836 Pauli
588 4786 667 4836 verba
688 4789 865 4851 propositurus
889 4788 922 4838 ab
945 4789 1012 4838 illius
1036 4786 1146 4836 formula
1165 4783 1250 4848 [Rom.
1278 4781 1307 4833 12
1327 4793 1350 4831 te
1367 4786 1394 4834 ll
1413 4787 1530 4837 Corinth.
1550 4786 1565 4837 t
1586 4787 1609 4851 t]

248 4873 406 4922 sollemniter
426 4873 540 4922 libellum
559 4875 714 4938 auspicatur.
