3442 5588
676 335 953 388 ruonneomeua
1430 334 1491 397 165

128 523 264 589 possim
289 503 407 570 iterum
434 503 600 571 Schusteri
629 503 818 571 incredibile
844 503 996 569 iudicium
1025 503 1153 569 silentio
1180 503 1366 587 praeterire.
1416 523 1491 569 nam

129 625 216 690 quae
239 625 301 691 ego
323 605 503 674 certissima
526 605 741 691 Theophrasti
764 605 902 690 vestigia
924 605 1071 691 probavi,
1092 624 1134 671 ea
1155 605 1285 670 Laertio
1308 606 1489 691 adscripsit

128 727 227 792 quem
244 709 321 776 ride
336 728 401 792 quo
416 709 548 775 nimium
564 709 730 776 Heraclito
746 708 972 793 patrocinandi
992 707 1131 774 studium
1147 706 1318 774 deduxerit
1341 707 1383 795 [p.
1397 709 1488 775 120¹.

129 807 219 899 1211:
252 832 325 876 narr
345 813 438 889 aicit,
468 812 586 897 inquit,
616 817 649 877 in
679 815 780 877 dieser
808 811 894 875 coast
922 813 993 875 sehr
1019 809 1207 874 aoetsiicheo
1229 808 1265 895 (l)
1288 813 1489 892 compilation

127 915 189 978 dea
210 914 397 979 cautium
416 914 495 995 pcist
516 917 570 979 des
592 917 754 998 Diopeaec.
792 915 838 977 Er
859 914 989 977 bemmbt
1011 934 1043 977 ea
1066 914 1114 976 uls
1136 912 1305 995 uuffoellip,
1327 916 1402 978 dosa
1423 917 1488 978 siclt

125 1018 268 1082 Heraclii
287 1017 382 1081 aeder
403 1018 470 1081 dier
491 1020 556 1081 cod
577 1023 637 1086 dos
658 1022 741 1085 nicht
762 1019 867 1082 ociter
890 1016 1084 1098 oorcprecbe,
1107 1015 1182 1078 acer
1205 1016 1425 1097 dissociatae
1446 1019 1488 1080 im

122 1140 247 1201 σσοισνι
268 1121 325 1185 der
345 1121 456 1202 reddit
476 1123 678 1205 bepnrcodete
698 1123 830 1187 rcrrocbe
852 1120 1113 1199 sortmbaofitbrea
1133 1119 1223 1199 suelli
1244 1119 1305 1180 ibor
1319 1120 1402 1182 oicbt
1418 1118 1487 1186 cin!

122 1222 308 1306 gratularer
335 1223 497 1290 mehercle
523 1225 577 1291 isti
607 1223 812 1292 homuncioni
838 1241 912 1288 eam
937 1219 1058 1302 ingenii
1086 1224 1281 1304 egestatem,
1312 1240 1378 1304 qua
1407 1219 1486 1286 talia

123 1325 305 1410 specimina
326 1323 472 1411 proferre
494 1334 611 1413 suapte
633 1333 749 1412 sponte
770 1323 937 1410 potuisset

211 1428 304 1495 Alter
324 1427 423 1511 igitur
444 1429 535 1495 locus
555 1430 722 1496 aLaertio
745 1427 824 1495 satis
846 1425 997 1509 religioso
1018 1424 1231 1509 transcriptus
1253 1432 1303 1490 est
1325 1445 1366 1492 ex
1382 1426 1486 1493 Theo·

122 1529 279 1614 phrasteu
301 1531 503 1618 compendio,
526 1534 622 1616 quale
641 1531 837 1617 Hippolytus
860 1535 893 1595 et
908 1526 1243 1594 Pseudo-Plutarchus
1264 1528 1295 1592 in
1313 1527 1485 1596 Strumatis

121 1638 314 1698 mactarunt
360 1633 490 1700 brevior
521 1641 713 1720 conspectus
741 1653 781 1699 ex
809 1632 947 1697 vitarum
969 1631 1078 1714 aliquo
1102 1630 1257 1714 scriptore
1280 1631 1484 1698 continuatus

119 1733 264 1819 videtur,
293 1735 347 1819 qui
375 1735 504 1821 etipse
530 1737 790 1822 Theophrastum
816 1732 955 1799 sortasse
980 1733 1088 1817 attigit
1121 1733 1180 1800 sed
1205 1732 1428 1816 neglegentius
1451 1741 1484 1801 ot

120 1837 241 1904 alienis
262 1837 426 1904 immixtis.
460 1837 547 1905 idem
570 1838 736 1904 conficitur
758 1857 798 1904 en
821 1835 1006 1920 Leucippi
1028 1835 1199 1919 dogmatis.
1233 1835 1352 1919 duplex
1367 1836 1483 1903 iterum

120 1942 279 2008 memoria
299 1941 347 2006 IX
364 1942 408 2007 30
429 1946 462 2006 et
483 1942 621 2008 31-38.
668 1960 764 2025 quam
793 1938 931 2004 divisam
957 1938 990 2002 in
1018 1944 1193 2022 conspectu
1219 1937 1340 2002 contuli
1361 1959 1392 2022 p.
1410 1941 1482 2005 142.

119 2041 199 2109 inde
220 2042 355 2110 alterius
381 2043 525 2129 sylloges
553 2043 644 2127 origo
667 2041 914 2127 Theophrastea
939 2047 1086 2124 apparet.
1131 2040 1327 2125 Hippolytus
1353 2039 1481 2123 quidem

120 2143 303 2211 conomius
324 2151 478 2230 excerpta
499 2150 628 2211 secutus
651 2152 702 2212 est
722 2165 828 2227 neque
850 2142 1047 2210 Placitorum
1070 2143 1239 2228 opiniones
1259 2163 1326 2208 non
1349 2162 1482 2209 consen·

118 2246 215 2312 tiunt.
258 2246 357 2330 quid?
389 2247 625 2314 luculentiome
647 2253 755 2333 potest
777 2232 975 2312 confirmatio
998 2245 1075 2330 fingi
1098 2265 1194 2329 quam
1221 2245 1307 2329 quod
1328 2246 1480 2313 iudicium

117 2348 200 2415 illud
221 2350 297 2413 sarci
317 2372 385 2413 τινα.
402 2350 529 2435 ἀνάγκην
551 2352 588 2436 ἢν
611 2352 698 2416 ὁποία
719 2351 796 2415 ἐστὶν
818 2347 853 2413 οὐ
875 2350 1013 2433 διασαφεῖ
1037 2350 1134 2414 etium
1156 2348 1244 2433 apud
1266 2347 1479 2435 Hippolytum

117 2457 268 2517 servatur
292 2452 332 2517 12
351 2459 367 2512 9
389 2453 432 2523 τίς
454 2452 479 2517 δ’
507 2453 542 2518 ἂν
565 2453 611 2538 εἴη
633 2455 652 2539 ή
676 2454 787 2537 ἀνάγκη
809 2451 843 2515 ob
866 2451 1038 2535 didpuoeri¹
1066 2450 1123 2516 sed
1146 2471 1188 2517 ue
1211 2450 1392 2534 generalior
1413 2452 1480 2535 qui·

117 2551 194 2620 dem
216 2553 308 2621 locus
322 2554 455 2622 aliunde
473 2554 575 2640 lluxit,
597 2561 710 2640 utpme
732 2552 786 2637 qui
801 2551 864 2618 nisi
879 2552 1038 2618 brevitate
1052 2551 1095 2617 ab
1110 2554 1214 2619 altero
1228 2552 1283 2619 vix
1299 2550 1477 2619 dissentiat

115 2655 164 2720 ita
194 2655 244 2741 tit,
273 2677 345 2722 cum
368 2658 565 2744 Hippolytus
587 2657 683 2724 solito
714 2655 818 2740 magis
839 2654 1041 2721 festinaverit
1068 2663 1102 2721 ut
1128 2655 1210 2722 baec
1232 2657 1347 2739 ecloga
1367 2654 1415 2720 illi
1437 2656 1479 2720 sit

114 2756 290 2824 simillima.
323 2759 436 2826 dubito
462 2759 684 2826 tantummodo
706 2758 748 2824 de
774 2756 895 2822 ultimis
917 2757 1031 2841 πρῶτός
1050 2757 1074 2821 τ’
1096 2759 1222 2842 ἀτόμους
1240 2759 1334 2845 ἀρχὰς
1354 2760 1475 2844 ὑπεστή·

113 2881 198 2925 σατο.
231 2880 308 2926 nam
335 2868 467 2946 praeter
493 2862 638 2931 ordinem
666 2860 765 2927 atomi
792 2859 999 2926 nominantur
1024 2865 1056 2925 et
1085 2859 1282 2926 inventionis
1307 2867 1386 2926 ncta
1411 2860 1475 2927 bio

111 2961 276 3047 graphnm
297 2963 404 3049 potius
426 2965 661 3031 velVariarum
673 2951 889 3029 historiarum
912 2962 1118 3028 collectorem
1141 2962 1276 3029 redolet.
1309 2962 1418 3047 itaque
1432 2984 1474 3033 ne

111 3063 168 3132 hic
188 3065 320 3150 quidem
341 3067 441 3153 priori
462 3066 543 3133 sonti
565 3065 737 3132 adulterini
759 3064 913 3148 quiddam
934 3063 1049 3130 deesse
1070 3063 1207 3132 videtur.
1260 3106 1263 3111 -

201 3167 363 3252 Bipartita
385 3169 483 3236 etiam
504 3168 539 3234 in
561 3169 794 3252 Anaxagora
815 3167 1001 3250 dogmatum
1024 3167 1180 3233 recensio.
1219 3187 1284 3233 una
1307 3169 1474 3254 perbrevis

109 3269 183 3335 118
205 3270 289 3340 οὗτος
311 3268 392 3353 ἔλεγε
412 3272 462 3334 τὸν
483 3273 566 3357 ήλνον
589 3258 695 3356 μύδρον
717 3269 788 3334 εἶναι
810 3272 947 3354 διάπυρον
976 3271 1024 3332 καὶ
1048 3270 1138 3352 μείζω
1165 3276 1217 3354 τῆς
1240 3271 1474 3358 Πελοποννήσου,

25 3400 28 3405 ·
109 3373 140 3434 ci
164 3372 198 3435 et
220 3393 291 3458 φασι
313 3370 469 3452 Τάνταλον,
491 3375 544 3459 τήν
568 3374 601 3438 δὲ
622 3376 745 3459 σελήνην
769 3374 895 3458 οἰκήσεις
914 3371 993 3458 ἔχειν
1009 3373 1085 3436 ἀλλὰ
1106 3369 1157 3460 [cf.
1181 3393 1280 3456 supra
1301 3395 1332 3458 p.
1349 3373 1402 3461 26]
1425 3378 1473 3440 καὶ

108 3474 222 3558 λόφους
238 3475 287 3538 καὶ
302 3477 460 3561 φάραγγας,
477 3496 540 3565 quo
555 3476 711 3541 miracula
726 3475 892 3541 doctrinae
904 3477 1025 3541 selecta
1036 3480 1069 3542 et
1079 3474 1188 3541 aliena
1203 3482 1237 3541 ut
1249 3478 1407 3544 Tantalus
1421 3476 1473 3566 [os.

107 3575 216 3642 schol.
231 3576 325 3642 Pind.
340 3576 383 3641 ad
404 3575 562 3663 Olympl
581 3575 634 3665 97]
656 3577 817 3643 inculcata
840 3583 923 3642 sunt.
955 3577 1060 3642 altera
1087 3598 1165 3644 voro
1187 3580 1352 3663 perbonas
1374 3587 1473 3648 notae

108 3698 129 3744 e
152 3699 236 3763 puro
259 3677 453 3764 Opinionum
475 3681 565 3747 sonte
587 3681 705 3746 hausta
726 3682 767 3761 ἐξ
783 3680 813 3745 8.
833 3681 863 3744 9.
898 3678 1039 3764 capitum
1068 3680 1147 3745 ordo
1175 3688 1224 3747 est
1246 3690 1395 3750 servatus
1417 3685 1472 3770 (de

108 3781 289 3866 principiis,
304 3783 434 3867 mundo,
451 3782 557 3867 astris,
573 3784 679 3850 lacteo
691 3783 778 3866 orbe,
793 3781 938 3866 cometis,
954 3781 1070 3865 ventis,
1085 3783 1266 3877 tonitribus,
1281 3785 1471 3872 fulguribus,

108 3882 325 3950 animantium
352 3886 492 3970 denique
515 3883 652 3971 origine)
674 3891 707 3952 et
728 3885 860 3951 decreta
882 3885 1041 3951 concinna
1064 3885 1270 3972 Hippolyteis
1292 3889 1471 3973 ceterisque

105 4142 229 4219 phraates
252 4145 320 4208 apud
338 4145 528 4196 Anaximenem
551 4148 633 4196 solum
660 4149 710 4197 ista
726 4148 794 4196 clare
813 4162 934 4212 expressa
952 4163 1007 4196 esse
1026 4147 1134 4198 dixerat.
1172 4166 1273 4199 omnem
1296 4151 1470 4202 difficultatem

107 4218 226 4294 effugies,
245 4231 387 4282 siUseneri
400 4235 608 4285 emendationem
620 4230 709 4284 rubroc
722 4230 823 4301 πρώτου
841 4250 940 4286 mecum
957 4235 1081 4300 probaris.
1101 4236 1273 4302 Theophrasti
1293 4240 1325 4289 de
1339 4240 1470 4290 Heraclito

107 4319 258 4367 coniectura
275 4319 331 4368 sire
354 4335 416 4370 vera
434 4330 473 4371 est
491 4320 535 4384 [cl.
560 4322 682 4373 Schuster
700 4339 724 4386 p.
738 4318 818 4385 261¹]
841 4324 895 4372 sive
917 4323 982 4372 falsa
1005 4320 1100 4383 [Zeller
1118 4319 1148 4371 1⁴
1167 4320 1230 4386 593]
1256 4340 1302 4374 σου
1326 4328 1380 4376 inre
1404 4329 1468 4377 nite·

106 4403 186 4454 batur
203 4405 352 4456 Aristotelis
370 4407 433 4457 locis
451 4408 524 4474 phys.
537 4409 580 4461 16
598 4427 623 4474 p.
639 4406 736 4461 18918
754 4410 896 4475 metaphys.
915 4408 967 4460 At
986 4425 1011 4473 p.
1025 4407 1150 4462 988134.

181 4488 189 4520 ¹
209 4506 293 4556 neque
313 4492 363 4543 hoc
375 4495 506 4546 Zellernm
525 4498 613 4561 fugere
631 4503 733 4561 poterat
749 4493 779 4545 1⁴
792 4493 859 4549 788⁴
873 4500 916 4560 qui
929 4504 997 4547 recte
1016 4499 1125 4562 primum
1144 4506 1275 4549 auctorem
1295 4501 1383 4551 indicii
1403 4502 1470 4551 indi-

104 4580 178 4628 cavit
190 4579 273 4629 Arist.
285 4580 311 4630 d.
325 4581 388 4632 cael.
402 4582 444 4633 111
458 4581 473 4634 2
493 4600 517 4649 p.
531 4581 630 4636 30019
650 4583 764 4648 Metaph.
778 4583 833 4634 At
851 4601 876 4648 p.
890 4581 959 4636 9851
975 4583 1014 4634 19.
1039 4601 1091 4636 non
1104 4587 1249 4651 praeteribo
1263 4587 1470 4652 Theophrastum

94 4665 273 4731 Leucippo
297 4671 341 4731 qul
363 4669 431 4720 inter
454 4672 662 4722 Democritea
685 4670 812 4721 terebatur
836 4664 923 4738 hilpan
942 4670 1076 4739 διάκοσμον
1094 4675 1238 4725 vindicasse
1257 4673 1348 4739 [Diog.
1361 4676 1401 4725 IX
1414 4675 1469 4738 46].

100 4755 177 4817 atqui
196 4753 330 4806 Laertiani
349 4761 465 4823 excerpti
483 4761 579 4820 torma,
605 4775 663 4810 cnm
687 4766 817 4824 repetatur
839 4760 979 4810 itendidem
998 4760 1071 4828 φησίν
1089 4758 1142 4823 [lx
1154 4758 1185 4812 31
1207 4763 1238 4812 cs.
1257 4763 1346 4813 Hirzel
1366 4764 1468 4813 Unters.

101 4837 227 4905 118411,
253 4857 286 4892 cx
304 4842 431 4909 Leucippi
454 4845 519 4895 libro
538 4847 626 4910 aliquo
651 4847 794 4896 doctrinam
813 4849 967 4912 explicatam
986 4863 1040 4898 esse
1061 4857 1197 4913 monstrat,
1218 4865 1293 4916 quem
1312 4844 1399 4916 Μέγαν
1418 4847 1467 4900 διά-

99 4939 201 4992 κοσμον
218 4929 298 4979 inisse
318 4931 446 4981 Hirzelius
465 4934 615 4998 suspicatur.
