3442 5588
171 301 234 366 232
349 382 353 389 ι
400 300 479 353 xvrr
515 303 564 352 nu
584 301 833 383 taruanorum
851 304 1090 356 reuersurum
1107 304 1287 357 acuamus

171 470 300 552 ἐνσταθῇ
313 465 345 555 [ί.
359 472 507 554 συνσταθγΙ
520 470 559 537 σί.
571 470 665 558 cll]
680 475 765 558 νέφος
776 496 823 535 πε·
847 484 850 613 μ
873 497 937 558 φος
959 474 1153 549 κυανίζειν,
1180 475 1242 558 τὴν
1264 472 1292 537 δ’
1320 473 1431 557 αὐγὴν
1451 475 1528 558 dpu-

176 572 372 655 πυκνωμένον,
386 577 543 657 τηνικαῦτα
557 574 755 658 ἐμπιπτούσης
772 581 824 658 τῆς
848 616 851 661 p
877 576 1098 660 θραίνεσθαι.

173 675 264 757 αὐγῆς
286 676 320 737 τὸ
343 675 429 760 νέφος
447 681 570 739 κυανοῦν
591 677 638 740 διὰ
657 677 709 760 τὴν
725 680 825 760 κρᾶσιν
847 664 851 771 ί

173 777 278 858 γίνεται
300 779 334 841 τὸ
363 780 396 843 δὲ
421 779 658 862 περιφαινόμενον
681 784 718 859 τῇ
746 779 822 860 αὐγῇ

173 885 320 964 φοινικοῦν
341 881 374 943 τὸ
397 881 429 944 δὲ
452 881 483 944 ὂν
506 881 586 942 κοίτω
608 880 744 943 λευκόν..
762 922 770 937 ·
849 964 851 971 Ι

212 979 454 1066 Ἀριστοτέλης
469 983 502 1046 δὲ
516 982 709 1065 κατοπτρικὴν
729 982 825 1065 ἐποιή·

174 1105 244 1148 σατο
268 1083 402 1170 ἔμφασιν.
425 1085 537 1169 πέφυκε
557 1084 611 1167 γὰρ
626 1088 711 1147 τοῦτο
726 1082 823 1146 ἅσσειν

174 1183 207 1270 [l.
220 1185 354 1274 πάσχειν]
368 1188 421 1271 τὴν
437 1185 502 1271 ὄψιν
517 1186 752 1269 προσπίπτουσαν
766 1188 825 1254 τοῖς

174 1289 260 1357 λείοις
294 1293 409 1372 σώμασι
443 1288 491 1352 καί
518 1288 744 1370 κατακλωμένην
776 1288 823 1350 καί

175 1391 383 1474 ἀνακλωμένην
424 1394 467 1453 τλ.

259 1416 448 1558 Μυιυυιίέιυ
471 1511 491 1556 a
513 1490 739 1575 Theophrasto
761 1529 804 1538 -
826 1489 918 1555 testis
947 1489 1031 1556 euim
1059 1495 1109 1555 est
1130 1488 1328 1574 Hippolytus
1350 1525 1393 1536 -
1415 1509 1532 1573 propo

175 1592 270 1658 sitam
297 1593 459 1661 simillime
488 1593 532 1658 ad
554 1593 764 1659 Posidonium
785 1591 977 1674 Attiumque
1003 1592 1193 1656 translatum
1220 1590 1322 1656 vides.
1367 1591 1478 1675 itaque
1504 1591 1532 1656 si

175 1694 371 1762 Placitorum
398 1696 517 1763 totiens
541 1695 754 1761 recentiorem
781 1695 921 1760 colorem
945 1691 1188 1777 Stoicorumque
1210 1695 1360 1761 notiones
1380 1693 1535 1776 adgnovi·

175 1816 261 1881 mus,
293 1798 532 1865 Posidonianae
559 1796 753 1880 disciplinae
779 1795 901 1879 aliquid
928 1795 1131 1861 tribuendum
1158 1816 1231 1862 esse
1264 1794 1467 1862 auctoritatis
1499 1794 1533 1861 iu

175 1900 433 1984 meteorologicis
460 1905 596 1983 certum,
624 1899 657 1962 in
684 1898 758 1963 aliis
785 1898 854 1963 veri
882 1898 986 1963 simile
1011 1895 1148 1962 videtur.
1192 1916 1268 1963 nam
1298 1918 1338 1964 ex
1366 1896 1534 1962 Posidonii

176 2001 287 2084 paucis
310 2001 453 2085 reliquiis
476 2000 601 2066 etiamsi
624 2006 848 2083 excerptorum
866 1998 1056 2064 industriam
1072 1999 1279 2066 arcessireris
1293 2001 1425 2085 plenam
1438 1998 1534 2064 istius

176 2103 307 2170 scholae
328 2103 501 2186 imaginem
525 2102 706 2168 instaurare
734 2102 788 2168 vix
810 2121 850 2167 ac
875 2121 917 2167 ue
938 2100 994 2166 rix
1016 2099 1145 2183 quidem
1167 2102 1298 2186 poteris.
1339 2110 1374 2168 at
1394 2102 1459 2168 hoc
1481 2102 1535 2169 vel

177 2226 217 2271 er
239 2206 297 2290 eis,
320 2226 404 2290 quae
426 2206 523 2270 modo
546 2204 677 2287 contuli,
701 2204 788 2270 clare
807 2210 944 2288 apparet
958 2208 1159 2268 vetustorum
1175 2204 1369 2270 Placitorum
1384 2205 1536 2270 collecto

176 2327 244 2373 rem
271 2327 311 2372 ex
339 2307 453 2373 eodem
481 2305 654 2373 seminario
683 2305 861 2388 profectum
890 2324 962 2372 esse
989 2304 1074 2370 unde
1102 2304 1257 2371 Geminus
1285 2306 1536 2390 Asclepiodotus

176 2409 339 2474 Diodorus
365 2407 526 2474 utilissimi
549 2414 755 2490 excerptores
782 2415 816 2474 et
843 2407 1046 2491 disciplinam
1076 2415 1271 2492 acceperunt
1301 2416 1335 2474 et
1363 2408 1535 2475 collectam

176 2511 354 2577 materiam.
743 2522 748 2535 ‘

262 2614 459 2679 Medicorum
481 2621 681 2680 vetustorum
703 2612 873 2697 opiniones
889 2612 1084 2677 Placitorum
1105 2633 1170 2678 non
1186 2613 1350 2681 minimum
1367 2632 1537 2679 omamen·

176 2725 243 2784 tum
270 2736 336 2781 nou
363 2715 474 2782 dubito
502 2715 579 2799 quin
606 2716 701 2781 simul
728 2736 799 2780 cum
827 2714 943 2780 ceteris
970 2714 1129 2798 capitibus
1158 2734 1199 2780 cx
1228 2722 1355 2782 vetusto
1378 2715 1534 2782 thesauro

177 2819 356 2885 translatae
371 2818 443 2883 sint.
478 2818 609 2884 ultimus
631 2824 681 2884 est
702 2817 924 2901 Asclepiades,
947 2816 1037 2882 cuius
1057 2815 1148 2882 'sama
1167 2816 1239 2900 ipso
1263 2816 1337 2883 vivo
1356 2825 1450 2884 tanta
1464 2825 1536 2885 erat

177 2927 212 2986 ut
233 2920 276 2985 ab
298 2919 428 2986 homine
450 2921 630 2987 medicinae
652 2920 779 2986 curioso
801 2920 890 2985 nullo
912 2920 1008 2985 modo
1031 2925 1143 3002 posset
1164 2918 1342 3002 praeteriri.
1376 2920 1438 2986 sed
1452 2920 1536 3004 prio

176 3042 246 3087 rum
279 3022 476 3088 medicorum
505 3023 626 3107 placita
653 3022 739 3088 unde
768 3021 950 3088 duxerunt?
989 3020 1232 3105 Theophrastus
1258 3020 1293 3086 iu
1320 3020 1536 3106 Opiniouibus

177 3125 275 3190 etiam
297 3123 338 3190 de
360 3125 571 3206 generatione
593 3123 780 3190 animalium
802 3121 1009 3207 physicorum
1031 3121 1162 3187 decreta
1184 3123 1316 3207 collegit
1338 3124 1426 3190 unde
1450 3124 1537 3190 Ana

176 3225 337 3290 ximaudri
364 3227 583 3310 Anaxagorae
610 3226 761 3292 Archelai
787 3224 909 3308 placita
935 3224 970 3288 in
1000 3223 1159 3308 excerptis
1188 3232 1264 3291 sunt
1290 3227 1430 3293 residua
1477 3227 1536 3294 sed

177 3328 318 3393 medicos
340 3349 416 3393 uum
439 3329 613 3394 studiosius
635 3327 823 3393 tractaverit
845 3327 1037 3410 perduhium
1060 3332 1117 3391 est.
1149 3347 1226 3392 nam
1247 3335 1283 3394 ut
1299 3328 1355 3394 illc
1370 3329 1533 3415 physicos,

177 3429 223 3493 ita
244 3429 382 3495 Menon
404 3437 436 3495 et
457 3431 527 3514 ipse
542 3430 725 3496 Aristotelis
748 3429 925 3513 discipulus
947 3428 1089 3494 medicos
1112 3429 1145 3493 in
1166 3429 1370 3495 utilissimam
1385 3432 1533 3516 syllogeu

177 3538 400 3614 congesserat,
430 3551 525 3613 quam
552 3534 596 3597 ad
623 3533 709 3597 illius
736 3532 903 3615 exemplar
929 3532 1097 3596 collectam
1121 3552 1193 3597 esse
1215 3531 1361 3598 Galenus
1383 3534 1534 3617 quodum·

177 3633 274 3698 modo
309 3632 491 3716 significare
523 3635 652 3701 videtur
685 3655 756 3700 cum
788 3640 863 3718 post
895 3633 1131 3717 Theophrastei
1164 3634 1308 3717 corporis
1339 3635 1456 3700 laudes
1484 3632 1533 3721 [cl.

177 3733 341 3818 Theophr.
363 3734 400 3800 fr.
418 3734 467 3821 5⁸]
496 3736 578 3802 haec
606 3737 771 3802 continual
799 3739 897 3821 ὥσπερ
924 3760 956 3818 γε
982 3740 1066 3800 παλιν
1095 3738 1121 3800 εί
1143 3737 1194 3806 τὰς
1215 3742 1273 3799 τῶν
1296 3740 1428 3801 παλαιῶν
1452 3738 1534 3811 δόξας

179 3838 291 3907 ἐθέλοις
309 3840 470 3922 ἱστορῆσαι,
490 3841 612 3922 πάρεστι’
632 3860 677 3902 σοι
692 3841 743 3908 τὰς
760 3844 812 3922 τῆς
830 3838 999 3922 ’ἰατρικῆς
1020 3845 1223 3923 συναγωγῆς
1243 3841 1403 3922 ἀναγνῶναι
1420 3840 1534 3927 βίβλους

179 3942 425 4024 ἐπιγεγραμμένας
447 3942 499 4023 μὲν
511 3940 710 4025 Ἀριστοτέλει,
734 3942 965 4023 ὁμολογουμένας
988 3943 1020 4005 δὲ
1043 3944 1099 4005 ὑπὸ
1122 3947 1173 4005 τοῦ
1189 3941 1355 4013 Μένωνος
1378 3945 1409 4013 ὃς
1431 3944 1469 4029 ἧν
1485 3969 1535 4027 μο-

178 4045 271 4128 θητὴς
285 4043 374 4107 αὐτοῦ
389 4045 560 4128 γεγράφθαι,
584 4045 629 4106 διὸ
645 4045 692 4107 καί
708 4043 896 4107 Μενώνεια
910 4045 1169 4129 προσαγορεύουσιν
1185 4043 1254 4109 ἔνιοι
1270 4047 1350 4108 ταυτὶ
1373 4048 1409 4110 τὰ
1428 4048 1536 4132 βιβλία.

177 4149 264 4231 δῆλον
280 4147 312 4210 δὲ
328 4147 371 4209 ὅτι
386 4147 434 4209 καί
451 4149 467 4209 ὁ
484 4145 591 4209 Μένων
614 4147 722 4215 ἐκεῖνος
737 4149 921 4230 ἀναζητήσας
936 4148 1081 4227 ἐπιμελῶς
1095 4147 1131 4209 τὰ
1147 4148 1347 4233 διασιρίόμενα
1362 4148 1426 4213 κατ’
1448 4150 1536 4215 αὐτὸν

177 4248 218 4312 ἔτι
240 4254 298 4311 τῶν
322 4252 452 4312 παλαιῶν
477 4249 583 4332 ἰατρῶν
608 4250 714 4334 βιβλία,
736 4249 786 4318 τὰς
808 4249 892 4341 δόξας
912 4250 1008 4313 αὐτῶν
1028 4250 1140 4313 ἐκεῖθεν
1155 4251 1318 4323 ἀνελέίατο,
1340 4258 1398 4316 τῶν
1422 4250 1449 4316 δ’
1476 4251 1535 4337 ἤδη

176 4352 394 4436 διεφθαρμένων
408 4394 416 4409 ·
429 4394 437 4409 ·
451 4394 458 4409 ·
474 4353 527 4414 οὐκ
539 4352 664 4437 ἠδυνατο
675 4356 790 4436 γράψαι.
815 4350 1033 4416 oblitteratam
1046 4351 1141 4417 huius
1153 4352 1227 4417 libri
1239 4355 1426 4419 memorium
1439 4351 1537 4442 [Rode

175 4454 229 4518 Ar.
242 4474 292 4536 ps.
307 4475 338 4536 p.
352 4451 426 4539 385]
448 4453 542 4518 uobis
564 4475 629 4518 uon
654 4475 841 4519 concessum
862 4454 1001 4518 arbitror
1021 4455 1115 4519 vanis
1131 4456 1323 4522 coniecturis
1345 4477 1385 4522 ex
1401 4457 1538 4523 Placitis

175 4556 340 4620 suscitare.
372 4555 462 4621 iuvat
477 4563 587 4622 tamen
602 4556 718 4638 quibus
733 4556 863 4621 auxiliis
878 4562 971 4621 vetus
994 4557 1147 4623 collector
1163 4559 1209 4624 uti
1225 4559 1366 4643 potuerit
1380 4581 1448 4626 nou
1462 4579 1537 4627 esse

176 4657 329 4723 nescium.
364 4659 420 4722 sed
444 4658 542 4725 etiam
558 4663 675 4742 postea
689 4678 710 4722 u
725 4658 961 4742 problematum
983 4659 1194 4743 scriptoribus
1216 4661 1375 4727 eiusmodi
1397 4661 1538 4729 medico-

175 4778 245 4822 rum
274 4759 436 4825 breviaria
463 4760 609 4826 coniecta
636 4780 708 4826 esse
738 4768 772 4825 ut
799 4780 857 4842 per
883 4781 918 4826 se
941 4760 1111 4845 probabile
1133 4768 1183 4827 est
1201 4762 1249 4828 ita
1271 4784 1334 4828 uno
1359 4761 1537 4847 specimine

176 4859 359 4927 confirmari
381 4869 497 4948 petest,
521 4862 608 4946 quod
631 4861 715 4927 inter
736 4862 828 4927 varia
850 4864 1053 4947 problemata
1074 4865 1109 4930 iu
1129 4865 1199 4930 cod.
1215 4865 1381 4932 Marciano
1397 4865 1459 4930 521
1485 4861 1535 4953 [cf.
