3442 5588
190 338 343 401 OEzzssffi
694 346 796 397 εστιν
815 348 945 400 mol
964 350 980 402 6
999 358 1059 397 ο-ι
1493 354 1555 419 293

332 409 1335 508 phumncffiNJm.

232 580 452 665 εΕομοιοόμτνον
465 589 562 651 πᾶσιν.
584 586 674 672 ἔσχον
689 589 722 651 δὲ
735 585 845 653 ἔννοιαν
864 601 881 654 2

233 685 336 749 τούτου
358 692 473 771 πρῶτον
497 688 549 770 μὲν
571 690 630 753 ἀπὸ
652 694 704 754 τοῦ
724 691 847 761 κάλλους

231 790 291 851 τῶν
321 789 540 874 ἐμφαινομένων
568 791 845 878 προσλαμβάνοντες.

232 889 316 954 οὐδὲν
343 891 398 977 γὰρ
426 895 484 956 τῶν
511 894 608 957 καλῶν
635 891 700 976 εἰκῆ
728 892 777 955 καλ
804 896 846 963 ὡς

210 991 322 1079 τέτυχε
336 995 453 1078 γίνεται,
473 995 548 1059 ἀλλὰ
564 997 637 1078 μετά
651 1018 726 1065 τινος
740 995 846 1081 τέχνης

231 1098 471 1182 δημιοοηροόσης.
506 1098 593 1168 καλὸς
619 1098 652 1160 δὲ
679 1099 695 1161 ό
718 1097 844 1180 κόσμος·

231 1202 319 1285 δῆλον
345 1201 379 1264 δὲ
405 1201 439 1264 ἐκ
464 1204 516 1264 τοῦ
539 1202 691 1286 σχήματος
717 1200 766 1263 καλ
791 1204 844 1264 τοῦ

229 1305 386 1387 χρώματος
415 1303 463 1366 καὶ
485 1306 537 1366 τοῦ
558 1301 699 1386 μεγέθους
721 1303 769 1367 καὶ
791 1307 844 1388 τῆς

230 1406 294 1488 περὶ
316 1407 366 1469 τὸν
388 1406 497 1489 κόσμον
520 1409 578 1469 τῶν
601 1404 730 1490 ἀστέρων
753 1430 842 1470 ποικι·

194 1507 303 1577 κολίας.
336 1508 523 1593 σφαιροειδὴς
548 1508 603 1592 γὰρ
629 1509 645 1571 ό
672 1508 795 1592 κόσμος,
823 1510 875 1583 83

230 1610 344 1674 πάντων
375 1612 536 1695 σχημάτων
564 1610 715 1695 πρωτεύει.
754 1611 842 1694 μόνον

227 1713 282 1797 γὰρ
309 1716 394 1777 τοῦτο
415 1716 475 1782 τοῖς
497 1713 602 1777 ἑαυτοῦ
625 1713 740 1798 μέρεσιν
763 1715 841 1797 ὁμοι-

227 1820 325 1878 οῦται·
351 1815 507 1900 περιφερὴς
529 1815 561 1878 δὲ
577 1816 617 1878 ὢν
634 1813 697 1901 ἔχει
714 1816 840 1902 τὰμέρη

228 1922 385 2002 περιφερῆ·
418 1918 466 1980 διὰ
492 1921 576 1981 τοῦτο
605 1918 660 2002 γὰρ
688 1919 762 1982 κατὰ
790 1919 840 1982 τδν

196 2018 399 2085 ινΠλάτωνα
421 2021 451 2085 ἐν
473 2026 511 2103 τῇ
535 2023 650 2106 κεφαλῇ
672 2023 706 2085 τδ
722 2022 839 2106 ἱερώτα-

226 2146 273 2186 τον
288 2122 445 2207 συνέστηκε
460 2127 536 2194 νοῦς.
562 2125 610 2188 καὶ
625 2126 658 2187 τδ
681 2128 789 2209 χρῶμα
805 2124 837 2188 δὲ
855 2145 872 2197 4

227 2226 326 2289 καλόν.
358 2228 499 2291 κυανώδει
527 2227 582 2311 γὰρ
612 2226 792 2312 κέχρωσται,
822 2229 838 2293 δ

226 2328 375 2413 πορφύρας
397 2328 449 2412 μέν
471 2329 531 2393 ἐστι
555 2331 742 2413 μελάντερον,
764 2331 838 2394 στιλ-

225 2431 331 2517 βουσαν
353 2432 387 2495 δὲ
401 2429 464 2517 ἔχει
482 2434 534 2517 τὴν
549 2433 703 2516 ποιότητα·
725 2432 773 2496 καὶ
789 2433 838 2496 διὰ

190 2554 215 2593 κο
225 2534 331 2619 ταύτην
353 2536 406 2619 τὴν
421 2535 514 2599 αἰτίαν
530 2541 572 2622 τῷ
589 2541 642 2620 τῆς
656 2539 758 2621 χροιᾶς
774 2555 836 2599 συν-

223 2638 299 2723 τόνῳ
337 2638 500 2702 διακόπτων
538 2637 712 2722 τηλικαότην
753 2638 838 2724 ἀέρος

225 2741 383 2805 ἀπόστασιν
405 2739 439 2803 ἐκ
461 2741 606 2807 τοσοότων
632 2742 836 2825 διαστημάτων

225 2843 387 2928 θεωρεῖται.
410 2845 457 2907 καὶ
473 2845 508 2909 ἐκ
519 2848 570 2909 τοῦ
583 2844 726 2928 μεγέδοος
736 2845 833 2915 καλός.
853 2872 870 2927 5

224 2947 338 3011 πάντων
360 2947 413 3032 γὰρ
436 2953 494 3011 τῶν
517 2950 664 3031 ὁμογενῶν
688 2947 722 3009 τδ
743 2946 836 3031 περιέ·

189 3070 213 3108 ω
226 3073 278 3135 χον
298 3050 386 3113 καλὸν
407 3052 447 3119 ὥς
464 3053 540 3135 ζῷον
560 3051 608 3115 καὶ
623 3050 749 3134 δένδρον.
774 3051 868 3126 ἐπι-6

216 3221 232 3275 3
249 3222 296 3291 τὴν
313 3220 497 3292 ἐμφαινομένην
514 3225 536 3275 Β
565 3220 578 3291 ΙΙ
601 3223 633 3276 10
650 3222 696 3292 γὰρ
715 3223 778 3274 AB:
808 3221 834 3275 δί

180 3307 231 3376 CH
245 3310 273 3361 ll
288 3310 389 3361 πάντων
402 3311 463 3362 AB:
476 3311 577 3363 πάντων
589 3313 672 3364 τῶνΟ
690 3310 703 3380 ΙΙ
722 3313 753 3366 15
767 3310 833 3367 Πλά-

178 3414 248 3449 τωνα
270 3400 337 3450 Tim.
357 3398 503 3465 p.44ns‹1.
524 3395 538 3466 Η
558 3395 622 3467 ἱερὸν
639 3400 662 3450 Β
681 3398 696 3467 Η
717 3400 749 3453 17
771 3418 833 3454 κνα-

178 3483 252 3538 νόνσει
277 3486 365 3547 (Α)Βι
391 3502 455 3537 οοττ.
480 3487 551 3538 Beck
581 3481 594 3553 Ι;
625 3484 671 3554 γὰρ
698 3504 749 3540 om.
771 3491 793 3540 B
818 3486 832 3560 ΙΙ

178 3572 212 3624 21
226 3572 368 3625 διακόπτων
382 3576 472 3640 vulgo:
491 3571 625 3626 διακόπτον
637 3575 708 3627 ABG
729 3570 743 3643 ΙΙ
762 3575 834 3644 ἀέρος
950 3592 958 3605 “

178 3662 239 3712 ABz
252 3663 297 3714 τοῦ
309 3659 381 3730 ἀέρος
393 3663 415 3713 G
429 3656 444 3729 ΙΙ
458 3659 492 3713 22
505 3660 638 3714 ἀπόστασιν
649 3664 731 3725 (Δ)οι
744 3661 833 3715 σόστα·

177 3751 249 3801 σινΒ
269 3745 284 3817 Η
303 3747 337 3802 24
355 3753 408 3801 τῶν
425 3751 510 3803 om.B
531 3747 545 3817 Η
564 3750 679 3820 περιέχον
692 3753 738 3815 (Δ)
752 3753 832 3804 Athe-

177 3854 252 3904 nag.:
272 3835 394 3906 ὑπερέχον
411 3837 433 3888 Β
453 3836 466 3902 Η
488 3834 522 3888 25
541 3836 584 3888 καὶ
603 3834 638 3896 ὡς
657 3839 688 3900 (1)
706 3839 729 3889 Β

177 3977 406 4030 TESTIMONIA
423 3977 632 4029 PLUTARCHI

178 4081 235 4117 eum
253 4064 298 4129 §8
316 4067 431 4115 citatum:
455 4063 499 4115 καὶ
517 4061 589 4114 πάλιν
607 4063 687 4132 ἐντῷ
706 4060 775 4132 αὐτῷ
795 4062 831 4132 βι-

178 4149 249 4219 βλίιρ·
263 4148 395 4220 ιὁρίζονται
413 4149 440 4202 δὲ
456 4150 503 4219 τὴν
514 4153 560 4202 τοῦ
572 4147 631 4203 δεοῦ
645 4149 729 4203 οὐσίαν
742 4148 830 4211 οὕτως·

176 4241 273 4306 πνεῦμα
290 4236 372 4308 νοερόν
390 4238 435 4290 καὶ
452 4236 564 4307 πυρῶδες
581 4235 628 4289 οδκ
642 4236 701 4308 ἔχον
713 4239 758 4308 μὲν
771 4258 830 4309 μορ-

176 4326 239 4395 ρην,
262 4323 417 4394 μεταβολλον
440 4323 466 4376 δὲ
490 4324 523 4383 εἰς
546 4322 559 4376 δ
583 4323 696 4394 βοόλιται
713 4327 757 4379 καὶ
775 4343 830 4380 σον-

174 4411 362 4481 ιξομοιοόμενον
380 4417 461 4465 πᾶσιν.
489 4411 563 4481 ἔσχον
585 4412 611 4464 δὲ
630 4412 724 4466 ἔννοιαν
741 4413 830 4468 τοότου

175 4507 275 4570 πρῶτον
294 4501 339 4569 μέν
358 4499 406 4552 άπὸ
424 4502 469 4551 τοῦ
487 4497 594 4559 κάλλους
610 4506 662 4553 τῶν
681 4503 831 4574 ἐμφαινομέ-

174 4609 225 4641 νων
234 4586 414 4659 προσλαβόντες
423 4586 615 4657 [προσβοιλόντις
624 4592 705 4657 Aah]
715 4590 750 4650 ὡς
760 4591 830 4646 οὐδὲν

173 4683 227 4729 τῶν
248 4676 336 4729 καλῶν
358 4677 415 4746 εἰκῆ
438 4677 481 4728 καὶ
505 4674 541 4735 ὡς
559 4675 632 4747 ἔτυχε
650 4678 749 4746 γίνεται,
767 4679 831 4734 ἀλλά

175 4765 238 4832 μετά
255 4782 320 4822 τινος
337 4765 428 4834 τέχνης
446 4762 658 4834 δημιονρηοόσηά.

202 4849 221 4904 δ
234 4851 303 4906 3-6
321 4858 434 4919 respexit
445 4851 639 4927 Athentgom
654 4857 754 4921 suppl.
767 4873 788 4906 ο.
798 4856 829 4910 16

174 4938 251 5000 καλός
269 4941 314 5010 μὲν
331 4942 377 5012 γὰρ
396 4939 409 4993 ό
429 4941 522 5011 κόσμος
540 4943 583 4995 καὶ
595 4952 631 5014 τῷ
645 4940 743 5012 μεγέθει
761 4962 826 5013 περι-
