3442 5588
359 358 554 409 HIPPOLYTI
573 356 938 409 PHILOSOPHUMENON
957 356 1027 407 428
1041 357 1065 409 5.
1085 360 1169 440 ⁶¹7⁴
1380 361 1442 421 5511

128 527 304 612 ἐφθέγξατο,
333 526 431 591 στάσιν
454 527 502 589 καὶ
524 525 621 611 φιλίαν
642 527 740 612 φήσας
773 531 832 589 τῶν
861 526 997 590 ἁπάντων
1026 526 1123 611 ἀρχήν
1155 524 1227 588 εἶναι
1256 528 1304 590 καλ
1335 532 1392 612 πῦρ

132 630 233 715 νοερόν
255 630 305 694 τδν
328 628 397 692 θεὸν
427 628 628 715 συμφέρεσθαί
648 651 680 691 τε
701 628 738 691 τὰ
760 629 854 694 πάντα
875 630 1012 713 ἀλλήλοις
1035 628 1082 691 καὶ
1105 628 1163 713 οὐχ
1184 628 1312 693 ἑστάναι.

128 734 178 797 καὶ
194 734 294 816 ὥσπερ
309 733 325 796 ό
339 728 585 816 Ἐμπεδοκλῆς
606 732 700 794 πάντα
716 731 765 794 τόν
781 729 849 794 καθ’
874 732 953 815 ήμᾶς
975 731 1063 795 τόπον
1086 727 1144 815 ἔφη
1167 737 1265 795 κακῶν
1289 733 1393 815 μεστόν
1412 742 1428 794 3

134 833 207 898 είναι
230 836 278 898 καλ
301 834 389 920 μέχρι
413 834 465 916 μὲν
485 834 609 916 σελήνης
631 832 668 896 τά
688 832 765 896 κακά
787 832 908 919 φθάνειν
931 832 964 896 ἐκ
991 837 1044 896 τοῦ
1070 832 1135 916 περὶ
1161 838 1215 917 γῆν
1237 835 1328 899 τόπου
1350 860 1397 901 τα·

98 937 240 1015 σθέντα,
263 937 426 1022 περαιτέρω
448 936 481 999 δὲ
504 935 545 1018 μὴ
567 939 693 1020 χωρεῖν,
714 935 767 998 ἅτε
788 934 997 1020 καθαρωτέρου
1019 939 1070 998 τοῦ
1099 934 1172 1019 ὑπὲρ
1198 937 1250 1019 τήν
1273 941 1396 1023 σελήνην

131 1040 238 1111 παντδς
261 1038 342 1110 ὄντος
363 1040 468 1112 τόπου,
491 1037 568 1101 οὕτω
590 1037 639 1101 καὶ
661 1041 704 1122 τῷ
722 1034 947 1123 Ἡρακλείτῳ
969 1035 1075 1107 ἔδοξεν.

37 1201 40 1205 .
191 1140 212 1207 5
235 1140 325 1206 Μετὰ
336 1142 454 1210 τούτους
465 1140 595 1223 ἐγένοντο
610 1139 659 1204 καλ
675 1138 768 1224 ἕτεροι
783 1141 909 1225 φυσικοί,
925 1141 966 1205 ὧν
982 1141 1035 1204 οὐκ
1050 1141 1204 1224 ἀναγκαῖον
1220 1143 1396 1226 ἡγησάμεθα

126 1245 178 1314 τός
199 1243 284 1314 δόξας
305 1243 395 1307 εἰπεῖν
425 1243 515 1326 μηδὲν
541 1247 600 1306 τῶν
629 1241 845 1327 προειρημένων
871 1243 1120 1328 ἀπεμφαινοόσας·
1161 1243 1224 1307 ἀλλ’
1258 1244 1320 1309 ἐπεὶ
1345 1271 1394 1310 κα-

130 1346 221 1411 θόλου
252 1346 287 1411 ob
321 1345 409 1430 μικρὰ
437 1345 586 1430 γεγένηται
612 1347 632 1429 ή
663 1344 758 1431 σχολὴ
780 1345 885 1409 πολλοί
911 1368 944 1409 τε
970 1347 997 1409 οί
1030 1345 1183 1429 μετέπειτα
1215 1349 1330 1432 φυσικοὶ
1363 1347 1394 1418 ἐξ

86 1469 111 1508 ιο
129 1449 221 1533 αὐτῆς
246 1448 410 1532 γεγένηνται
436 1447 519 1512 ἄλλοι
548 1447 645 1519 ἄλλως
667 1448 731 1532 περί
753 1447 869 1533 φόσεως
891 1453 943 1512 τοῦ
965 1449 1073 1519 παντός
1094 1449 1289 1532 διηγούμενοι,
1317 1451 1392 1533 [καὶ]

128 1555 210 1617 δοκεῖ
233 1554 304 1637 ήμῖν
335 1552 387 1635 τὴν
417 1552 476 1615 ἀπὸ
499 1549 716 1635 Πυθαγόρου
742 1550 918 1633 ἐκθεμένους
940 1551 1112 1636 φιλοσοφίαν
1146 1552 1220 1616 κατὰ
1253 1554 1393 1638 διαδοχήν

129 1657 304 1739 ἀναδραμεῖν
327 1655 374 1719 ἐπὶ
397 1654 433 1717 τὰ
455 1652 576 1722 δόξαντα
587 1656 647 1723 τοῖς
664 1652 736 1736 μετὰ
759 1651 896 1738 Θαλῆν,
919 1653 968 1716 καὶ
990 1657 1081 1717 ταῦτα
1103 1652 1266 1725 ἐξειπόντας
1294 1655 1391 1719 ἐλθεῖν

128 1758 177 1821 ἐπί
205 1781 237 1821 τε
266 1759 319 1841 τήν
350 1756 457 1841 ἠθικήν
482 1757 533 1819 καὶ
560 1756 678 1840 λογικήν
705 1754 897 1840 φιλοσοφίαν,
935 1755 976 1817 ὧν
1013 1755 1101 1841 ήρξαν
1123 1756 1316 1842 Σωκράτης
1337 1758 1390 1840 μὲν

126 1859 244 1944 ήθικῖγς,
263 1859 517 1945 Ἀριστοτέλης
540 1860 573 1922 δὲ
595 1860 786 1941 διαλεκτικῆς.

84 1979 109 2017 1³
214 1961 237 2027 θ
273 1961 391 2026 Θαλοῦ
413 1961 506 2025 τοίνυν
524 1959 916 2044 Ἀναξίμανδροςγίνεται
932 1963 1087 2046 ἀκροατής.
1117 1960 1391 2048 Ἀναξίμανδρος

125 2063 287 2148 Πραξιάδου
303 2063 457 2149 Μιλήσιος.
494 2064 578 2133 οὖτος
597 2064 693 2149 ἀρχὴν
716 2061 774 2148 ἔφη
796 2069 855 2128 τῶν
878 2062 969 2129 ὄντων
991 2064 1076 2150 φύσιν
1100 2065 1163 2129 τινὰ
1184 2069 1236 2128 τοῦ
1259 2065 1391 2149 ἀπείρου,

131 2166 161 2235 ἐξ
193 2167 229 2250 ἧς
261 2169 391 2251 γίνεσθαι
425 2168 493 2237 τοὺς
525 2167 665 2250 οὐρανοὺς
697 2167 745 2230 καλ
772 2167 839 2237 τοὺς
865 2168 895 2232 ἐν
921 2168 1020 2237 αὐτοῖς
1049 2168 1187 2250 κόσμους.
1229 2168 1336 2251 ταότην
1358 2166 1384 2231 δ’

128 2270 221 2334 ἀίδιον
247 2270 319 2335 εἶναι
345 2272 394 2336 καὶ
417 2272 529 2355 ἀγήρω,
558 2270 595 2353 ἢν
621 2268 669 2332 καὶ
692 2269 801 2339 πάντας
823 2271 968 2356 περιέχειν
989 2271 1057 2341 τοὺς
1079 2270 1216 2354 κόσμους.
1261 2270 1336 2354 λέγει
1359 2271 1392 2333 δὲ

120 2373 225 2457 χρόνον
253 2378 294 2444 ὡς
327 2374 491 2458 ὡρισμένης
516 2377 570 2457 τῆς
596 2373 735 2455 γενέσεως
758 2373 806 2436 καὶ
833 2377 886 2457 τῆς
915 2373 1015 2445 οὐσίας
1042 2375 1091 2438 καλ
1116 2379 1169 2458 τῆς
1195 2373 1319 2459 φθορᾶς.

83 2494 110 2534 ιο
127 2475 211 2546 οὖτος
239 2478 291 2560 μὲν
320 2476 370 2541 οὖν
397 2477 493 2561 ἀρχὴν
515 2475 563 2539 καὶ
589 2480 733 2559 στοιχεῖον
761 2473 861 2561 είρηκε
882 2481 941 2541 τῶν
964 2475 1055 2541 όντων
1078 2477 1112 2539 τὸ
1143 2475 1260 2561 ἀπειρον
1282 2479 1431 2560 πρῶτος2

125 2576 253 2662 τοῦνομα
279 2581 404 2650 καλέσας
432 2584 484 2662 τῆς
514 2578 620 2663 ἀρχῆς.
667 2579 739 2663 πρὸς
761 2579 795 2641 δὲ
817 2579 910 2665 τοότιμ
934 2579 1043 2663 κίνησιν
1074 2579 1165 2643 ἀίδιον
1195 2578 1285 2655 εἶναι,
1315 2576 1388 2662 ἐνή

126 2682 290 2768 συμβαίνειν
312 2682 441 2765 γίνεσθαι
463 2683 530 2751 τοὺς
552 2680 700 2764 οὐρανούς.
801 2683 854 2766 τήν
876 2683 909 2746 δὲ
930 2687 983 2767 γῆν
1006 2681 1079 2745 εἶναι
1103 2683 1247 2767 μετέωρον
1270 2682 1327 2744 ὑπὸ
1344 2706 1396 2765 μη·
1415 2690 1431 2743 3

127 2786 207 2854 δενὸς
229 2785 441 2869 κρατουμένην,
469 2785 610 2866 μένουσαν
637 2784 670 2846 δὲ
699 2784 746 2847 διά
776 2785 828 2869 τήν
862 2786 966 2868 όμοίαν
996 2786 1111 2848 πάντων
1141 2785 1311 2849 ἀπόστασιν.
1355 2786 1388 2848 τὸ

126 2889 159 2950 δὲ
188 2891 292 2973 σχῆμα
313 2887 405 2971 αὐτῆς
427 2887 523 2972 γορόν,
545 2885 717 2970 στρογγύλον
739 2886 811 2950 κίονι
837 2888 914 2973 λίθῳ
941 2889 1152 2973 παραπλήσιον.
1190 2888 1304 2951 τῶνδὲ
1329 2888 1388 2951 ἐπι-

85 3012 111 3050 νυ
129 2990 225 3055 πέδων
241 2987 267 3076 ᾧ
284 2991 337 3073 μὲν
352 2990 578 3075 ἐπιβεβήκαμεν,
595 2989 610 3053 δ
626 2989 659 3051 δὲ
673 2988 821 3054 ἀντίθετον
834 2990 968 3077 ὑπάρχει.
1055 2990 1091 3054 τά
1107 2990 1140 3054 δὲ
1152 2988 1243 3075 ἄστρα
1255 2991 1385 3074 γίνεσθαι
1404 3002 1420 3054 4

123 3094 228 3158 κόκλον
251 3092 351 3177 πυρός,
382 3092 576 3177 ἀποκριθέντα
598 3096 649 3155 τοῦ
672 3092 747 3155 κατὰ
774 3093 824 3156 τὸν
847 3094 957 3177 κόσμον
983 3094 1088 3178 πυρός,
1114 3093 1330 3179 περιληφθέντα
1356 3092 1383 3157 δ’

72 3200 259 3301 ᾗμηκίρωθάι
275 3239 334 3282 ante
355 3231 500 3297 Rooperum
519 3229 533 3298 Η
550 3248 578 3283 τε
600 3248 650 3282 om.
673 3233 695 3282 B
716 3216 735 3298 ΙΙ’
785 3248 851 3284 corr.
878 3234 961 3286 Ritier
987 3235 1018 3283 ef.
1046 3232 1178 3296 Theophr.
1206 3233 1237 3282 ir.
1259 3230 1275 3282 2
1301 3249 1327 3297 p.
1343 3231 1440 3295 476,ss

72 3320 181 3372 δαπάναι.
200 3321 291 3371 fortius
305 3321 411 3369 distinxi
433 3318 446 3382 11
464 3317 532 3387 ἡμᾶς
548 3320 595 3371 ΒΤ
611 3321 731 3387 ροσερλιι.
785 3319 869 3383 [Ptol.
888 3339 913 3387 p.
928 3318 990 3384 133]
1011 3317 1025 3387 ΙΙ
1047 3318 1079 3372 18
1098 3315 1175 3369 ἀίδιον
1193 3320 1223 3368 ei.
1237 3320 1271 3369 ad
1283 3337 1309 3384 p.
1322 3319 1409 3382 476st
1424 3316 1438 3386 ΙΙ

72 3406 235 3477 ΒιήμῶνΙ.
252 3403 298 3473 114
317 3405 392 3474 μέχρι
410 3405 455 3472 μὲν
472 3408 508 3457 T:
527 3406 602 3475 μέχρι
614 3403 732 3474 δίΟΙΙό
785 3405 817 3474 ἣν
849 3423 900 3457 om.
927 3408 1004 3459 (λεὼ.
1027 3403 1043 3472 ΙΙ
1067 3403 1102 3457 20
1125 3402 1197 3463 οὗτος
1220 3404 1265 3472 μὲν
1288 3402 1334 3456 οδν
1358 3402 1441 3473 αθχὴν

71 3495 160 3548 τόπου.
184 3497 303 3561 graviore
317 3496 481 3546 distinctione
491 3496 592 3545 sublata
601 3492 736 3546 enuntiata
785 3496 821 3546 T:
840 3490 913 3552 οὗτος
930 3492 976 3560 μδν
995 3491 1076 3563 ἀρχὴν
1095 3508 1145 3544 om.
1159 3490 1236 3544 0va
1256 3488 1271 3559 ΙΙ
1291 3491 1323 3544 21
1342 3489 1441 3544 τοίιτων

76 3585 200 3634 coniunxi
223 3582 235 3646 ΙΙ
256 3579 403 3649 71γένυντο
426 3580 452 3632 bi
470 3581 515 3633 καλ
533 3580 611 3650 ἕτεροι
629 3580 735 3649 φυσικάς
784 3582 832 3632 ΒΤ
857 3576 870 3645 ΙΙ
895 3578 929 3631 22
953 3579 1081 3649 συμβαίνοι
1108 3581 1180 3631 libri:
1208 3596 1274 3631 corr.
1296 3580 1399 3645 Βοερει·
1424 3577 1439 3647 ΙΙ

74 3667 149 3730 δόξας
167 3669 211 3720 καὶ
224 3667 296 3720 αθτολ
314 3667 451 3737 γρόψαντις
470 3667 547 3738 μηδὲν
567 3664 734 3737 ἀπεμφαινοδ-
784 3666 842 3724 τοὺς
864 3664 1012 3736 ἀνθρώπους
1030 3667 1052 3719 Β
1076 3664 1090 3733 ΙΙ
1115 3665 1220 3736 μηδενός
1238 3668 1315 3720 Οεότ.
1338 3670 1372 3720 T:
1397 3666 1440 3720 ob-

72 3772 118 3817 σας
149 3763 203 3810 τῶν
235 3757 434 3826 προειρημένων,
469 3756 498 3814 ἀς
524 3754 572 3808 obn
600 3756 734 3824 ἀναγκαῖον
784 3752 851 3812 δενὸς
876 3755 897 3805 C
923 3751 936 3821 ΙΙ
968 3752 1003 3806 23
1025 3752 1051 3805 ὄλ
1078 3752 1118 3806 διά
1140 3756 1229 3807 oedm
1254 3753 1294 3808 διά
1317 3756 1379 3819 (σαι.
1402 3754 1439 3819 bi)

70 3842 221 3915 ἡγησόμεθα
235 3850 318 3915 γραφή
337 3842 489 3913 παραδοῦναι
503 3846 579 3896 Cedr.
594 3840 608 3910 ΙΙ
624 3843 732 3912 θόπεμ-
784 3843 843 3893 libri
864 3838 876 3909 ΙΙ
897 3841 1031 3894 ἀπόστασιν
1048 3843 1120 3894 libri=
1148 3841 1281 3911 ὑπόσχεσιν
1299 3845 1376 3896 Cedr.
1395 3849 1439 3910 qui

71 3930 206 4002 φαινοόσας
218 3935 249 3984 ci.
264 3934 447 3997 Hippoi.Vil
467 3950 492 3998 p.
505 3932 563 3994 176,
583 3933 617 3985 65
636 3933 706 3984 (iou.
718 3927 731 3997 ΙΙ
783 3947 816 3982 ex
848 3930 930 3982 Suida
956 3928 993 3992 [ε.
1026 3948 1051 3980 ν.
1082 3925 1269 3999 Ἀναξίμανδρος
1295 3949 1320 3997 p.
1341 3931 1439 3985 35la5

71 4019 113 4072 ίπλ
134 4021 158 4071 Β
189 4017 203 4086 ΙΙ
234 4019 269 4072 10
295 4017 379 4070 αὐτῶν
406 4020 479 4070 iibri:
503 4037 568 4071 corr.
592 4021 693 4071 Usener
717 4015 730 4084 ΙΙ
784 4016 892 4081 Bemb]
911 4018 983 4068 addit
1000 4017 1045 4068 καὶ
1062 4014 1160 4068 κεῖσθαι
1181 4014 1275 4085 ταύτην
1293 4018 1339 4086 μὲν
1358 4019 1386 4082 [1,
1400 4018 1438 4084 έν]

70 4106 115 4159 καὶ
138 4109 231 4159 delevi.
255 4116 360 4173 propter
382 4110 547 4172 insequentes
570 4109 732 4157 accusativos
783 4103 924 4173 μεσαιτάτῳ
943 4099 957 4171 ΙΙ
977 4101 1011 4156 24
1029 4101 1103 4172 ὑγρόν
1116 4100 1265 4175 στρογγόλον
1278 4107 1355 4158 Cedr.
1367 4108 1438 4158 libri:

69 4188 221 4262 ἐπιθεμένους
244 4206 270 4246 ει
295 4190 435 4253 ίξειπόντας
453 4209 638 4260 proposueram
657 4194 729 4245 Ptol.
783 4208 849 4243 corr.
868 4193 979 4258 Roeper.
998 4187 1118 4258 δπάρχιιν
1137 4189 1286 4261 στρογγόλον
1314 4194 1438 4245 Μαλλεσίι.

68 4300 96 4349 p.
109 4281 175 4336 1451
199 4281 269 4334 δοκεῖ
291 4283 335 4332 νῖνν
357 4284 388 4333 σί.
414 4299 438 4347 p.
454 4278 515 4343 554,
525 4278 568 4333 30.
596 4297 664 4333 nunc
683 4283 729 4332 du·
782 4277 873 4347 τροχὸν
891 4274 1040 4347 στρογγόλον
1057 4279 1141 4330 Roeth
1161 4283 1193 4330 cf.
1211 4282 1282 4332 Ptol.
1308 4298 1333 4346 ρ.
1351 4279 1403 4334 218
1423 4278 1437 4350 ΙΙ

69 4370 143 4432 bito,
165 4372 211 4421 οεά
233 4367 304 4421 δοκεῖ
324 4368 392 4438 ἡμᾶς
411 4364 565 4420 ἐκτεθεῖσθαι
584 4387 609 4435 p.
625 4365 684 4430 112,
694 4366 729 4420 32
781 4365 845 4435 χίονι
863 4361 927 4435 λίθῳ
949 4367 1020 4418 iibri:
1040 4363 1158 4433 χιονιῑιδις
1176 4362 1240 4434 λίθῳ
1261 4368 1351 4418 Cedr.:
1371 4385 1438 4420 corr.

69 4467 98 4508 ετ
116 4456 220 4521 128,17
244 4474 277 4509 ex
302 4475 327 4524 p.
345 4456 404 4520 398,
418 4455 459 4510 90.
486 4454 548 4519 410,
559 4454 601 4508 29.
622 4453 684 4518 492,
695 4454 728 4508 59
780 4456 892 4506 Woiflui
911 4455 943 4505 σί.
961 4456 1032 4506 Ptol.
1051 4456 1067 4505 l.
1081 4471 1102 4505 υ.
1123 4451 1137 4521 ΙΙ
1158 4450 1226 4522 2όῷ
1246 4453 1291 4520 μὲν
1309 4457 1400 4520 vulpot
1419 4453 1432 4507 δ

70 4547 226 4612 corrigenda
243 4555 302 4597 suni
322 4543 335 4611 ΙΙ
358 4544 390 4597 12
409 4541 603 4610 ίξιιπόνταΒΙλ
621 4541 653 4596 13
671 4538 728 4612 ήθι·
781 4540 826 4608 μίν
854 4542 888 4593 Βι
912 4539 940 4592 δν
963 4542 1004 4593 O?
1024 4537 1038 4607 ΙΙ
1063 4538 1077 4591 θ
1100 4538 1131 4608 δὴ
1149 4543 1185 4592 B:
1209 4538 1223 4592 b
1246 4541 1292 4607 μὲν
1314 4540 1340 4594 ii
1363 4544 1404 4595 O?
1422 4539 1436 4610 ΙΙ

70 4630 330 4701 κῆν-διαλεκτικήν
348 4633 371 4684 Β
391 4630 406 4700 ΙΙ
427 4631 459 4685 15
476 4631 532 4700 περὶ
550 4627 728 4699 ἀναξιμόνδρου
780 4626 809 4680 τὸ
827 4626 854 4679 bi
866 4626 945 4697 ἄστρα
962 4624 1014 4696 ΒΙΙ
1028 4625 1141 4695 γενέσθαι
1158 4628 1235 4679 Gedr.
1255 4626 1269 4696 11
1290 4629 1323 4684 26
1342 4626 1437 4681 κόκλον

68 4722 228 4786 εσρετεαεΒ
241 4717 254 4788 ΙΙ
268 4721 300 4774 16
313 4718 455 4778 οὖτος-18
469 4717 587 4788 κόσμους,
600 4716 634 4770 22
646 4721 727 4787 γῆν-
779 4715 856 4785 πυρός
874 4716 951 4767 Cedr.
970 4717 1040 4768 iibri:
1059 4712 1154 4767 κόκλον
1171 4713 1243 4784 ἀέρος
1261 4716 1373 4783 Βοερετ,
1391 4719 1437 4769 sed

70 4804 106 4857 24
124 4805 306 4876 παραπλήσιον,
324 4808 421 4872 54-’1
439 4825 495 4858 exc.
515 4808 591 4859 Cedr.
612 4803 626 4874 ΙΙ
648 4804 679 4857 17
702 4802 728 4865 ἐξ
779 4813 928 4870 excerptum
941 4805 1050 4866 videtur,
1068 4804 1146 4868 quale
1164 4813 1203 4854 εει
1220 4805 1319 4856 ἰοΔει.
1332 4804 1361 4854 11
1374 4800 1437 4856 201

69 4891 102 4963 ἧς
128 4896 164 4947 Βε
192 4892 250 4965 ίξής
278 4897 312 4948 C:
341 4891 382 4963 ἀφ’
410 4892 441 4962 ής
469 4895 545 4945 Cedr.
577 4890 590 4960 ΙΙ
615 4889 728 4962 γενέσθαι
780 4892 840 4946 251
857 4890 941 4962 πλήρη
959 4889 1035 4961 πυρός

69 4985 148 5035 Οαάτ.
168 4982 181 5051 ΙΙ
206 4982 248 5035 τόν
275 4981 302 5034 ίν
329 4981 412 5039 αὐτοῖς
438 4981 532 5050 κόσμον
555 4984 630 5033 Cedr.
655 4982 727 5032 libri:
