<?xml version="1.0" encoding="UTF-8"?>
<!DOCTYPE html PUBLIC "-//W3C//DTD XHTML 1.0 Transitional//EN"
    "http://www.w3.org/TR/xhtml1/DTD/xhtml1-transitional.dtd">
<html xmlns="http://www.w3.org/1999/xhtml" xml:lang="en" lang="en">
 <head>
  <title>
</title>
<meta http-equiv="Content-Type" content="text/html;charset=utf-8" />
  <meta name='ocr-system' content='tesseract 3.04.00' />
  <meta name='ocr-capabilities' content='ocr_page ocr_carea ocr_par ocr_line ocrx_word'/>
</head>
<body>
  <div class='ocr_page' id='page_1' title='image "./doxographigraec00dielgoog/doxographigraec00dielgoog_0103.png"; bbox 0 0 3442 5588; ppageno 0'>
   <div class='ocr_carea' id='block_1_1' title="bbox 261 324 1211 388">
    <p class='ocr_par' dir='ltr' id='par_1_1' title="bbox 261 324 1211 388">
     <span class='ocr_line' id='line_1_1' title="bbox 261 324 1211 388; baseline 0.005 -15"><span class='ocrx_word' id='word_1_1' title='bbox 261 324 304 388; x_wconf 80' lang='lat'>80</span> <span class='ocrx_word' id='word_1_2' title='bbox 666 328 691 375; x_wconf 88' lang='lat' dir='ltr'><strong>V</strong></span> <span class='ocrx_word' id='word_1_3' title='bbox 730 327 779 376; x_wconf 81' lang='lat' dir='ltr'>DE</span> <span class='ocrx_word' id='word_1_4' title='bbox 799 327 877 378; x_wconf 79' lang='grc' dir='ltr'>ΔΒΗ</span> <span class='ocrx_word' id='word_1_5' title='bbox 895 327 1029 377; x_wconf 83' lang='lat' dir='ltr'>DIDYMI</span> <span class='ocrx_word' id='word_1_6' title='bbox 1048 328 1211 379; x_wconf 82' lang='grc' dir='ltr'><strong>ΕΡΙΤΟΜΕ</strong></span> 
     </span>
    </p>
   </div>
   <div class='ocr_carea' id='block_1_2' title="bbox 256 492 1631 4465">
    <p class='ocr_par' dir='ltr' id='par_1_2' title="bbox 259 492 1627 1087">
     <span class='ocr_line' id='line_1_2' title="bbox 260 492 1626 583; baseline 0.003 -25"><span class='ocrx_word' id='word_1_7' title='bbox 260 495 290 558; x_wconf 80' lang='grc' dir='ltr'>ἐν</span> <span class='ocrx_word' id='word_1_8' title='bbox 317 497 359 578; x_wconf 81' lang='grc' dir='ltr'>τῷ</span> <span class='ocrx_word' id='word_1_9' title='bbox 393 492 463 576; x_wconf 82' lang='grc' dir='ltr'>Περὶ</span> <span class='ocrx_word' id='word_1_10' title='bbox 494 492 697 579; x_wconf 74' lang='grc' dir='ltr'><strong>Πυθαγορικῆς</strong></span> <span class='ocrx_word' id='word_1_11' title='bbox 728 495 899 580; x_wconf 78' lang='grc' dir='ltr'>φιλοσοφίας</span> <span class='ocrx_word' id='word_1_12' title='bbox 931 492 1075 580; x_wconf 85' lang='lat' dir='ltr'>[Didymi</span> <span class='ocrx_word' id='word_1_13' title='bbox 1106 493 1144 558; x_wconf 81' lang='lat' dir='ltr'><strong>fr.</strong></span> <span class='ocrx_word' id='word_1_14' title='bbox 1176 497 1249 560; x_wconf 81' lang='grc' dir='ltr'>συλλ.</span> <span class='ocrx_word' id='word_1_15' title='bbox 1283 495 1430 563; x_wconf 79' lang='lat' dir='ltr'><strong>Sohmidt</strong></span> <span class='ocrx_word' id='word_1_16' title='bbox 1468 517 1499 580; x_wconf 87' lang='lat' dir='ltr'>p.</span> <span class='ocrx_word' id='word_1_17' title='bbox 1521 496 1582 562; x_wconf 83' lang='lat'>381</span> <span class='ocrx_word' id='word_1_18' title='bbox 1602 494 1626 583; x_wconf 83' lang='lat'>¹]</span> 
     </span>
     <span class='ocr_line' id='line_1_3' title="bbox 259 593 1624 682; baseline 0.001 -23"><span class='ocrx_word' id='word_1_19' title='bbox 259 597 436 660; x_wconf 84' lang='lat' dir='ltr'><strong>translatus</strong></span> <span class='ocrx_word' id='word_1_20' title='bbox 459 593 575 659; x_wconf 87' lang='lat' dir='ltr'><strong>dieitur</strong></span> <span class='ocrx_word' id='word_1_21' title='bbox 599 595 678 660; x_wconf 83' lang='lat' dir='ltr'><strong>Ario</strong></span> <span class='ocrx_word' id='word_1_22' title='bbox 707 615 765 661; x_wconf 87' lang='lat' dir='ltr'>suo</span> <span class='ocrx_word' id='word_1_23' title='bbox 793 596 949 660; x_wconf 81' lang='lat' dir='ltr'><strong>attribuit.</strong></span> <span class='ocrx_word' id='word_1_24' title='bbox 994 615 1100 679; x_wconf 87' lang='lat' dir='ltr'><strong>neque</strong></span> <span class='ocrx_word' id='word_1_25' title='bbox 1124 596 1210 662; x_wconf 90' lang='lat' dir='ltr'><strong>enim</strong></span> <span class='ocrx_word' id='word_1_26' title='bbox 1232 596 1403 681; x_wconf 81' lang='lat' dir='ltr'><strong>probabile</strong></span> <span class='ocrx_word' id='word_1_27' title='bbox 1425 597 1624 682; x_wconf 74' lang='lat' dir='ltr'><strong>peculiarem</strong></span> 
     </span>
     <span class='ocr_line' id='line_1_4' title="bbox 260 696 1626 784; baseline 0.002 -23"><span class='ocrx_word' id='word_1_28' title='bbox 260 696 359 763; x_wconf 83' lang='lat' dir='ltr'><strong>fuisse</strong></span> <span class='ocrx_word' id='word_1_29' title='bbox 381 696 549 780; x_wconf 85' lang='lat' dir='ltr'><strong>Epitomes</strong></span> <span class='ocrx_word' id='word_1_30' title='bbox 577 697 618 762; x_wconf 92' lang='lat' dir='ltr'><strong>de</strong></span> <span class='ocrx_word' id='word_1_31' title='bbox 641 697 858 782; x_wconf 80' lang='lat' dir='ltr'><strong>Pythagoreis</strong></span> <span class='ocrx_word' id='word_1_32' title='bbox 884 697 1000 762; x_wconf 90' lang='lat' dir='ltr'><strong>librum</strong></span> <span class='ocrx_word' id='word_1_33' title='bbox 1029 719 1133 781; x_wconf 89' lang='lat' dir='ltr'><strong>neque</strong></span> <span class='ocrx_word' id='word_1_34' title='bbox 1162 705 1284 765; x_wconf 92' lang='lat' dir='ltr'><strong>temere</strong></span> <span class='ocrx_word' id='word_1_35' title='bbox 1306 698 1503 766; x_wconf 89' lang='lat' dir='ltr'><strong>Sohmidtius</strong></span> <span class='ocrx_word' id='word_1_36' title='bbox 1524 698 1626 784; x_wconf 88' lang='lat' dir='ltr'><strong>Didy-</strong></span> 
     </span>
     <span class='ocr_line' id='line_1_5' title="bbox 260 797 1627 884; baseline 0.001 -21"><span class='ocrx_word' id='word_1_37' title='bbox 260 819 347 863; x_wconf 90' lang='lat' dir='ltr'>mnm</span> <span class='ocrx_word' id='word_1_38' title='bbox 367 798 550 864; x_wconf 88' lang='lat' dir='ltr'><strong>Heraolidis</strong></span> <span class='ocrx_word' id='word_1_39' title='bbox 576 797 685 882; x_wconf 81' lang='lat' dir='ltr'><strong>filium,</strong></span> <span class='ocrx_word' id='word_1_40' title='bbox 715 819 810 882; x_wconf 89' lang='lat' dir='ltr'><strong>quern</strong></span> <span class='ocrx_word' id='word_1_41' title='bbox 838 799 1081 882; x_wconf 79' lang='lat' dir='ltr'><strong>Pythagoreum</strong></span> <span class='ocrx_word' id='word_1_42' title='bbox 1108 809 1141 866; x_wconf 90' lang='lat' dir='ltr'><strong>et</strong></span> <span class='ocrx_word' id='word_1_43' title='bbox 1168 801 1273 884; x_wconf 89' lang='lat' dir='ltr'><strong>ipsum</strong></span> <span class='ocrx_word' id='word_1_44' title='bbox 1302 801 1402 868; x_wconf 85' lang='lat' dir='ltr'><strong>luisse</strong></span> <span class='ocrx_word' id='word_1_45' title='bbox 1429 799 1543 867; x_wconf 80' lang='lat' dir='ltr'><strong>statuit</strong></span> <span class='ocrx_word' id='word_1_46' title='bbox 1566 799 1627 865; x_wconf 80' lang='lat' dir='ltr'>Fa-</span> 
     </span>
     <span class='ocr_line' id='line_1_6' title="bbox 261 897 1626 986; baseline 0.001 -21"><span class='ocrx_word' id='word_1_47' title='bbox 261 899 380 965; x_wconf 87' lang='lat' dir='ltr'><strong>brioius</strong></span> <span class='ocrx_word' id='word_1_48' title='bbox 403 897 451 985; x_wconf 89' lang='lat' dir='ltr'>[B.</span> <span class='ocrx_word' id='word_1_49' title='bbox 467 900 506 966; x_wconf 88' lang='lat' dir='ltr'>G.</span> <span class='ocrx_word' id='word_1_50' title='bbox 522 901 601 966; x_wconf 91' lang='lat' dir='ltr'>VIII</span> <span class='ocrx_word' id='word_1_51' title='bbox 616 897 701 986; x_wconf 67' lang='lat' dir='ltr'><strong>fruel,</strong></span> <span class='ocrx_word' id='word_1_52' title='bbox 723 900 796 965; x_wconf 87' lang='lat' dir='ltr'><strong>libri</strong></span> <span class='ocrx_word' id='word_1_53' title='bbox 818 901 911 966; x_wconf 88' lang='lat' dir='ltr'><strong>istius</strong></span> <span class='ocrx_word' id='word_1_54' title='bbox 932 908 1097 968; x_wconf 77' lang='lat' dir='ltr'><strong>auctorem</strong></span> <span class='ocrx_word' id='word_1_55' title='bbox 1121 902 1266 969; x_wconf 87' lang='lat' dir='ltr'><strong>eredidit.</strong></span> <span class='ocrx_word' id='word_1_56' title='bbox 1301 923 1380 986; x_wconf 78' lang='lat' dir='ltr'><strong>ergo</strong></span> <span class='ocrx_word' id='word_1_57' title='bbox 1402 903 1474 970; x_wconf 90' lang='lat' dir='ltr'><strong>istis</strong></span> <span class='ocrx_word' id='word_1_58' title='bbox 1495 902 1626 985; x_wconf 88' lang='lat' dir='ltr'><strong>quidem</strong></span> 
     </span>
     <span class='ocr_line' id='line_1_7' title="bbox 261 1001 1038 1087; baseline 0.001 -20"><span class='ocrx_word' id='word_1_59' title='bbox 261 1001 450 1085; x_wconf 82' lang='lat' dir='ltr'><strong>fragmentis</strong></span> <span class='ocrx_word' id='word_1_60' title='bbox 472 1001 540 1067; x_wconf 84' lang='lat' dir='ltr'><strong>Arii</strong></span> <span class='ocrx_word' id='word_1_61' title='bbox 565 1002 737 1087; x_wconf 87' lang='lat' dir='ltr'><strong>Epitomen</strong></span> <span class='ocrx_word' id='word_1_62' title='bbox 760 1001 857 1069; x_wconf 87' lang='lat' dir='ltr'><strong>beare</strong></span> <span class='ocrx_word' id='word_1_63' title='bbox 879 1004 1038 1068; x_wconf 91' lang='lat' dir='ltr'><strong>nolumus.</strong></span> 
     </span>
    </p>

    <p class='ocr_par' dir='ltr' id='par_1_3' title="bbox 260 1103 1628 1803">
     <span class='ocr_line' id='line_1_8' title="bbox 346 1103 1627 1191; baseline 0.001 -21"><span class='ocrx_word' id='word_1_64' title='bbox 346 1104 411 1170; x_wconf 84' lang='lat' dir='ltr'><strong>Sed</strong></span> <span class='ocrx_word' id='word_1_65' title='bbox 438 1104 593 1186; x_wconf 87' lang='lat' dir='ltr'><strong>quidquid</strong></span> <span class='ocrx_word' id='word_1_66' title='bbox 619 1103 809 1171; x_wconf 87' lang='lat' dir='ltr'><strong>llleinekeus</strong></span> <span class='ocrx_word' id='word_1_67' title='bbox 840 1105 1053 1172; x_wconf 88' lang='lat' dir='ltr'><strong>oonieotando</strong></span> <span class='ocrx_word' id='word_1_68' title='bbox 1082 1107 1243 1191; x_wconf 83' lang='lat' dir='ltr'><strong>peeoavit,</strong></span> <span class='ocrx_word' id='word_1_69' title='bbox 1272 1107 1442 1175; x_wconf 87' lang='lat' dir='ltr'><strong>verissima</strong></span> <span class='ocrx_word' id='word_1_70' title='bbox 1466 1106 1525 1171; x_wconf 90' lang='lat' dir='ltr'><strong>illa</strong></span> <span class='ocrx_word' id='word_1_71' title='bbox 1552 1126 1627 1172; x_wconf 90' lang='lat' dir='ltr'><strong>eon-</strong></span> 
     </span>
     <span class='ocr_line' id='line_1_9' title="bbox 260 1205 1628 1294; baseline 0 -21"><span class='ocrx_word' id='word_1_72' title='bbox 260 1207 386 1273; x_wconf 87' lang='lat' dir='ltr'><strong>ieotura</strong></span> <span class='ocrx_word' id='word_1_73' title='bbox 415 1206 495 1271; x_wconf 88' lang='lat' dir='ltr'><strong>satis</strong></span> <span class='ocrx_word' id='word_1_74' title='bbox 523 1208 682 1292; x_wconf 85' lang='lat' dir='ltr'><strong>rependit,</strong></span> <span class='ocrx_word' id='word_1_75' title='bbox 712 1225 808 1289; x_wconf 88' lang='lat' dir='ltr'><strong>quam</strong></span> <span class='ocrx_word' id='word_1_76' title='bbox 839 1206 881 1272; x_wconf 92' lang='lat' dir='ltr'><strong>de</strong></span> <span class='ocrx_word' id='word_1_77' title='bbox 903 1205 978 1277; x_wconf 77' lang='lat' dir='ltr'><strong>Arii</strong></span> <span class='ocrx_word' id='word_1_78' title='bbox 1000 1207 1132 1293; x_wconf 85' lang='lat' dir='ltr'><strong>Didymi</strong></span> <span class='ocrx_word' id='word_1_79' title='bbox 1158 1216 1268 1275; x_wconf 91' lang='lat' dir='ltr'><strong>aetate</strong></span> <span class='ocrx_word' id='word_1_80' title='bbox 1295 1209 1472 1294; x_wconf 90' lang='lat' dir='ltr'><strong>proposuit.</strong></span> <span class='ocrx_word' id='word_1_81' title='bbox 1516 1208 1628 1274; x_wconf 86' lang='lat' dir='ltr'><strong>doouit</strong></span> 
     </span>
     <span class='ocr_line' id='line_1_10' title="bbox 262 1307 1625 1396; baseline -0.001 -19"><span class='ocrx_word' id='word_1_82' title='bbox 262 1310 347 1377; x_wconf 90' lang='lat' dir='ltr'><strong>enim</strong></span> <span class='ocrx_word' id='word_1_83' title='bbox 375 1308 516 1374; x_wconf 84' lang='lat' dir='ltr'><strong>breviter</strong></span> <span class='ocrx_word' id='word_1_84' title='bbox 542 1308 575 1373; x_wconf 91' lang='lat' dir='ltr'>in</span> <span class='ocrx_word' id='word_1_85' title='bbox 603 1310 715 1375; x_wconf 87' lang='lat' dir='ltr'><strong>adnot.</strong></span> <span class='ocrx_word' id='word_1_86' title='bbox 734 1308 833 1375; x_wconf 86' lang='lat' dir='ltr'><strong>oritio.</strong></span> <span class='ocrx_word' id='word_1_87' title='bbox 855 1307 898 1372; x_wconf 89' lang='lat' dir='ltr'>ad</span> <span class='ocrx_word' id='word_1_88' title='bbox 920 1307 1009 1374; x_wconf 87' lang='lat' dir='ltr'><strong>Stob.</strong></span> <span class='ocrx_word' id='word_1_89' title='bbox 1030 1311 1089 1375; x_wconf 90' lang='lat' dir='ltr'><strong>eol.</strong></span> <span class='ocrx_word' id='word_1_90' title='bbox 1112 1332 1144 1394; x_wconf 88' lang='lat' dir='ltr'>p.</span> <span class='ocrx_word' id='word_1_91' title='bbox 1161 1332 1218 1373; x_wconf 80' lang='grc' dir='ltr'>τιν</span> <span class='ocrx_word' id='word_1_92' title='bbox 1242 1312 1381 1378; x_wconf 92' lang='lat' dir='ltr'><strong>eundem</strong></span> <span class='ocrx_word' id='word_1_93' title='bbox 1408 1331 1480 1378; x_wconf 89' lang='lat' dir='ltr'><strong>esse</strong></span> <span class='ocrx_word' id='word_1_94' title='bbox 1502 1310 1625 1396; x_wconf 83' lang='lat' dir='ltr'><strong>Arium,</strong></span> 
     </span>
     <span class='ocr_line' id='line_1_11' title="bbox 260 1410 1627 1498; baseline 0.001 -21"><span class='ocrx_word' id='word_1_95' title='bbox 260 1431 356 1494; x_wconf 90' lang='lat' dir='ltr'><strong>quem</strong></span> <span class='ocrx_word' id='word_1_96' title='bbox 371 1410 508 1492; x_wconf 80' lang='lat' dir='ltr'><strong>Augusti</strong></span> <span class='ocrx_word' id='word_1_97' title='bbox 524 1411 700 1495; x_wconf 80' lang='lat' dir='ltr'><strong>praecipuo</strong></span> <span class='ocrx_word' id='word_1_98' title='bbox 722 1431 833 1477; x_wconf 89' lang='lat' dir='ltr'><strong>amore</strong></span> <span class='ocrx_word' id='word_1_99' title='bbox 855 1431 948 1475; x_wconf 89' lang='lat' dir='ltr'><strong>usum</strong></span> <span class='ocrx_word' id='word_1_100' title='bbox 971 1431 1043 1478; x_wconf 85' lang='lat' dir='ltr'><strong>esse</strong></span> <span class='ocrx_word' id='word_1_101' title='bbox 1058 1412 1221 1497; x_wconf 89' lang='lat' dir='ltr'><strong>proditum</strong></span> <span class='ocrx_word' id='word_1_102' title='bbox 1243 1421 1302 1479; x_wconf 85' lang='lat' dir='ltr'><strong>est.</strong></span> <span class='ocrx_word' id='word_1_103' title='bbox 1338 1414 1425 1497; x_wconf 90' lang='lat' dir='ltr'><strong>quod</strong></span> <span class='ocrx_word' id='word_1_104' title='bbox 1440 1413 1496 1478; x_wconf 90' lang='lat' dir='ltr'><strong>ille</strong></span> <span class='ocrx_word' id='word_1_105' title='bbox 1510 1412 1627 1498; x_wconf 84' lang='lat' dir='ltr'><strong>paneis</strong></span> 
     </span>
     <span class='ocr_line' id='line_1_12' title="bbox 261 1511 1628 1599; baseline 0.001 -19"><span class='ocrx_word' id='word_1_106' title='bbox 261 1513 368 1580; x_wconf 87' lang='lat' dir='ltr'><strong>verbis</strong></span> <span class='ocrx_word' id='word_1_107' title='bbox 392 1511 585 1595; x_wconf 82' lang='lat' dir='ltr'><strong>signifioavit</strong></span> <span class='ocrx_word' id='word_1_108' title='bbox 607 1513 730 1597; x_wconf 87' lang='lat' dir='ltr'><strong>peritis,</strong></span> <span class='ocrx_word' id='word_1_109' title='bbox 752 1512 786 1576; x_wconf 89' lang='lat' dir='ltr'>id</span> <span class='ocrx_word' id='word_1_110' title='bbox 809 1513 1000 1596; x_wconf 75' lang='lat' dir='ltr'><strong>explicatius</strong></span> <span class='ocrx_word' id='word_1_111' title='bbox 1021 1515 1249 1599; x_wconf 82' lang='lat' dir='ltr'><strong>exponendum</strong></span> <span class='ocrx_word' id='word_1_112' title='bbox 1272 1522 1305 1580; x_wconf 91' lang='lat' dir='ltr'><strong>et</strong></span> <span class='ocrx_word' id='word_1_113' title='bbox 1326 1516 1479 1598; x_wconf 91' lang='lat' dir='ltr'><strong>quoniam</strong></span> <span class='ocrx_word' id='word_1_114' title='bbox 1495 1515 1628 1581; x_wconf 87' lang='lat' dir='ltr'><strong>fuerunt</strong></span> 
     </span>
     <span class='ocr_line' id='line_1_13' title="bbox 262 1615 1626 1701; baseline 0.003 -21"><span class='ocrx_word' id='word_1_115' title='bbox 262 1616 378 1700; x_wconf 86' lang='lat' dir='ltr'><strong>quibus</strong></span> <span class='ocrx_word' id='word_1_116' title='bbox 399 1634 468 1680; x_wconf 90' lang='lat' dir='ltr'>rem</span> <span class='ocrx_word' id='word_1_117' title='bbox 490 1622 612 1681; x_wconf 85' lang='lat' dir='ltr'><strong>eertum</strong></span> <span class='ocrx_word' id='word_1_118' title='bbox 627 1615 784 1681; x_wconf 81' lang='lat' dir='ltr'><strong>incertam</strong></span> <span class='ocrx_word' id='word_1_119' title='bbox 807 1615 945 1682; x_wconf 88' lang='lat' dir='ltr'><strong>reddere</strong></span> <span class='ocrx_word' id='word_1_120' title='bbox 967 1616 1102 1700; x_wconf 84' lang='lat' dir='ltr'><strong>luberet,</strong></span> <span class='ocrx_word' id='word_1_121' title='bbox 1125 1637 1177 1683; x_wconf 85' lang='lat' dir='ltr'>res</span> <span class='ocrx_word' id='word_1_122' title='bbox 1199 1623 1273 1681; x_wconf 87' lang='lat' dir='ltr'><strong>aeta</strong></span> <span class='ocrx_word' id='word_1_123' title='bbox 1296 1616 1411 1682; x_wconf 90' lang='lat' dir='ltr'><strong>itemm</strong></span> <span class='ocrx_word' id='word_1_124' title='bbox 1433 1618 1563 1701; x_wconf 83' lang='lat' dir='ltr'><strong>agenda</strong></span> <span class='ocrx_word' id='word_1_125' title='bbox 1584 1637 1626 1684; x_wconf 88' lang='lat' dir='ltr'><strong>ae</strong></span> 
     </span>
     <span class='ocr_line' id='line_1_14' title="bbox 261 1716 544 1803; baseline -0.004 -19"><span class='ocrx_word' id='word_1_126' title='bbox 261 1716 463 1803; x_wconf 81' lang='lat' dir='ltr'><strong>profliganda</strong></span> <span class='ocrx_word' id='word_1_127' title='bbox 485 1725 544 1783; x_wconf 89' lang='lat' dir='ltr'><strong>est.</strong></span> 
     </span>
    </p>

    <p class='ocr_par' dir='ltr' id='par_1_4' title="bbox 256 1819 1626 3646">
     <span class='ocr_line' id='line_1_15' title="bbox 344 1819 1625 1904; baseline 0.001 -19"><span class='ocrx_word' id='word_1_128' title='bbox 344 1820 488 1885; x_wconf 89' lang='lat' dir='ltr'><strong>Inelutus</strong></span> <span class='ocrx_word' id='word_1_129' title='bbox 511 1826 561 1886; x_wconf 91' lang='lat' dir='ltr'><strong>est</strong></span> <span class='ocrx_word' id='word_1_130' title='bbox 580 1819 677 1884; x_wconf 79' lang='lat' dir='ltr'><strong>Arius</strong></span> <span class='ocrx_word' id='word_1_131' title='bbox 700 1839 740 1884; x_wconf 82' lang='lat' dir='ltr'><strong>ex</strong></span> <span class='ocrx_word' id='word_1_132' title='bbox 763 1819 949 1886; x_wconf 87' lang='lat' dir='ltr'><strong>narratione</strong></span> <span class='ocrx_word' id='word_1_133' title='bbox 971 1820 1136 1887; x_wconf 77' lang='lat' dir='ltr'><strong>celebrata</strong></span> <span class='ocrx_word' id='word_1_134' title='bbox 1158 1819 1247 1904; x_wconf 90' lang='lat' dir='ltr'><strong>apud</strong></span> <span class='ocrx_word' id='word_1_135' title='bbox 1269 1825 1405 1904; x_wconf 84' lang='lat' dir='ltr'><strong>veteres,</strong></span> <span class='ocrx_word' id='word_1_136' title='bbox 1429 1840 1526 1904; x_wconf 90' lang='lat' dir='ltr'><strong>quam</strong></span> <span class='ocrx_word' id='word_1_137' title='bbox 1549 1822 1625 1888; x_wconf 90' lang='lat' dir='ltr'><strong>Plu-</strong></span> 
     </span>
     <span class='ocr_line' id='line_1_16' title="bbox 258 1920 1624 2008; baseline -0.002 -18"><span class='ocrx_word' id='word_1_138' title='bbox 258 1924 390 1990; x_wconf 89' lang='lat' dir='ltr'><strong>tarehus</strong></span> <span class='ocrx_word' id='word_1_139' title='bbox 412 1922 459 1988; x_wconf 89' lang='lat' dir='ltr'>sio</span> <span class='ocrx_word' id='word_1_140' title='bbox 480 1921 603 1988; x_wconf 88' lang='lat' dir='ltr'><strong>rettulit</strong></span> <span class='ocrx_word' id='word_1_141' title='bbox 621 1940 728 2006; x_wconf 88' lang='lat' dir='ltr'><strong>praee.</strong></span> <span class='ocrx_word' id='word_1_142' title='bbox 744 1920 880 2004; x_wconf 90' lang='lat' dir='ltr'><strong>reipubl.</strong></span> <span class='ocrx_word' id='word_1_143' title='bbox 897 1942 964 2005; x_wconf 84' lang='lat' dir='ltr'><strong>ger.</strong></span> <span class='ocrx_word' id='word_1_144' title='bbox 981 1924 1022 1988; x_wconf 87' lang='lat'>18</span> <span class='ocrx_word' id='word_1_145' title='bbox 1045 1945 1076 2007; x_wconf 92' lang='lat' dir='ltr'>p.</span> <span class='ocrx_word' id='word_1_146' title='bbox 1092 1924 1156 1989; x_wconf 84' lang='lat'>814</span> <span class='ocrx_word' id='word_1_147' title='bbox 1173 1922 1284 2007; x_wconf 78' lang='grc' dir='ltr'>Ἄρειόν</span> <span class='ocrx_word' id='word_1_148' title='bbox 1306 1947 1338 1986; x_wconf 88' lang='grc' dir='ltr'>τε</span> <span class='ocrx_word' id='word_1_149' title='bbox 1360 1921 1475 2008; x_wconf 87' lang='grc' dir='ltr'>Καῖσαρ</span> <span class='ocrx_word' id='word_1_150' title='bbox 1499 1925 1548 1988; x_wconf 75' lang='grc' dir='ltr'>ὅτε</span> <span class='ocrx_word' id='word_1_151' title='bbox 1569 1925 1624 2008; x_wconf 78' lang='grc' dir='ltr'>τὴν</span> 
     </span>
     <span class='ocr_line' id='line_1_17' title="bbox 256 2021 1624 2111; baseline -0.002 -19"><span class='ocrx_word' id='word_1_152' title='bbox 256 2026 467 2111; x_wconf 82' lang='grc' dir='ltr'>Ἀλεξάνδρειαν</span> <span class='ocrx_word' id='word_1_153' title='bbox 497 2026 558 2089; x_wconf 82' lang='grc' dir='ltr'>εἷλε</span> <span class='ocrx_word' id='word_1_154' title='bbox 584 2025 632 2089; x_wconf 82' lang='grc' dir='ltr'>διὰ</span> <span class='ocrx_word' id='word_1_155' title='bbox 659 2025 756 2109; x_wconf 75' lang='grc' dir='ltr'>χειρδς</span> <span class='ocrx_word' id='word_1_156' title='bbox 788 2021 867 2109; x_wconf 85' lang='grc' dir='ltr'>ἔχων</span> <span class='ocrx_word' id='word_1_157' title='bbox 896 2028 943 2090; x_wconf 83' lang='grc' dir='ltr'>καλ</span> <span class='ocrx_word' id='word_1_158' title='bbox 978 2028 1059 2111; x_wconf 85' lang='grc' dir='ltr'>μόνῳ</span> <span class='ocrx_word' id='word_1_159' title='bbox 1089 2029 1274 2110; x_wconf 77' lang='grc' dir='ltr'>προσομιλῶν</span> <span class='ocrx_word' id='word_1_160' title='bbox 1305 2031 1364 2089; x_wconf 93' lang='grc' dir='ltr'>τῶν</span> <span class='ocrx_word' id='word_1_161' title='bbox 1396 2027 1532 2110; x_wconf 78' lang='grc' dir='ltr'>συνήθων</span> <span class='ocrx_word' id='word_1_162' title='bbox 1560 2046 1624 2090; x_wconf 85' lang='grc' dir='ltr'>συν·</span> 
     </span>
     <span class='ocr_line' id='line_1_18' title="bbox 259 2125 1623 2216; baseline -0.001 -22"><span class='ocrx_word' id='word_1_163' title='bbox 259 2134 429 2216; x_wconf 82' lang='grc' dir='ltr'>εισηλασεν,</span> <span class='ocrx_word' id='word_1_164' title='bbox 465 2127 528 2191; x_wconf 80' lang='grc' dir='ltr'>εἶτα</span> <span class='ocrx_word' id='word_1_165' title='bbox 564 2132 623 2196; x_wconf 86' lang='grc' dir='ltr'>τοῖς</span> <span class='ocrx_word' id='word_1_166' title='bbox 657 2125 871 2210; x_wconf 80' lang='grc' dir='ltr'>Ἀλεξανδρεῦσι</span> <span class='ocrx_word' id='word_1_167' title='bbox 905 2129 941 2192; x_wconf 82' lang='grc' dir='ltr'>τὰ</span> <span class='ocrx_word' id='word_1_168' title='bbox 974 2127 1086 2214; x_wconf 84' lang='grc' dir='ltr'>ἔσχατα</span> <span class='ocrx_word' id='word_1_169' title='bbox 1124 2131 1307 2212; x_wconf 78' lang='grc' dir='ltr'>προσδοκῶσι</span> <span class='ocrx_word' id='word_1_170' title='bbox 1342 2129 1391 2191; x_wconf 83' lang='grc' dir='ltr'>καὶ</span> <span class='ocrx_word' id='word_1_171' title='bbox 1423 2129 1571 2211; x_wconf 78' lang='grc' dir='ltr'>δεομένοις</span> <span class='ocrx_word' id='word_1_172' title='bbox 1607 2131 1623 2193; x_wconf 87' lang='grc' dir='ltr'>ό</span> 
     </span>
     <span class='ocr_line' id='line_1_19' title="bbox 259 2228 1623 2316; baseline -0.001 -19"><span class='ocrx_word' id='word_1_173' title='bbox 259 2232 425 2316; x_wconf 74' lang='grc' dir='ltr'>Αὔγουστος</span> <span class='ocrx_word' id='word_1_174' title='bbox 463 2228 520 2315; x_wconf 85' lang='grc' dir='ltr'>ἔφη</span> <span class='ocrx_word' id='word_1_175' title='bbox 556 2229 777 2293; x_wconf 89' lang='grc' dir='ltr'>διαλλάττεσθαι</span> <span class='ocrx_word' id='word_1_176' title='bbox 810 2231 858 2291; x_wconf 90' lang='grc' dir='ltr'>διαί</span> <span class='ocrx_word' id='word_1_177' title='bbox 890 2252 921 2292; x_wconf 85' lang='grc' dir='ltr'>τε</span> <span class='ocrx_word' id='word_1_178' title='bbox 954 2233 988 2293; x_wconf 88' lang='grc' dir='ltr'>τό</span> <span class='ocrx_word' id='word_1_179' title='bbox 1021 2231 1143 2314; x_wconf 85' lang='grc' dir='ltr'>μέγεθος</span> <span class='ocrx_word' id='word_1_180' title='bbox 1177 2237 1229 2315; x_wconf 76' lang='grc' dir='ltr'>τῆς</span> <span class='ocrx_word' id='word_1_181' title='bbox 1263 2231 1377 2300; x_wconf 88' lang='grc' dir='ltr'>πόλεως</span> <span class='ocrx_word' id='word_1_182' title='bbox 1411 2233 1459 2294; x_wconf 83' lang='grc' dir='ltr'>καλ</span> <span class='ocrx_word' id='word_1_183' title='bbox 1493 2233 1541 2297; x_wconf 82' lang='grc' dir='ltr'>διὰ</span> <span class='ocrx_word' id='word_1_184' title='bbox 1574 2233 1623 2296; x_wconf 85' lang='grc' dir='ltr'>τόν</span> 
     </span>
     <span class='ocr_line' id='line_1_20' title="bbox 259 2328 1624 2420; baseline 0.001 -22"><span class='ocrx_word' id='word_1_185' title='bbox 259 2335 388 2418; x_wconf 73' lang='grc' dir='ltr'>οἰκιστὴν</span> <span class='ocrx_word' id='word_1_186' title='bbox 399 2332 583 2415; x_wconf 83' lang='grc' dir='ltr'>Ἀλέξανδρον</span> <span class='ocrx_word' id='word_1_187' title='bbox 605 2331 653 2394; x_wconf 86' lang='grc' dir='ltr'>καὶ</span> <span class='ocrx_word' id='word_1_188' title='bbox 669 2332 772 2415; x_wconf 83' lang='grc' dir='ltr'>τρίτον,</span> <span class='ocrx_word' id='word_1_189' title='bbox 795 2328 863 2414; x_wconf 82' lang='grc' dir='ltr'>ἔφη,</span> <span class='ocrx_word' id='word_1_190' title='bbox 885 2334 928 2415; x_wconf 81' lang='grc' dir='ltr'>τῷ</span> <span class='ocrx_word' id='word_1_191' title='bbox 943 2332 1021 2417; x_wconf 87' lang='grc' dir='ltr'>φίλῳ</span> <span class='ocrx_word' id='word_1_192' title='bbox 1045 2357 1100 2415; x_wconf 85' lang='grc' dir='ltr'>μου</span> <span class='ocrx_word' id='word_1_193' title='bbox 1122 2334 1217 2418; x_wconf 85' lang='grc' dir='ltr'>τούτῳ</span> <span class='ocrx_word' id='word_1_194' title='bbox 1239 2334 1440 2418; x_wconf 74' lang='grc' dir='ltr'>χαριζόμενος.</span> <span class='ocrx_word' id='word_1_195' title='bbox 1472 2331 1525 2420; x_wconf 84' lang='lat' dir='ltr'><strong>[ef.</strong></span> <span class='ocrx_word' id='word_1_196' title='bbox 1546 2351 1624 2417; x_wconf 73' lang='lat' dir='ltr'>apo</span> 
     </span>
     <span class='ocr_line' id='line_1_21' title="bbox 259 2430 1623 2519; baseline -0.002 -19"><span class='ocrx_word' id='word_1_197' title='bbox 259 2435 424 2519; x_wconf 82' lang='lat' dir='ltr'><strong>phthegm.</strong></span> <span class='ocrx_word' id='word_1_198' title='bbox 447 2454 513 2516; x_wconf 82' lang='lat' dir='ltr'><strong>reg.</strong></span> <span class='ocrx_word' id='word_1_199' title='bbox 538 2433 632 2500; x_wconf 81' lang='lat' dir='ltr'><strong>Caes.</strong></span> <span class='ocrx_word' id='word_1_200' title='bbox 655 2432 737 2515; x_wconf 78' lang='lat' dir='ltr'><strong>Aug.</strong></span> <span class='ocrx_word' id='word_1_201' title='bbox 757 2433 777 2496; x_wconf 85' lang='lat'><strong>3</strong></span> <span class='ocrx_word' id='word_1_202' title='bbox 800 2453 831 2515; x_wconf 88' lang='lat' dir='ltr'>p.</span> <span class='ocrx_word' id='word_1_203' title='bbox 849 2430 924 2519; x_wconf 79' lang='lat'>207]</span> <span class='ocrx_word' id='word_1_204' title='bbox 950 2433 1036 2499; x_wconf 92' lang='lat' dir='ltr'><strong>idem</strong></span> <span class='ocrx_word' id='word_1_205' title='bbox 1059 2434 1096 2500; x_wconf 90' lang='lat' dir='ltr'>V.</span> <span class='ocrx_word' id='word_1_206' title='bbox 1119 2434 1238 2499; x_wconf 85' lang='lat' dir='ltr'><strong>Anton.</strong></span> <span class='ocrx_word' id='word_1_207' title='bbox 1261 2435 1304 2499; x_wconf 83' lang='lat'>80</span> <span class='ocrx_word' id='word_1_208' title='bbox 1330 2434 1418 2504; x_wconf 87' lang='grc' dir='ltr'>αότδς</span> <span class='ocrx_word' id='word_1_209' title='bbox 1446 2435 1479 2498; x_wconf 82' lang='grc' dir='ltr'>δὲ</span> <span class='ocrx_word' id='word_1_210' title='bbox 1506 2432 1623 2519; x_wconf 85' lang='grc' dir='ltr'>Καῖσαρ</span> 
     </span>
     <span class='ocr_line' id='line_1_22' title="bbox 259 2533 1623 2623; baseline -0.001 -22"><span class='ocrx_word' id='word_1_211' title='bbox 259 2538 426 2623; x_wconf 79' lang='grc' dir='ltr'>εἰσήλαυνεν</span> <span class='ocrx_word' id='word_1_212' title='bbox 453 2538 493 2607; x_wconf 85' lang='grc' dir='ltr'>είς</span> <span class='ocrx_word' id='word_1_213' title='bbox 518 2538 571 2620; x_wconf 78' lang='grc' dir='ltr'>τὴν</span> <span class='ocrx_word' id='word_1_214' title='bbox 599 2536 681 2600; x_wconf 93' lang='grc' dir='ltr'>πόλιν</span> <span class='ocrx_word' id='word_1_215' title='bbox 700 2533 803 2619; x_wconf 80' lang='grc' dir='ltr'>Ἀρείῳ</span> <span class='ocrx_word' id='word_1_216' title='bbox 829 2539 872 2618; x_wconf 82' lang='grc' dir='ltr'>τῷ</span> <span class='ocrx_word' id='word_1_217' title='bbox 902 2537 1055 2622; x_wconf 84' lang='grc' dir='ltr'>φιλοσόφῳ</span> <span class='ocrx_word' id='word_1_218' title='bbox 1083 2538 1359 2622; x_wconf 74' lang='grc' dir='ltr'>προσδιαλεγόμενος</span> <span class='ocrx_word' id='word_1_219' title='bbox 1381 2538 1430 2600; x_wconf 80' lang='grc' dir='ltr'>καί</span> <span class='ocrx_word' id='word_1_220' title='bbox 1453 2539 1505 2620; x_wconf 81' lang='grc' dir='ltr'>τὴν</span> <span class='ocrx_word' id='word_1_221' title='bbox 1527 2535 1623 2605; x_wconf 79' lang='grc' dir='ltr'>δεξιὰν</span> 
     </span>
     <span class='ocr_line' id='line_1_23' title="bbox 259 2637 1623 2726; baseline -0.001 -22"><span class='ocrx_word' id='word_1_222' title='bbox 259 2642 443 2718; x_wconf 79' lang='grc' dir='ltr'>ἐνδεδωκώς,</span> <span class='ocrx_word' id='word_1_223' title='bbox 477 2640 524 2703; x_wconf 78' lang='grc' dir='ltr'>ἵνα</span> <span class='ocrx_word' id='word_1_224' title='bbox 556 2639 645 2709; x_wconf 85' lang='grc' dir='ltr'>εύθὶις</span> <span class='ocrx_word' id='word_1_225' title='bbox 678 2640 712 2702; x_wconf 85' lang='grc' dir='ltr'>έν</span> <span class='ocrx_word' id='word_1_226' title='bbox 748 2643 824 2706; x_wconf 88' lang='grc' dir='ltr'>τοῖς</span> <span class='ocrx_word' id='word_1_227' title='bbox 862 2637 1022 2708; x_wconf 77' lang='grc' dir='ltr'>πολίταις</span> <span class='ocrx_word' id='word_1_228' title='bbox 1055 2640 1243 2726; x_wconf 87' lang='grc' dir='ltr'>περίβλεπτος</span> <span class='ocrx_word' id='word_1_229' title='bbox 1276 2638 1322 2722; x_wconf 81' lang='grc' dir='ltr'>εἴη</span> <span class='ocrx_word' id='word_1_230' title='bbox 1360 2639 1407 2702; x_wconf 86' lang='grc' dir='ltr'>καὶ</span> <span class='ocrx_word' id='word_1_231' title='bbox 1442 2639 1623 2722; x_wconf 77' lang='grc' dir='ltr'>θαυμάζοιτο</span> 
     </span>
     <span class='ocr_line' id='line_1_24' title="bbox 258 2739 1622 2828; baseline -0.001 -21"><span class='ocrx_word' id='word_1_232' title='bbox 258 2746 420 2826; x_wconf 85' lang='grc' dir='ltr'>τιμώμενος</span> <span class='ocrx_word' id='word_1_233' title='bbox 447 2739 491 2805; x_wconf 83' lang='grc' dir='ltr'>ὑπ’</span> <span class='ocrx_word' id='word_1_234' title='bbox 523 2742 612 2805; x_wconf 79' lang='grc' dir='ltr'>αὐτοῦ</span> <span class='ocrx_word' id='word_1_235' title='bbox 640 2744 815 2824; x_wconf 81' lang='grc' dir='ltr'>διαπρεπῶς.</span> <span class='ocrx_word' id='word_1_236' title='bbox 844 2739 884 2809; x_wconf 82' lang='grc' dir='ltr'>εἰς</span> <span class='ocrx_word' id='word_1_237' title='bbox 907 2741 939 2803; x_wconf 88' lang='grc' dir='ltr'>δὲ</span> <span class='ocrx_word' id='word_1_238' title='bbox 961 2743 994 2803; x_wconf 88' lang='grc' dir='ltr'>τύ</span> <span class='ocrx_word' id='word_1_239' title='bbox 1016 2745 1171 2824; x_wconf 87' lang='grc' dir='ltr'>γυμνάσιον</span> <span class='ocrx_word' id='word_1_240' title='bbox 1194 2742 1334 2807; x_wconf 82' lang='grc' dir='ltr'>εἰσελθὼν</span> <span class='ocrx_word' id='word_1_241' title='bbox 1361 2741 1409 2804; x_wconf 82' lang='grc' dir='ltr'>καλ</span> <span class='ocrx_word' id='word_1_242' title='bbox 1437 2742 1547 2828; x_wconf 78' lang='grc' dir='ltr'>ἀναβὰς</span> <span class='ocrx_word' id='word_1_243' title='bbox 1573 2741 1622 2805; x_wconf 82' lang='grc' dir='ltr'>ἐπὶ</span> 
     </span>
     <span class='ocr_line' id='line_1_25' title="bbox 259 2843 1623 2933; baseline -0.002 -24"><span class='ocrx_word' id='word_1_244' title='bbox 259 2849 342 2933; x_wconf 80' lang='grc' dir='ltr'>βῆμά</span> <span class='ocrx_word' id='word_1_245' title='bbox 368 2870 394 2909; x_wconf 93' lang='grc' dir='ltr'>τι</span> <span class='ocrx_word' id='word_1_246' title='bbox 423 2845 616 2928; x_wconf 80' lang='grc' dir='ltr'>πεποιημένον</span> <span class='ocrx_word' id='word_1_247' title='bbox 654 2843 897 2925; x_wconf 80' lang='grc' dir='ltr'>ἐκπεπληγμένων</span> <span class='ocrx_word' id='word_1_248' title='bbox 930 2844 986 2906; x_wconf 87' lang='grc' dir='ltr'>ὑπὸ</span> <span class='ocrx_word' id='word_1_249' title='bbox 1018 2844 1101 2914; x_wconf 82' lang='grc' dir='ltr'>δέους</span> <span class='ocrx_word' id='word_1_250' title='bbox 1130 2850 1189 2908; x_wconf 90' lang='grc' dir='ltr'>τῶν</span> <span class='ocrx_word' id='word_1_251' title='bbox 1222 2846 1387 2928; x_wconf 85' lang='grc' dir='ltr'>ἀνθρώπων</span> <span class='ocrx_word' id='word_1_252' title='bbox 1422 2844 1471 2906; x_wconf 78' lang='grc' dir='ltr'>καί</span> <span class='ocrx_word' id='word_1_253' title='bbox 1503 2863 1623 2926; x_wconf 82' lang='grc' dir='ltr'>προσπι·</span> 
     </span>
     <span class='ocr_line' id='line_1_26' title="bbox 259 2943 1624 3032; baseline -0.004 -19"><span class='ocrx_word' id='word_1_254' title='bbox 259 2950 400 3025; x_wconf 89' lang='grc' dir='ltr'>πτόντων,</span> <span class='ocrx_word' id='word_1_255' title='bbox 423 2948 581 3031; x_wconf 77' lang='grc' dir='ltr'>ἀναστῆναι</span> <span class='ocrx_word' id='word_1_256' title='bbox 604 2945 742 3014; x_wconf 85' lang='grc' dir='ltr'>κελεύσας</span> <span class='ocrx_word' id='word_1_257' title='bbox 765 2943 823 3029; x_wconf 84' lang='grc' dir='ltr'>ἔφη</span> <span class='ocrx_word' id='word_1_258' title='bbox 846 2947 941 3027; x_wconf 88' lang='grc' dir='ltr'>πάσης</span> <span class='ocrx_word' id='word_1_259' title='bbox 968 2945 1060 3016; x_wconf 81' lang='grc' dir='ltr'>αἰτίας</span> <span class='ocrx_word' id='word_1_260' title='bbox 1086 2949 1135 3011; x_wconf 87' lang='grc' dir='ltr'>τόν</span> <span class='ocrx_word' id='word_1_261' title='bbox 1162 2950 1255 3030; x_wconf 81' lang='grc' dir='ltr'>δῆμον</span> <span class='ocrx_word' id='word_1_262' title='bbox 1282 2947 1397 3032; x_wconf 82' lang='grc' dir='ltr'>ἀφιέναι</span> <span class='ocrx_word' id='word_1_263' title='bbox 1425 2949 1541 3029; x_wconf 88' lang='grc' dir='ltr'>πρῶτον</span> <span class='ocrx_word' id='word_1_264' title='bbox 1568 2946 1624 3027; x_wconf 64' lang='grc' dir='ltr'>μὲν</span> 
     </span>
     <span class='ocr_line' id='line_1_27' title="bbox 259 3045 1625 3133; baseline -0.004 -18"><span class='ocrx_word' id='word_1_265' title='bbox 259 3053 307 3115; x_wconf 80' lang='grc' dir='ltr'>διὰ</span> <span class='ocrx_word' id='word_1_266' title='bbox 329 3054 377 3115; x_wconf 87' lang='grc' dir='ltr'>τόν</span> <span class='ocrx_word' id='word_1_267' title='bbox 400 3049 516 3132; x_wconf 81' lang='grc' dir='ltr'>κτίστην</span> <span class='ocrx_word' id='word_1_268' title='bbox 538 3047 722 3132; x_wconf 74' lang='grc' dir='ltr'>Ἀλέξανδρον</span> <span class='ocrx_word' id='word_1_269' title='bbox 743 3051 804 3110; x_wconf 91' lang='grc' dir='ltr'>κτλ.</span> <span class='ocrx_word' id='word_1_270' title='bbox 839 3053 905 3112; x_wconf 91' lang='lat' dir='ltr'>tum</span> <span class='ocrx_word' id='word_1_271' title='bbox 929 3048 1035 3131; x_wconf 82' lang='lat' dir='ltr'><strong>pergit</strong></span> <span class='ocrx_word' id='word_1_272' title='bbox 1055 3048 1162 3132; x_wconf 84' lang='grc' dir='ltr'>ταύτης</span> <span class='ocrx_word' id='word_1_273' title='bbox 1184 3051 1220 3133; x_wconf 85' lang='grc' dir='ltr'>δὴ</span> <span class='ocrx_word' id='word_1_274' title='bbox 1243 3055 1296 3133; x_wconf 76' lang='grc' dir='ltr'>τῆς</span> <span class='ocrx_word' id='word_1_275' title='bbox 1322 3054 1408 3132; x_wconf 78' lang='grc' dir='ltr'>τιμῆς</span> <span class='ocrx_word' id='word_1_276' title='bbox 1430 3045 1518 3133; x_wconf 84' lang='grc' dir='ltr'>ἔτυχε</span> <span class='ocrx_word' id='word_1_277' title='bbox 1542 3046 1625 3131; x_wconf 79' lang='grc' dir='ltr'>παρὰ</span> 
     </span>
     <span class='ocr_line' id='line_1_28' title="bbox 261 3150 1625 3238; baseline -0.004 -21"><span class='ocrx_word' id='word_1_278' title='bbox 261 3151 408 3238; x_wconf 86' lang='grc' dir='ltr'>Καίσαρος</span> <span class='ocrx_word' id='word_1_279' title='bbox 424 3151 534 3235; x_wconf 79' lang='grc' dir='ltr'>Ἄρειος</span> <span class='ocrx_word' id='word_1_280' title='bbox 556 3152 604 3214; x_wconf 77' lang='grc' dir='ltr'>καὶ</span> <span class='ocrx_word' id='word_1_281' title='bbox 626 3156 684 3213; x_wconf 91' lang='grc' dir='ltr'>τῶν</span> <span class='ocrx_word' id='word_1_282' title='bbox 706 3150 803 3214; x_wconf 82' lang='grc' dir='ltr'>ἀλλων</span> <span class='ocrx_word' id='word_1_283' title='bbox 823 3150 985 3235; x_wconf 82' lang='grc' dir='ltr'>έξητήσατο</span> <span class='ocrx_word' id='word_1_284' title='bbox 1000 3151 1133 3236; x_wconf 83' lang='grc' dir='ltr'>συχνούς.</span> <span class='ocrx_word' id='word_1_285' title='bbox 1161 3152 1202 3215; x_wconf 91' lang='grc' dir='ltr'>ών</span> <span class='ocrx_word' id='word_1_286' title='bbox 1218 3151 1253 3236; x_wconf 75' lang='grc' dir='ltr'>ἦν</span> <span class='ocrx_word' id='word_1_287' title='bbox 1271 3153 1319 3215; x_wconf 81' lang='grc' dir='ltr'>καὶ</span> <span class='ocrx_word' id='word_1_288' title='bbox 1336 3151 1533 3234; x_wconf 82' lang='grc' dir='ltr'>Φιλόστρατος</span> <span class='ocrx_word' id='word_1_289' title='bbox 1548 3150 1625 3232; x_wconf 89' lang='grc' dir='ltr'>ἀνὴρ</span> 
     </span>
     <span class='ocr_line' id='line_1_29' title="bbox 260 3251 1625 3338; baseline -0.004 -20"><span class='ocrx_word' id='word_1_290' title='bbox 260 3256 349 3318; x_wconf 84' lang='grc' dir='ltr'>εἰπεῖν</span> <span class='ocrx_word' id='word_1_291' title='bbox 373 3256 425 3337; x_wconf 83' lang='grc' dir='ltr'>μὲν</span> <span class='ocrx_word' id='word_1_292' title='bbox 448 3254 478 3323; x_wconf 80' lang='grc' dir='ltr'>ἐξ</span> <span class='ocrx_word' id='word_1_293' title='bbox 500 3255 659 3337; x_wconf 76' lang='grc' dir='ltr'>ἐπιδρομῆς</span> <span class='ocrx_word' id='word_1_294' title='bbox 681 3257 739 3316; x_wconf 92' lang='grc' dir='ltr'>τῶν</span> <span class='ocrx_word' id='word_1_295' title='bbox 762 3256 881 3316; x_wconf 87' lang='grc' dir='ltr'>πώποτε</span> <span class='ocrx_word' id='word_1_296' title='bbox 904 3258 1049 3338; x_wconf 83' lang='grc' dir='ltr'>σοφιστῶν</span> <span class='ocrx_word' id='word_1_297' title='bbox 1073 3256 1259 3332; x_wconf 82' lang='grc' dir='ltr'>ἱκανώτατος,</span> <span class='ocrx_word' id='word_1_298' title='bbox 1281 3255 1418 3318; x_wconf 82' lang='grc' dir='ltr'>εἰσποιῶν</span> <span class='ocrx_word' id='word_1_299' title='bbox 1442 3252 1475 3315; x_wconf 79' lang='grc' dir='ltr'>δὲ</span> <span class='ocrx_word' id='word_1_300' title='bbox 1495 3251 1536 3334; x_wconf 78' lang='grc' dir='ltr'>μὴ</span> <span class='ocrx_word' id='word_1_301' title='bbox 1554 3274 1625 3335; x_wconf 90' lang='grc' dir='ltr'>προ-</span> 
     </span>
     <span class='ocr_line' id='line_1_30' title="bbox 260 3353 1626 3441; baseline -0.004 -20"><span class='ocrx_word' id='word_1_302' title='bbox 260 3359 408 3441; x_wconf 87' lang='grc' dir='ltr'>σηκόντως</span> <span class='ocrx_word' id='word_1_303' title='bbox 431 3357 532 3420; x_wconf 81' lang='grc' dir='ltr'>ἑαυτόν</span> <span class='ocrx_word' id='word_1_304' title='bbox 554 3353 860 3439; x_wconf 70' lang='grc' dir='ltr'>τῇἈκαδημείᾳδιό</span> <span class='ocrx_word' id='word_1_305' title='bbox 883 3357 930 3419; x_wconf 85' lang='grc' dir='ltr'>καὶ</span> <span class='ocrx_word' id='word_1_306' title='bbox 954 3353 1070 3440; x_wconf 75' lang='grc' dir='ltr'>Καῖσαρ</span> <span class='ocrx_word' id='word_1_307' title='bbox 1093 3356 1181 3420; x_wconf 85' lang='grc' dir='ltr'>αότοδ</span> <span class='ocrx_word' id='word_1_308' title='bbox 1202 3358 1425 3441; x_wconf 81' lang='grc' dir='ltr'>βδελυττόμενος</span> <span class='ocrx_word' id='word_1_309' title='bbox 1445 3356 1495 3418; x_wconf 87' lang='grc' dir='ltr'>τόν</span> <span class='ocrx_word' id='word_1_310' title='bbox 1517 3353 1626 3437; x_wconf 90' lang='grc' dir='ltr'>τρόπον</span> 
     </span>
     <span class='ocr_line' id='line_1_31' title="bbox 261 3457 1626 3545; baseline -0.004 -22"><span class='ocrx_word' id='word_1_311' title='bbox 261 3461 295 3523; x_wconf 90' lang='grc' dir='ltr'>ού</span> <span class='ocrx_word' id='word_1_312' title='bbox 318 3462 452 3545; x_wconf 89' lang='grc' dir='ltr'>προσίετο</span> <span class='ocrx_word' id='word_1_313' title='bbox 474 3459 526 3528; x_wconf 84' lang='grc' dir='ltr'>τὰς</span> <span class='ocrx_word' id='word_1_314' title='bbox 550 3459 673 3542; x_wconf 83' lang='grc' dir='ltr'>δεήσεις.</span> <span class='ocrx_word' id='word_1_315' title='bbox 708 3459 724 3520; x_wconf 92' lang='grc' dir='ltr'>ό</span> <span class='ocrx_word' id='word_1_316' title='bbox 747 3457 779 3520; x_wconf 82' lang='grc' dir='ltr'>δὲ</span> <span class='ocrx_word' id='word_1_317' title='bbox 798 3459 925 3539; x_wconf 85' lang='grc' dir='ltr'>πώγωνα</span> <span class='ocrx_word' id='word_1_318' title='bbox 947 3459 1047 3521; x_wconf 88' lang='grc' dir='ltr'>πολιόν</span> <span class='ocrx_word' id='word_1_319' title='bbox 1070 3458 1171 3528; x_wconf 77' lang='grc' dir='ltr'>καθεὶς</span> <span class='ocrx_word' id='word_1_320' title='bbox 1193 3460 1241 3523; x_wconf 88' lang='grc' dir='ltr'>καὶ</span> <span class='ocrx_word' id='word_1_321' title='bbox 1263 3461 1350 3543; x_wconf 87' lang='grc' dir='ltr'>φαιόν</span> <span class='ocrx_word' id='word_1_322' title='bbox 1373 3460 1485 3541; x_wconf 79' lang='grc' dir='ltr'>ἱμάτιον</span> <span class='ocrx_word' id='word_1_323' title='bbox 1507 3457 1626 3541; x_wconf 86' lang='grc' dir='ltr'>περιβα-</span> 
     </span>
     <span class='ocr_line' id='line_1_32' title="bbox 261 3558 1626 3646; baseline 0.001 -22"><span class='ocrx_word' id='word_1_324' title='bbox 261 3562 382 3645; x_wconf 88' lang='grc' dir='ltr'>λόμενος</span> <span class='ocrx_word' id='word_1_325' title='bbox 408 3562 558 3632; x_wconf 76' lang='grc' dir='ltr'>ἐξόπισθεν</span> <span class='ocrx_word' id='word_1_326' title='bbox 583 3558 686 3643; x_wconf 82' lang='grc' dir='ltr'>Ἀρείῳ</span> <span class='ocrx_word' id='word_1_327' title='bbox 713 3559 928 3642; x_wconf 73' lang='grc' dir='ltr'>παρηκολούθει</span> <span class='ocrx_word' id='word_1_328' title='bbox 956 3564 1057 3623; x_wconf 80' lang='grc' dir='ltr'>τοῦτον</span> <span class='ocrx_word' id='word_1_329' title='bbox 1088 3561 1133 3623; x_wconf 85' lang='grc' dir='ltr'>ἀεὶ</span> <span class='ocrx_word' id='word_1_330' title='bbox 1166 3563 1214 3625; x_wconf 85' lang='grc' dir='ltr'>τόν</span> <span class='ocrx_word' id='word_1_331' title='bbox 1242 3561 1343 3646; x_wconf 86' lang='grc' dir='ltr'>στίχον</span> <span class='ocrx_word' id='word_1_332' title='bbox 1370 3559 1626 3644; x_wconf 74' lang='grc' dir='ltr'>ἀναφθεγγόμενος</span> 
     </span>
    </p>

    <p class='ocr_par' dir='ltr' id='par_1_5' title="bbox 260 3655 1627 3956">
     <span class='ocr_line' id='line_1_33' title="bbox 463 3655 1112 3748; baseline -0.005 -20"><span class='ocrx_word' id='word_1_333' title='bbox 463 3664 546 3748; x_wconf 79' lang='grc' dir='ltr'>σοφοὶ</span> <span class='ocrx_word' id='word_1_334' title='bbox 570 3661 677 3747; x_wconf 80' lang='grc' dir='ltr'>σοφούς</span> <span class='ocrx_word' id='word_1_335' title='bbox 699 3655 842 3746; x_wconf 73' lang='grc' dir='ltr'>σώζουσιν</span> <span class='ocrx_word' id='word_1_336' title='bbox 865 3659 900 3723; x_wconf 82' lang='grc' dir='ltr'>ἀν</span> <span class='ocrx_word' id='word_1_337' title='bbox 923 3662 993 3726; x_wconf 86' lang='grc' dir='ltr'>ῶσιν</span> <span class='ocrx_word' id='word_1_338' title='bbox 1017 3660 1112 3747; x_wconf 88' lang='grc' dir='ltr'>σοφοί.</span> 
     </span>
     <span class='ocr_line' id='line_1_34' title="bbox 260 3763 1627 3851; baseline -0.004 -18"><span class='ocrx_word' id='word_1_339' title='bbox 260 3770 424 3851; x_wconf 87' lang='grc' dir='ltr'>πυθόμενος</span> <span class='ocrx_word' id='word_1_340' title='bbox 452 3768 485 3830; x_wconf 80' lang='grc' dir='ltr'>δὲ</span> <span class='ocrx_word' id='word_1_341' title='bbox 513 3764 627 3849; x_wconf 82' lang='grc' dir='ltr'>Καῖσαρ</span> <span class='ocrx_word' id='word_1_342' title='bbox 657 3766 705 3828; x_wconf 79' lang='grc' dir='ltr'>καὶ</span> <span class='ocrx_word' id='word_1_343' title='bbox 732 3769 784 3827; x_wconf 86' lang='grc' dir='ltr'>τού</span> <span class='ocrx_word' id='word_1_344' title='bbox 810 3764 923 3848; x_wconf 90' lang='grc' dir='ltr'>φθόνου</span> <span class='ocrx_word' id='word_1_345' title='bbox 946 3767 1055 3846; x_wconf 79' lang='grc' dir='ltr'>μᾶλλον</span> <span class='ocrx_word' id='word_1_346' title='bbox 1072 3763 1183 3849; x_wconf 82' lang='grc' dir='ltr'>Ἄρειον</span> <span class='ocrx_word' id='word_1_347' title='bbox 1206 3766 1225 3848; x_wconf 75' lang='grc' dir='ltr'><strong>ἡ</strong></span> <span class='ocrx_word' id='word_1_348' title='bbox 1245 3769 1296 3828; x_wconf 85' lang='grc' dir='ltr'>τού</span> <span class='ocrx_word' id='word_1_349' title='bbox 1320 3766 1402 3834; x_wconf 84' lang='grc' dir='ltr'>δέους</span> <span class='ocrx_word' id='word_1_350' title='bbox 1425 3764 1627 3848; x_wconf 87' lang='grc' dir='ltr'>Φιλόστρατον</span> 
     </span>
     <span class='ocr_line' id='line_1_35' title="bbox 262 3869 736 3956; baseline -0.019 -20"><span class='ocrx_word' id='word_1_351' title='bbox 262 3871 426 3940; x_wconf 77' lang='grc' dir='ltr'>ἀπαλλάξαι</span> <span class='ocrx_word' id='word_1_352' title='bbox 448 3869 622 3956; x_wconf 87' lang='grc' dir='ltr'>βουλόμενος</span> <span class='ocrx_word' id='word_1_353' title='bbox 644 3869 736 3951; x_wconf 81' lang='grc' dir='ltr'>διῆκε.</span> 
     </span>
    </p>

    <p class='ocr_par' dir='ltr' id='par_1_6' title="bbox 259 3966 1631 4465">
     <span class='ocr_line' id='line_1_36' title="bbox 348 3966 1630 4038; baseline -0.004 0"><span class='ocrx_word' id='word_1_354' title='bbox 348 3971 502 4038; x_wconf 91' lang='lat' dir='ltr'><strong>Similiter</strong></span> <span class='ocrx_word' id='word_1_355' title='bbox 535 3975 569 4034; x_wconf 89' lang='lat' dir='ltr'>ut</span> <span class='ocrx_word' id='word_1_356' title='bbox 604 3989 645 4033; x_wconf 85' lang='lat' dir='ltr'><strong>ex</strong></span> <span class='ocrx_word' id='word_1_357' title='bbox 677 3969 791 4035; x_wconf 90' lang='lat' dir='ltr'><strong>eodem</strong></span> <span class='ocrx_word' id='word_1_358' title='bbox 826 3967 916 4032; x_wconf 88' lang='lat' dir='ltr'><strong>fonte</strong></span> <span class='ocrx_word' id='word_1_359' title='bbox 946 3973 1057 4032; x_wconf 89' lang='lat' dir='ltr'><strong>narrat</strong></span> <span class='ocrx_word' id='word_1_360' title='bbox 1084 3966 1216 4032; x_wconf 79' lang='lat' dir='ltr'><strong>Cassius</strong></span> <span class='ocrx_word' id='word_1_361' title='bbox 1241 3967 1303 4032; x_wconf 89' lang='lat' dir='ltr'>Dio</span> <span class='ocrx_word' id='word_1_362' title='bbox 1331 3968 1375 4034; x_wconf 88' lang='lat' dir='ltr'>LI</span> <span class='ocrx_word' id='word_1_363' title='bbox 1398 3970 1478 4033; x_wconf 86' lang='grc'>163</span> <span class='ocrx_word' id='word_1_364' title='bbox 1508 3975 1567 4034; x_wconf 80' lang='grc' dir='ltr'>τῶν</span> <span class='ocrx_word' id='word_1_365' title='bbox 1594 3993 1630 4033; x_wconf 82' lang='grc' dir='ltr'>τε</span> 
     </span>
     <span class='ocr_line' id='line_1_37' title="bbox 259 4070 1630 4159; baseline -0.002 -20"><span class='ocrx_word' id='word_1_366' title='bbox 259 4074 467 4159; x_wconf 77' lang='grc' dir='ltr'>Ἀλεξανδρέων</span> <span class='ocrx_word' id='word_1_367' title='bbox 494 4075 608 4136; x_wconf 89' lang='grc' dir='ltr'>πάντων</span> <span class='ocrx_word' id='word_1_368' title='bbox 636 4072 771 4156; x_wconf 79' lang='grc' dir='ltr'>ἐφείσατο</span> <span class='ocrx_word' id='word_1_369' title='bbox 799 4071 876 4134; x_wconf 80' lang='grc' dir='ltr'>ὥστε</span> <span class='ocrx_word' id='word_1_370' title='bbox 904 4071 945 4154; x_wconf 78' lang='grc' dir='ltr'>μὴ</span> <span class='ocrx_word' id='word_1_371' title='bbox 972 4070 1098 4135; x_wconf 86' lang='grc' dir='ltr'>διολέσαι</span> <span class='ocrx_word' id='word_1_372' title='bbox 1124 4073 1202 4147; x_wconf 78' lang='grc' dir='ltr'>τινά,</span> <span class='ocrx_word' id='word_1_373' title='bbox 1229 4072 1262 4133; x_wconf 86' lang='grc' dir='ltr'>τό</span> <span class='ocrx_word' id='word_1_374' title='bbox 1286 4071 1337 4152; x_wconf 78' lang='grc' dir='ltr'>μέν</span> <span class='ocrx_word' id='word_1_375' title='bbox 1365 4073 1475 4156; x_wconf 79' lang='grc' dir='ltr'>ἀληθὲς</span> <span class='ocrx_word' id='word_1_376' title='bbox 1501 4074 1545 4136; x_wconf 76' lang='grc' dir='ltr'>ὅτι</span> <span class='ocrx_word' id='word_1_377' title='bbox 1572 4072 1630 4136; x_wconf 73' lang='lat' dir='ltr'>oda</span> 
     </span>
     <span class='ocr_line' id='line_1_38' title="bbox 262 4171 1630 4262; baseline -0.002 -22"><span class='ocrx_word' id='word_1_378' title='bbox 262 4177 369 4262; x_wconf 76' lang='grc' dir='ltr'>ἠξίωσε</span> <span class='ocrx_word' id='word_1_379' title='bbox 386 4177 539 4245; x_wconf 80' lang='grc' dir='ltr'>τοσούτους</span> <span class='ocrx_word' id='word_1_380' title='bbox 561 4199 592 4238; x_wconf 91' lang='grc' dir='ltr'>τε</span> <span class='ocrx_word' id='word_1_381' title='bbox 614 4175 719 4245; x_wconf 84' lang='grc' dir='ltr'>αὐτούς</span> <span class='ocrx_word' id='word_1_382' title='bbox 742 4171 825 4242; x_wconf 81' lang='grc' dir='ltr'>ὄντας</span> <span class='ocrx_word' id='word_1_383' title='bbox 847 4173 895 4236; x_wconf 83' lang='grc' dir='ltr'>καλ</span> <span class='ocrx_word' id='word_1_384' title='bbox 918 4176 1158 4258; x_wconf 84' lang='grc' dir='ltr'>χρησιμωτάτους</span> <span class='ocrx_word' id='word_1_385' title='bbox 1180 4179 1239 4244; x_wconf 87' lang='grc' dir='ltr'>τοῖς</span> <span class='ocrx_word' id='word_1_386' title='bbox 1254 4171 1408 4257; x_wconf 84' lang='grc' dir='ltr'>Ῥωμαίοις</span> <span class='ocrx_word' id='word_1_387' title='bbox 1429 4174 1569 4245; x_wconf 81' lang='grc' dir='ltr'>έςπολλά</span> <span class='ocrx_word' id='word_1_388' title='bbox 1590 4173 1630 4238; x_wconf 82' lang='grc' dir='ltr'>ἀν</span> 
     </span>
     <span class='ocr_line' id='line_1_39' title="bbox 261 4275 1630 4363; baseline -0.002 -21"><span class='ocrx_word' id='word_1_389' title='bbox 261 4281 430 4362; x_wconf 85' lang='grc' dir='ltr'>γενομένους</span> <span class='ocrx_word' id='word_1_390' title='bbox 452 4278 610 4362; x_wconf 82' lang='grc' dir='ltr'>ἀνήκεστόν</span> <span class='ocrx_word' id='word_1_391' title='bbox 632 4301 659 4340; x_wconf 86' lang='grc' dir='ltr'>τι</span> <span class='ocrx_word' id='word_1_392' title='bbox 682 4279 796 4361; x_wconf 83' lang='grc' dir='ltr'>δρᾶσαι.</span> <span class='ocrx_word' id='word_1_393' title='bbox 829 4275 971 4360; x_wconf 88' lang='grc' dir='ltr'>πρόφασιν</span> <span class='ocrx_word' id='word_1_394' title='bbox 994 4276 1027 4339; x_wconf 80' lang='grc' dir='ltr'>δὲ</span> <span class='ocrx_word' id='word_1_395' title='bbox 1043 4277 1123 4358; x_wconf 81' lang='grc' dir='ltr'>ὅμως</span> <span class='ocrx_word' id='word_1_396' title='bbox 1142 4277 1339 4363; x_wconf 82' lang='grc' dir='ltr'>προόβαλλετυ</span> <span class='ocrx_word' id='word_1_397' title='bbox 1361 4276 1410 4341; x_wconf 92' lang='grc' dir='ltr'>τόν</span> <span class='ocrx_word' id='word_1_398' title='bbox 1432 4301 1464 4341; x_wconf 89' lang='grc' dir='ltr'>τε</span> <span class='ocrx_word' id='word_1_399' title='bbox 1486 4278 1555 4341; x_wconf 86' lang='grc' dir='ltr'>θεόν</span> <span class='ocrx_word' id='word_1_400' title='bbox 1576 4277 1630 4340; x_wconf 89' lang='grc' dir='ltr'>τδν</span> 
     </span>
     <span class='ocr_line' id='line_1_40' title="bbox 262 4377 1631 4465; baseline -0.003 -21"><span class='ocrx_word' id='word_1_401' title='bbox 262 4381 391 4463; x_wconf 84' lang='grc' dir='ltr'>Σάραπιν</span> <span class='ocrx_word' id='word_1_402' title='bbox 415 4383 462 4443; x_wconf 83' lang='grc' dir='ltr'>καὶ</span> <span class='ocrx_word' id='word_1_403' title='bbox 485 4383 534 4444; x_wconf 81' lang='grc' dir='ltr'>τόν</span> <span class='ocrx_word' id='word_1_404' title='bbox 554 4379 736 4464; x_wconf 75' lang='grc' dir='ltr'>Ἀλέξανδρον</span> <span class='ocrx_word' id='word_1_405' title='bbox 758 4381 807 4441; x_wconf 87' lang='grc' dir='ltr'>τόν</span> <span class='ocrx_word' id='word_1_406' title='bbox 829 4377 958 4462; x_wconf 80' lang='grc' dir='ltr'>οἰκιστὴν</span> <span class='ocrx_word' id='word_1_407' title='bbox 980 4378 1077 4442; x_wconf 90' lang='grc' dir='ltr'>αότῶν</span> <span class='ocrx_word' id='word_1_408' title='bbox 1096 4380 1144 4442; x_wconf 83' lang='grc' dir='ltr'>καλ</span> <span class='ocrx_word' id='word_1_409' title='bbox 1159 4378 1373 4465; x_wconf 81' lang='grc' dir='ltr'>τρίτονἌρειον</span> <span class='ocrx_word' id='word_1_410' title='bbox 1395 4383 1454 4444; x_wconf 88' lang='grc' dir='ltr'>τόν</span> <span class='ocrx_word' id='word_1_411' title='bbox 1477 4380 1631 4462; x_wconf 90' lang='grc' dir='ltr'>πολίτην</span> 
     </span>
    </p>
   </div>
   <div class='ocr_carea' id='block_1_3' title="bbox 263 4479 1631 4670">
    <p class='ocr_par' dir='ltr' id='par_1_7' title="bbox 263 4479 1631 4670">
     <span class='ocr_line' id='line_1_41' title="bbox 263 4479 1630 4568; baseline 0 -23"><span class='ocrx_word' id='word_1_412' title='bbox 263 4481 289 4568; x_wconf 79' lang='grc' dir='ltr'>ᾧ</span> <span class='ocrx_word' id='word_1_413' title='bbox 316 4507 372 4545; x_wconf 92' lang='grc' dir='ltr'>που</span> <span class='ocrx_word' id='word_1_414' title='bbox 399 4485 605 4568; x_wconf 86' lang='grc' dir='ltr'>φιλοσοφούντί</span> <span class='ocrx_word' id='word_1_415' title='bbox 633 4507 663 4545; x_wconf 86' lang='grc' dir='ltr'>τε</span> <span class='ocrx_word' id='word_1_416' title='bbox 690 4485 738 4545; x_wconf 85' lang='grc' dir='ltr'>καὶ</span> <span class='ocrx_word' id='word_1_417' title='bbox 765 4482 876 4546; x_wconf 89' lang='grc' dir='ltr'>συνόντι</span> <span class='ocrx_word' id='word_1_418' title='bbox 904 4483 931 4545; x_wconf 82' lang='grc' dir='ltr'>οἱ</span> <span class='ocrx_word' id='word_1_419' title='bbox 954 4482 1073 4567; x_wconf 77' lang='grc' dir='ltr'>ἐχρῆτο.</span> <span class='ocrx_word' id='word_1_420' title='bbox 1101 4481 1275 4547; x_wconf 76' lang='lat' dir='ltr'><strong>Plutarcho</strong></span> <span class='ocrx_word' id='word_1_421' title='bbox 1298 4482 1426 4548; x_wconf 81' lang='lat' dir='ltr'><strong>videtur</strong></span> <span class='ocrx_word' id='word_1_422' title='bbox 1448 4482 1493 4547; x_wconf 86' lang='lat' dir='ltr'>uti</span> <span class='ocrx_word' id='word_1_423' title='bbox 1514 4479 1630 4546; x_wconf 79' lang='lat' dir='ltr'><strong>neseio</strong></span> 
     </span>
     <span class='ocr_line' id='line_1_42' title="bbox 263 4582 1631 4670; baseline 0 -22"><span class='ocrx_word' id='word_1_424' title='bbox 263 4585 340 4667; x_wconf 90' lang='lat' dir='ltr'><strong>quid</strong></span> <span class='ocrx_word' id='word_1_425' title='bbox 362 4585 404 4650; x_wconf 90' lang='lat' dir='ltr'><strong>de</strong></span> <span class='ocrx_word' id='word_1_426' title='bbox 426 4584 599 4668; x_wconf 87' lang='lat' dir='ltr'><strong>Thrasyllo</strong></span> <span class='ocrx_word' id='word_1_427' title='bbox 620 4584 704 4648; x_wconf 84' lang='lat' dir='ltr'><strong>falso</strong></span> <span class='ocrx_word' id='word_1_428' title='bbox 727 4583 910 4650; x_wconf 77' lang='lat' dir='ltr'><strong>admiscens</strong></span> <span class='ocrx_word' id='word_1_429' title='bbox 926 4583 1121 4650; x_wconf 80' lang='lat' dir='ltr'><strong>Themistius</strong></span> <span class='ocrx_word' id='word_1_430' title='bbox 1144 4604 1189 4648; x_wconf 89' lang='lat' dir='ltr'><strong>or.</strong></span> <span class='ocrx_word' id='word_1_431' title='bbox 1207 4585 1285 4649; x_wconf 91' lang='lat' dir='ltr'>VIII</span> <span class='ocrx_word' id='word_1_432' title='bbox 1307 4582 1631 4670; x_wconf 79' lang='lat' dir='ltr'><strong>p.129,141)ind.¹</strong></span> 
     </span>
    </p>
   </div>
   <div class='ocr_carea' id='block_1_4' title="bbox 263 4821 1632 4979">
    <p class='ocr_par' dir='ltr' id='par_1_8' title="bbox 263 4821 1632 4979">
     <span class='ocr_line' id='line_1_43' title="bbox 337 4821 1632 4892; baseline 0.002 -17"><span class='ocrx_word' id='word_1_433' title='bbox 337 4823 344 4854; x_wconf 79' lang='lat'><strong>¹</strong></span> <span class='ocrx_word' id='word_1_434' title='bbox 369 4827 400 4877; x_wconf 83' lang='lat' dir='ltr'><strong>el.</strong></span> <span class='ocrx_word' id='word_1_435' title='bbox 423 4827 491 4876; x_wconf 88' lang='lat' dir='ltr'>XIII</span> <span class='ocrx_word' id='word_1_436' title='bbox 509 4843 535 4890; x_wconf 88' lang='lat' dir='ltr'>p.</span> <span class='ocrx_word' id='word_1_437' title='bbox 549 4821 610 4885; x_wconf 76' lang='lat'>212,</span> <span class='ocrx_word' id='word_1_438' title='bbox 623 4822 665 4875; x_wconf 76' lang='lat'>21.</span> <span class='ocrx_word' id='word_1_439' title='bbox 690 4826 716 4875; x_wconf 92' lang='lat' dir='ltr'>X</span> <span class='ocrx_word' id='word_1_440' title='bbox 734 4840 759 4890; x_wconf 88' lang='lat' dir='ltr'>p.</span> <span class='ocrx_word' id='word_1_441' title='bbox 775 4822 888 4886; x_wconf 77' lang='lat'><strong>155,19.</strong></span> <span class='ocrx_word' id='word_1_442' title='bbox 912 4827 1031 4876; x_wconf 84' lang='lat' dir='ltr'>XXXIV</span> <span class='ocrx_word' id='word_1_443' title='bbox 1050 4843 1075 4891; x_wconf 90' lang='grc' dir='ltr'>ρ.</span> <span class='ocrx_word' id='word_1_444' title='bbox 1092 4825 1153 4885; x_wconf 84' lang='lat'>451,</span> <span class='ocrx_word' id='word_1_445' title='bbox 1166 4826 1190 4878; x_wconf 80' lang='lat'>5.</span> <span class='ocrx_word' id='word_1_446' title='bbox 1215 4829 1240 4874; x_wconf 95' lang='lat' dir='ltr'>V</span> <span class='ocrx_word' id='word_1_447' title='bbox 1263 4843 1287 4891; x_wconf 91' lang='lat' dir='ltr'>p.</span> <span class='ocrx_word' id='word_1_448' title='bbox 1301 4823 1344 4887; x_wconf 73' lang='lat'>75,</span> <span class='ocrx_word' id='word_1_449' title='bbox 1357 4825 1399 4879; x_wconf 75' lang='lat'>23.</span> <span class='ocrx_word' id='word_1_450' title='bbox 1424 4829 1464 4878; x_wconf 90' lang='lat' dir='ltr'>XI</span> <span class='ocrx_word' id='word_1_451' title='bbox 1483 4845 1508 4892; x_wconf 87' lang='lat' dir='ltr'>p.</span> <span class='ocrx_word' id='word_1_452' title='bbox 1530 4824 1591 4888; x_wconf 74' lang='lat'><strong>173,</strong></span> <span class='ocrx_word' id='word_1_453' title='bbox 1605 4825 1632 4879; x_wconf 86' lang='lat'>3.</span> 
     </span>
     <span class='ocr_line' id='line_1_44' title="bbox 263 4909 1188 4979; baseline 0.001 -16"><span class='ocrx_word' id='word_1_454' title='bbox 263 4915 356 4964; x_wconf 86' lang='lat' dir='ltr'><strong>Iulian.</strong></span> <span class='ocrx_word' id='word_1_455' title='bbox 376 4915 410 4962; x_wconf 86' lang='lat' dir='ltr'>ad</span> <span class='ocrx_word' id='word_1_456' title='bbox 428 4914 552 4963; x_wconf 81' lang='lat' dir='ltr'><strong>Themlst</strong></span> <span class='ocrx_word' id='word_1_457' title='bbox 572 4930 596 4976; x_wconf 89' lang='lat' dir='ltr'>p.</span> <span class='ocrx_word' id='word_1_458' title='bbox 609 4909 661 4963; x_wconf 73' lang='lat'>265</span> <span class='ocrx_word' id='word_1_459' title='bbox 672 4912 701 4961; x_wconf 85' lang='lat' dir='ltr'>O.</span> <span class='ocrx_word' id='word_1_460' title='bbox 727 4915 799 4977; x_wconf 72' lang='lat' dir='ltr'><strong>epist.</strong></span> <span class='ocrx_word' id='word_1_461' title='bbox 819 4911 850 4962; x_wconf 82' lang='lat'>51</span> <span class='ocrx_word' id='word_1_462' title='bbox 872 4930 896 4978; x_wconf 90' lang='grc' dir='ltr'>ρ.</span> <span class='ocrx_word' id='word_1_463' title='bbox 911 4914 944 4966; x_wconf 77' lang='lat' dir='ltr'><strong>et·</strong></span> <span class='ocrx_word' id='word_1_464' title='bbox 964 4915 1039 4979; x_wconf 81' lang='lat' dir='ltr'><strong>lleyl.</strong></span> <span class='ocrx_word' id='word_1_465' title='bbox 1056 4914 1132 4963; x_wconf 86' lang='lat' dir='ltr'><strong>Caes.</strong></span> <span class='ocrx_word' id='word_1_466' title='bbox 1145 4912 1188 4964; x_wconf 77' lang='lat'>21.</span> 
     </span>
    </p>
   </div>
   <div class='ocr_carea' id='block_1_5' title="bbox 0 0 1729 5588">
    <p class='ocr_par' dir='ltr' id='par_1_9' title="bbox 0 0 1729 5588">
     <span class='ocr_line' id='line_1_45' title="bbox 0 0 1729 5588; baseline 0 0"><span class='ocrx_word' id='word_1_467' title='bbox 0 0 1729 5588; x_wconf 95' lang='lat' dir='ltr'> </span> 
     </span>
    </p>
   </div>
  </div>
 </body>
</html>
