3442 5588
735 313 1012 364 rsonscouuns
1491 315 1553 379 229

283 475 473 546 Aristotelei
506 480 579 545 libri
609 480 746 562 vestigia
775 481 809 544 in
842 480 989 546 omnibus
1022 481 1142 564 pariter
1174 489 1342 565 apparent.
1385 483 1554 550 inferiores

189 579 370 662 scriptores
392 588 522 666 praeter
543 583 779 649 Dicaearchum
802 588 835 648 et
856 583 889 647 in
913 582 1057 648 Diodoro
1071 583 1345 666 Agatharchidem
1367 606 1433 651 non
1454 587 1554 652 nomi·

188 688 322 749 uantur.
363 703 469 768 neque
490 691 600 751 tamen
621 685 690 750 ueri
712 684 816 751 simile
839 693 889 751 est
911 704 1104 775 quemquam
1126 706 1166 751 ex
1189 686 1342 771 primario
1365 686 1453 754 fonte
1476 688 1554 754 bau-

189 783 285 851 sisse.
318 786 361 851 de
375 786 510 852 Diodori
526 785 617 854 fonte
633 807 732 871 supra
754 786 873 853 monui.
903 787 1061 854 Senecam
1077 807 1117 853 ex
1133 788 1306 855 Posidonio
1323 809 1382 854 sua
1399 791 1553 874 petivisse

190 887 261 953 veri
291 887 397 954 simile
428 894 486 954 est.
530 907 606 954 nam
636 891 823 956 lemmatum
852 909 935 972 quae
957 890 1075 957 Strabo
1104 911 1145 956 ex
1167 890 1341 957 Posidonio
1363 893 1457 958 affert
1480 895 1502 959 l.
1525 915 1552 959 ο.

191 991 389 1058 Homerum¹
407 991 543 1058 Thalem
555 993 777 1076 Thrasyalcen
789 991 995 1058 Aristotelem
1008 992 1239 1060 Callisthenem
1257 993 1365 1059 omnis
1378 994 1412 1059 in
1428 995 1553 1062 Seneca

192 1093 406 1161 inveniuntur
439 1101 569 1179 praeter
602 1096 778 1162 Homerum
812 1101 844 1159 et
874 1095 928 1177 qui
961 1094 1192 1161 Callisthenem
1224 1096 1419 1179 sequebatur
1448 1097 1551 1181 ipsum

192 1196 412 1265 Aristotelem.
461 1197 668 1283 Apolloniani
698 1197 811 1264 scholii
842 1204 892 1263 est
921 1197 1080 1281 quaedam
1110 1197 1284 1264 similitudo
1314 1220 1385 1264 cum
1415 1200 1551 1266 Seneca.

192 1317 269 1364 nam
287 1306 423 1383 uterque
435 1299 572 1365 Thalete
587 1298 773 1384 posthabito
789 1300 831 1365 ab
841 1299 1039 1383 Anaxagora
1052 1298 1174 1382 incipit.
1197 1302 1356 1381 genuinus
1371 1301 1456 1367 euim
1473 1303 1552 1370 ordo

193 1401 393 1468 Herodotum
417 1409 450 1469 ct
463 1402 670 1469 Aristotelem
693 1402 828 1468 latinum
849 1401 1048 1487 comparanti
1070 1401 1113 1466 ab
1128 1400 1222 1465 Aetio
1245 1404 1383 1488 maxime
1405 1413 1552 1472 servatus

192 1504 332 1570 ridetur.
374 1504 433 1570 sed
460 1505 532 1587 quis
559 1505 592 1570 iu
619 1511 711 1570 tants
738 1504 780 1570 de
800 1504 875 1569 Nilo
903 1503 1058 1569 librorum
1086 1502 1284 1570 fecunditate
1313 1525 1406 1570 suum
1437 1510 1552 1592 cuique

193 1605 342 1690 scriptori
372 1605 556 1673 adscribere
585 1607 728 1673 audeat?
761 1625 835 1671 nam
868 1612 941 1689 post
970 1606 1178 1672 Posidonium
1206 1605 1289 1670 inter
1318 1609 1436 1674 multos
1468 1596 1551 1676 alios

192 1706 311 1774 Strabo
340 1708 503 1774 Eudorum
531 1716 563 1774 et
591 1708 775 1775 Aristonem
803 1708 846 1774 de
873 1708 998 1790 vulgari
1025 1708 1081 1774 illo
1104 1715 1294 1791 argumento
1317 1715 1383 1774 tam
1406 1712 1552 1779 similiter

192 1809 361 1894 scripsisse
388 1817 514 1895 narrat,
544 1817 580 1876 ut
606 1817 679 1877 uter
705 1818 810 1876 utrum
841 1809 1082 1893 compilavisaet
1109 1829 1144 1875 se
1169 1809 1294 1874 nescire
1322 1809 1477 1879 fateretur
1500 1813 1551 1902 [cf.

192 1934 222 1998 p.
238 1913 324 1978 245⁶
351 1913 433 1978 Mus.
456 1913 561 1980 Rhon.
582 1914 695 1980 XXXI
722 1935 754 1997 p.
772 1910 851 1999 11¹1.
896 1911 990 1977 nobis
1017 1910 1145 1976 illarum
1174 1911 1381 1994 scriptionum
1410 1917 1551 1981 omnium

193 2033 353 2081 summam
375 2013 616 2081 similitudinem
638 2014 836 2081 intuentibus
858 2033 1059 2079 communem
1082 2020 1252 2096 utrumque
1269 2013 1391 2079 sontem
1407 2022 1550 2082 secutum

192 2117 342 2183 conicere
366 2115 455 2200 licet,
477 2117 678 2183 accuratiora
699 2117 817 2182 docere
839 2115 981 2181 mihine
1004 2115 1045 2180 de
1067 2114 1293 2199 superstitibus
1314 2115 1443 2199 quidem
1465 2119 1550 2184 licet.

191 2238 229 2285 ao
250 2217 352 2284 miror
373 2218 411 2283 V.
434 2219 574 2285 Roseum
596 2219 650 2303 qui
672 2218 786 2285 anecd.
802 2219 818 2283 Ι
836 2240 867 2302 p.
881 2220 921 2283 12
944 2217 1035 2283 dicit:
1063 2221 1116 2281 mit
1139 2220 1196 2281 der
1216 2220 1395 2283 cerlorersert
1418 2222 1551 2303 sltpert‘-

190 2322 381 2403 potetirches
394 2323 505 2402 schrift
527 2319 623 2408 [unde
637 2320 831 2387 Aristoteles
853 2319 972 2385 latinus
988 2326 1038 2385 est
1053 2318 1234 2407 excerptus]
1258 2323 1312 2385 hot
1331 2343 1363 2385 es
1385 2319 1550 2407 [anonymi

191 2422 372 2489 Florentiui
400 2419 493 2508 liber]
519 2424 627 2487 λοίιιαο
652 2424 887 2486 comittelbcrers
912 2424 1182 2504 zusammenhcsp,
1209 2424 1290 2488 wohl
1315 2425 1390 2487 uber
1416 2427 1469 2486 mit
1492 2426 1551 2488 ders

191 2526 414 2610 pleiehcrtt'pes
428 2534 529 2590 restes
544 2529 577 2589 irs
593 2527 652 2590 den
667 2527 752 2590 Ptoc.
767 2527 852 2607 phil,
874 2525 922 2587 bei
944 2525 1087 2588 Diodor
1108 2527 1173 2588 arrd
1195 2528 1333 2589 Seneca
1348 2548 1378 2590 ιι.
1394 2548 1418 2589 s.
1435 2549 1472 2592 ιο.
1494 2549 1551 2609 ρο-

193 2630 453 2709 minsehoftb'che
468 2628 584 2704 ocelle.
618 2628 704 2694 unde
726 2624 1000 2710 Agatharchidcm
1022 2632 1055 2692 et
1077 2627 1285 2693 Posidonium
1308 2624 1359 2712 [cf.
1380 2627 1478 2693 Arist.
1501 2651 1549 2711 ps.

192 2753 219 2817 p.
234 2730 313 2818 239]
337 2731 403 2798 alio
426 2729 579 2815 propiore
600 2729 682 2795 libro
705 2748 801 2813 quam
817 2728 992 2793 Aristotele
1015 2748 1090 2793 usos
1109 2749 1181 2795 esse
1203 2727 1402 2794 conclusit‘?²
1434 2748 1477 2794 an
1491 2731 1552 2795 Po-

194 2833 354 2902 sidonium
377 2831 610 2916 Agatharchidi
633 2830 831 2915 temporibus
857 2849 956 2912 segre
984 2829 1162 2895 conciliatis
1189 2830 1357 2914 opinemur
1382 2831 1551 2897 materiam

191 2935 441 3022 suppeditasset
470 2933 601 3001 ariolari
618 2935 717 3018 nolo,
740 2940 865 2999 tantum
892 2931 964 2996 dico
987 2930 1144 3013 pleraque
1165 2932 1305 3016 vestigia
1329 2932 1363 2997 in
1386 2933 1551 3000 Posidonii

190 3046 313 3106 sectam
337 3044 370 3103 et
391 3043 533 3104 aetatem
556 3034 713 3102 eiusmodi
736 3035 945 3119 scriptionum
967 3030 1198 3098 feracissimam
1221 3034 1336 3101 redire.

275 3137 537 3224 Theophrasti
561 3136 706 3205 Senecae
729 3138 943 3217 Quaestioncs
970 3153 1009 3198 ex
1032 3135 1208 3203 Posidonio
1232 3137 1346 3220 opinor
1366 3155 1466 3220 saepe
1488 3159 1552 3205 me-

185 3242 329 3309 moriam
344 3246 515 3308 servarunt
529 3247 565 3306 ut
578 3241 627 3306 111
645 3243 683 3305 11
700 3249 769 3303 2-5
792 3242 831 3307 16
851 3251 866 3303 5
889 3240 931 3304 25
948 3247 1003 3301 ct
1030 3238 1072 3303 26
1093 3250 1104 3300 1
1126 3240 1255 3305 V1216
1271 3241 1316 3304 VI
1332 3241 1372 3304 13
1393 3250 1404 3300 1
1427 3240 1550 3306 Vnae.

180 3364 327 3429 possum
349 3365 390 3412 ex
412 3342 612 3409 Macrobio
634 3343 755 3409 addere
777 3344 958 3427 exemplum
982 3343 1092 3409 Somn.
1109 3341 1250 3425 Scipion.
1273 3341 1327 3406 lib.
1343 3342 1359 3407 Ι
1376 3344 1416 3406 15
1435 3353 1460 3407 3.

275 3449 316 3512 de
336 3450 396 3511 hoe
418 3450 540 3511 lacteo
563 3448 649 3510 multi
670 3450 751 3510 inter
772 3467 806 3510 se
828 3447 953 3510 dicem
973 3454 1134 3509 sensccm
1156 3464 1328 3526 cessosque
1343 3448 1409 3510 cias
1424 3448 1482 3509 otii
1497 3448 1552 3527 fa-

183 3551 329 3628 bulosos,
351 3552 511 3616 naturales
534 3550 591 3613 cttt
610 3552 817 3629 protulerunt.
850 3550 906 3611 sed
927 3569 984 3613 sos
1011 3549 1158 3628 sabuloso
1180 3551 1341 3611 reticentes
1367 3569 1405 3613 ea
1435 3559 1552 3612 tantum

191 3675 272 3737 pace
294 3655 338 3718 od
359 3663 505 3716 amoram
526 3655 593 3715 eius
615 3655 683 3716 oisc
703 3661 775 3716 sunt
795 3654 949 3733 pertinere
971 3652 1116 3716 dicemus.

281 3757 558 3838 Theophrastus
588 3757 718 3820 lacteum
746 3756 826 3818 dicit
855 3775 921 3819 esse
948 3774 1124 3838 compapem
1152 3774 1213 3837 qua
1239 3755 1277 3817 de
1308 3754 1428 3817 duobos
1454 3755 1552 3817 hemi-

262 3945 270 3978 ¹
290 3949 420 3999 Homerus
438 3951 546 3999 sonasse
564 3949 616 3996 iam
632 3947 665 3995 ab
678 3947 817 3996 Aristotele
830 3946 959 3994 adhibitus
978 3954 1040 3994 erat.
1059 3946 1090 3994 cf.
1109 3943 1189 3992 schol.
1208 3944 1284 3993 Hom.
1304 3940 1495 3994 elatrasset
1513 3940 1551 3993 λε-

195 4035 303 4103 γομένων
326 4035 382 4102 περὶ
405 4037 451 4102 τῆς
473 4037 518 4084 τοῦ
537 4029 627 4085 Νείλου
651 4031 793 4100 ἀναβάσεως
820 4036 919 4099 πρῶτος
932 4027 1043 4099 Ὅμηρος
1065 4028 1111 4095 τὴν
1134 4025 1306 4097 ἀληθεστάτην
1329 4027 1409 4079 αίτίαν
1426 4027 1477 4079 είπε
1496 4027 1551 4079 διι-

196 4127 264 4192 τιτῆ
290 4119 488 4192 προσαγορεύσας
510 4119 585 4173 αὐτὸν
608 4119 668 4171 διότι
691 4118 827 4188 πληροῦται
851 4118 899 4169 ἀπὸ
922 4124 974 4170 τῶν
995 4118 1021 4170 ίν
1040 4113 1157 4183 Athroula
1175 4115 1310 4183 γινομένων
1328 4113 1490 4166 ἀδιαλείπτων
1507 4120 1552 4166 τοῦ

195 4206 277 4280 ίίρους
301 4210 347 4261 καὶ
365 4207 479 4277 σφοδρῶν
497 4206 577 4260 ίιιτῶν
595 4207 631 4266 ὡς
649 4208 693 4258 καί
714 4203 890 4276 Ἀριστοτέλης
914 4206 957 4256 καί
977 4200 1085 4264 Εὔδοξος
1105 4199 1228 4255 rechedus
1246 4207 1324 4253 ταῦτα
1347 4204 1482 4271 φάσκοντες
1504 4202 1552 4254 ἀπὸ

192 4302 235 4349 τῶν
255 4298 285 4350 ἐν
305 4294 425 4365 Αίρθπτιρ
443 4295 538 4364 ἱερέων.
567 4298 598 4347 cf.
619 4299 710 4348 scum
729 4297 767 4346 tv
789 4295 800 4345 l
821 4303 840 4344 τ.

257 4385 491 4437 'consentaneum
515 4394 554 4435 est
577 4394 712 4447 utrumqne
732 4384 881 4432 Aristotelis
899 4382 1022 4432 indicium
1045 4382 1077 4430 dc
1096 4381 1158 4431 Nilo
1182 4396 1255 4430 suum
1272 4381 1365 4430 tacere.
1390 4380 1490 4429 dixerat
1508 4380 1550 4429 ille

182 4488 205 4534 p.
226 4471 293 4534 639,
310 4469 360 4524 132
387 4471 510 4523 ridentur
534 4473 603 4522 enirn
626 4485 712 4536 oquae
729 4470 822 4535 saetae
841 4483 890 4532 per
909 4476 1025 4534 temporo
1044 4466 1105 4517 haee
1124 4484 1142 4515 a
1164 4482 1229 4517 eene
1252 4482 1332 4531 υιηυο
1354 4464 1392 4515 eol
1416 4472 1552 4515 cretarum

179 4560 288 4612 natta
301 4569 328 4610 et
341 4558 520 4610 abundanter:
545 4559 753 4622 Agatharchides
771 4558 851 4608 Diod.
863 4558 877 4606 1
890 4556 922 4607 41
938 4565 950 4604 t
969 4555 1029 4623 φησὶ
1046 4553 1092 4622 γὰρ
1111 4550 1170 4604 κατ’
1192 4550 1302 4604 ἐνιαυτὸν
1321 4551 1410 4607 ἐντοῖς
1428 4551 1494 4602 κατὰ
1506 4551 1552 4618 τὴν

180 4642 323 4699 Αἰθιοπίαν
341 4644 406 4714 ὄρεσι
424 4642 531 4712 γίνεσθαι
550 4649 691 4713 συνεχεῖς
710 4642 845 4711 ὄμβρους
863 4641 912 4693 ἀπὸ
931 4638 1034 4709 θερινῶν
1046 4646 1146 4709 τροπῶν
1159 4639 1233 4708 μέχρι
1246 4643 1291 4707 τῆς
1310 4642 1481 4707 μετοπωρινῆς
1500 4638 1551 4705 ίση-

174 4735 279 4803 μηρίας
298 4738 410 4797 itemque
429 4735 553 4785 Posiden.
575 4734 644 4798 apud
663 4732 796 4782 Cleomed.
816 4733 875 4780 circ.
895 4731 1002 4780 doctr.I
1020 4747 1045 4794 p.
1058 4728 1090 4780 41
1103 4730 1176 4778 Bake
1195 4726 1248 4778 ἐπεὶ
1267 4727 1310 4777 καί
1329 4727 1383 4795 περὶ
1402 4725 1448 4794 τὴν
1468 4722 1551 4777 Atte-

178 4822 247 4872 πίον
264 4819 377 4890 ὄμβροι
396 4825 536 4888 συνεχεῖς
554 4814 739 4887 καταφέρεσθαι
757 4817 910 4884 ἱστοροῦνται
929 4815 984 4883 περὶ
1002 4813 1030 4865 τὸ
1043 4812 1115 4882 θέρος
1128 4814 1171 4864 καί
1190 4810 1296 4881 μάλιστα
1309 4813 1355 4882 τὴν
1368 4811 1453 4881 ἀκμὴν
1466 4810 1551 4873 αὐτοῦ,

181 4909 237 4979 ἀφ’
258 4908 294 4960 ὧν
313 4909 356 4960 καί
374 4907 387 4958 b
408 4903 498 4964 Νεῖλος
517 4902 648 4974 τληθυνειν
666 4908 710 4954 τοῦ
730 4902 816 4972 θέρους
835 4902 983 4953 bno-rosires.
