3464 5586
189 307 249 371 108
397 312 464 361 VIII
500 311 550 360 DE
569 310 825 361 THEOPIIRAS'I'I
844 309 1078 361 PHISICORUM
1098 309 1335 362 OPINIONIBUS

187 483 255 544 tate
278 477 461 562 propiorem
483 477 606 544 fontem
622 478 794 562 occultent,
816 484 849 544 et
864 477 1044 544 Stoicorum
1063 476 1216 544 refutatio
1231 478 1391 563 probabili
1414 480 1549 547 Critolai

186 578 370 644 auctoritati
392 579 590 663 redderetur,
613 579 667 662 qui
690 601 721 663 p.
738 580 845 665 atat
870 580 1046 664 εἱμαρμένην
1069 599 1110 645 cx
1130 581 1309 648 Stoicorum
1332 583 1412 648 ore¹
1436 581 1550 649 delinit

185 680 302 766 εἴρουσα
323 683 374 752 τὰς
396 683 527 746 ἑκάστων
550 683 710 752 ἀνεὶλιπῶς
732 683 780 746 καὶ
803 685 983 753 dorecestre<
1005 682 1097 752 αἰτίας
1121 682 1174 765 [cf.
1196 683 1282 750 A'ctii
1304 684 1425 750 Plael
1447 685 1489 750 28
1506 685 1548 768 4].

186 782 402 867 Theophrasti
419 783 616 849 mentionem
629 784 794 867 praecedit
805 784 1014 870 Peripatetici
1026 784 1192 850 cniusdam
1207 793 1442 871 argumentum,
1459 786 1549 853 cuius

185 905 305 951 nomen
327 885 421 951 Philo
444 885 692 970 clreumscripsit
714 908 745 970 p.
762 887 835 970 262,
854 887 875 952 8
897 891 1206 973 προσφιλοτεχνοϋντες
1228 889 1262 952 δέ
1282 911 1354 960 τινες
1376 893 1434 953 τῶν
1457 887 1548 953 dldtoa

186 989 448 1073 ὑπολαμβανόντων
476 990 525 1053 τὸν
554 991 663 1072 κόσμον
690 989 773 1054 εἶναι.
822 989 936 1071 quodsi
968 989 1144 1055 Critolaum
1175 990 1376 1074 potissimum
1403 991 1438 1056 in
1463 992 1549 1059 hanc

185 1096 310 1172 partem
332 1096 484 1156 vocatum
507 1098 661 1176 apparet,
692 1090 781 1156 haud
803 1091 876 1158 leve
897 1098 1094 1158 momentum
1115 1092 1242 1158 accedit
1262 1093 1296 1158 in
1318 1098 1463 1159 nostram
1484 1114 1549 1178 qua

185 1189 334 1273 proxima
357 1211 398 1257 ex
423 1192 480 1258 illo
504 1194 693 1259 continuata
716 1193 887 1258 statuimus
915 1193 1109 1278 opinionem.
1153 1215 1265 1261 verum
1288 1194 1368 1261 satis
1390 1195 1550 1262 coniectu·

184 1295 305 1357 rarum!
335 1301 479 1359 nostrum
504 1302 575 1361 erat
597 1303 632 1362 ut
654 1295 877 1379 quaestionem
892 1294 1050 1378 integram
1064 1294 1270 1381 peritioribus
1284 1295 1548 1379 relinqueremus.

184 1393 322 1460 forsitan
338 1395 511 1482 Bernaysii
526 1396 757 1463 commentario
774 1397 861 1462 haud
872 1396 1028 1463 inutiliter
1039 1397 1216 1481 prolusisse
1226 1397 1404 1465 videamur.
1421 1399 1548 1466 interea

184 1495 333 1562 Philonei
356 1496 456 1564 libelli
481 1507 626 1566 extrema
648 1499 757 1584 capita
779 1498 910 1565 exhibui
933 1520 973 1565 ex
996 1497 1203 1566 eruditissimi
1226 1497 1313 1564 illius
1327 1499 1389 1564 viri
1404 1501 1548 1568 editione

185 1595 280 1684 [Abh.
304 1598 334 1664 d.
358 1598 490 1682 Kdnigl.
513 1602 621 1668 Akad.
645 1603 676 1669 d.
699 1600 897 1667 Wissensch.
921 1623 947 1666 z.
972 1602 1055 1668 Berl.
1080 1601 1164 1667 18111
1186 1622 1217 1684 p.
1233 1599 1424 1688 noa-278]
1450 1622 1547 1686 quam

185 1719 261 1765 vere
288 1700 466 1785 principem
492 1723 679 1789 nuncupare
709 1704 799 1787 lieet,
829 1703 984 1769 adhibitis
1011 1702 1124 1788 paneis
1145 1701 1335 1769 Bneoheleri
1363 1705 1548 1789 nostrisque

185 1802 476 1870 emendationibus.
521 1826 619 1871 unum
642 1805 839 1888 addendum,
862 1805 948 1888 quod
971 1805 1053 1871 scire
1073 1804 1229 1872 intererit.
1274 1803 1384 1888 capita
1405 1805 1548 1890 disputa·

184 1902 281 1968 tionis
304 1911 337 1970 et
359 1925 462 1971 nexus
478 1913 511 1972 et
528 1908 630 1974 verba
652 1909 807 1993 pleraque
829 1926 871 1972 ex
893 1907 1029 1991 pristino
1052 1906 1231 1991 exemplari
1254 1905 1425 1990 descripsit
1440 1907 1546 1993 Philo,

184 2026 250 2070 non
266 2013 375 2072 tamen
391 2008 461 2074 sine
475 2009 587 2075 multis
604 2009 756 2096 propriae
770 2008 919 2075 inscitiae
935 2009 1102 2094 exemplis.
1128 2007 1283 2092 quidquid
1298 2007 1385 2072 enim
1400 2008 1549 2092 poeticae

184 2108 334 2175 lectionis
360 2109 618 2197 fabellarumque
644 2110 854 2177 memoriolae
884 2110 1090 2195 inhaerebat,
1116 2111 1305 2194 plerumque
1326 2108 1547 2178 infelicissime

183 2210 367 2278 inculcavit.
411 2217 501 2280 velut
523 2212 657 2279 Pindari
680 2212 722 2278 de
744 2213 827 2279 Delo
850 2234 964 2279 versus
986 2235 1017 2298 p.
1033 2215 1106 2297 265,
1124 2214 1164 2277 14
1185 2211 1269 2276 falso
1291 2210 1442 2295 inseruit,
1465 2232 1547 2296 quas

183 2312 295 2378 turbas
324 2314 454 2381 librario
485 2316 598 2382 tribuit
629 2313 847 2381 Buechelerus
875 2316 956 2381 Mus.
979 2316 1040 2380 Rh.
1063 2314 1192 2380 XXXII
1219 2335 1250 2397 p.
1265 2314 1338 2378 442.
1382 2320 1418 2378 at
1448 2314 1547 2380 ceteri

183 2435 310 2498 quoque
336 2438 449 2483 versus
472 2425 601 2503 praeter
624 2417 899 2501 exspectationem
927 2416 1075 2500 quamvis
1102 2416 1207 2481 minus
1234 2416 1345 2499 inepte
1372 2415 1547 2501 adduntur,

184 2517 277 2582 otiosi
294 2525 369 2585 sunt
387 2540 508 2586 omncs.
533 2540 574 2586 ex
588 2519 704 2605 puerili
720 2517 865 2602 profecta
880 2525 929 2585 est
944 2519 1075 2602 ingenio
1090 2518 1212 2585 fabella
1227 2540 1258 2603 p.
1271 2518 1345 2602 261,
1362 2520 1404 2584 10
1413 2539 1481 2602 sqq.
1504 2518 1547 2585 de

183 2620 294 2687 Indico
317 2622 504 2706 elephanto,
529 2642 625 2706 quam
649 2629 758 2687 tamen
781 2641 823 2686 ne
844 2621 1067 2706 interpolatori
1091 2621 1214 2686 tribuas
1236 2622 1367 2687 obstant
1389 2621 1547 2686 orationis

183 2722 372 2808 calamistri,
403 2723 519 2808 quibus
544 2723 600 2789 ille
628 2723 784 2790 delectari
816 2724 908 2789 solet.
952 2722 1178 2806 gravissimum
1205 2730 1313 2788 autem
1341 2722 1547 2806 ignorantiae

183 2825 401 2892 testimonium
417 2848 448 2910 p.
461 2827 534 2910 265,
546 2827 577 2910 8,
600 2847 672 2892 cum
687 2825 849 2910 Anaphen
870 2826 1008 2891 alterum
1020 2824 1094 2891 Deli
1116 2845 1234 2892 nomen
1249 2825 1349 2892 fuisse
1364 2825 1476 2891 addito
1491 2825 1546 2892 ab

183 2928 280 2994 surdo
306 2930 484 3012 veriloquio
507 2928 624 3013 prodit.
670 2927 792 2994 scilicet
812 2927 991 2993 insularum
1016 2927 1219 2993 coniunctam
1240 2927 1428 2993 memoriam
1452 2926 1546 3014 [Plin.

184 3030 282 3094 1187.
305 3031 409 3096 Amm.
424 3032 525 3096 Maro.
543 3031 636 3095 XVII
657 3028 688 3116 7]
712 3029 807 3095 homo
830 3029 1012 3096 levissimus
1034 3028 1195 3096 conflavit.
1229 3049 1369 3096 errorem
1392 3030 1468 3096 olim
1492 3050 1547 3096 ne

182 3136 286 3195 tatum
307 3130 403 3197 video
425 3133 459 3197 in
483 3133 518 3197 G.
543 3130 750 3198 Schwenokii
771 3131 978 3198 Deliacorum
999 3133 1064 3216 p.I
1086 3132 1336 3199 Francof.1825
1358 3153 1388 3215 p.
1405 3133 1456 3198 22.
1493 3152 1552 3218 ge,

182 3232 313 3297 mellum
336 3241 520 3318 portentum
545 3234 646 3302 edidit
662 3255 703 3300 ex
718 3234 917 3299 literularum
940 3253 999 3297 suo
1015 3254 1100 3318 penu
1122 3256 1154 3319 p.
1170 3236 1244 3318 212,
1261 3235 1298 3300 11
1316 3254 1386 3300 cum
1402 3234 1545 3317 Aegiran

183 3334 276 3399 simul
299 3356 370 3400 oum
395 3336 509 3402 Helice
528 3336 679 3420 Buraque
700 3334 836 3420 periisse
857 3334 1028 3400 eredidit.²
1061 3356 1137 3402 ecce
1159 3337 1327 3403 Philonem
1350 3335 1382 3400 in
1405 3334 1547 3400 historiis

183 3436 318 3521 turpiter
333 3437 512 3504 labentem!
536 3438 623 3504 unde
638 3438 699 3504 hoc
715 3436 792 3502 mihi
815 3436 893 3500 iuris
912 3457 1014 3522 sumo,
1037 3444 1072 3503 ut
1093 3439 1231 3505 hominis
1253 3445 1319 3504 tam
1342 3437 1448 3503 malae
1470 3436 1545 3503 fidei

182 3538 411 3624 testimonium,
434 3541 461 3606 si
485 3541 561 3624 quid
583 3540 716 3606 aliunde
738 3538 874 3605 accessit
896 3538 1116 3626 dubitationis,
1138 3562 1293 3608 recusem.

267 3641 318 3705 Ad
334 3643 593 3728 Theophrastum
616 3664 681 3708 non
705 3641 785 3706 nulli
809 3661 881 3706 cum
905 3642 1020 3706 librum
1041 3645 1234 3710 rettulerunt
1256 3642 1309 3727 qui
1325 3643 1409 3708 inter
1423 3642 1544 3708 Aristo·

182 3744 269 3809 telea
296 3746 361 3829 περὶ
383 3746 564 3832 Ξενοφάνους
591 3748 655 3832 περὶ
681 3745 818 3829 Ζήνωνος
843 3744 907 3828 περὶ
937 3745 1057 3830 Γοργίου
1085 3745 1259 3829 Inscriptus
1285 3745 1393 3811 fertur.
1437 3744 1545 3810 verior

255 4009 260 4039 ¹
281 4012 347 4061 κατὰ
364 4010 422 4068 τοὺς
439 4010 526 4079 ἄριστα
544 4009 750 4078 φυσιολογοῦντα
769 4020 807 4060 est
826 4012 943 4062 Philonis
962 4016 1050 4077 Inepta
1070 4013 1244 4077 amplificatio.
1282 4015 1326 4062 ille
1345 4013 1414 4062 baud
1438 4014 1490 4061 scio
1509 4027 1544 4061 arr

181 4097 247 4148 κατὰ
265 4097 322 4155 τοὺς
341 4094 469 4154 Στωικοὺς
500 4100 610 4161 dederit,
635 4103 696 4162 qnia
720 4109 810 4148 contra
833 4101 891 4149 illos
909 4102 1082 4166 disputaturus
1101 4103 1214 4165 ipsorum
1239 4099 1430 4150 delinitionibus
1454 4100 1543 4148 uteba·

181 4193 230 4234 tnr.
267 4187 311 4235 sed
331 4196 433 4236 constat
451 4188 595 4251 excerptori
615 4188 661 4236 illa
678 4189 822 4251 promiscue
842 4189 964 4238 laudandi
984 4189 1153 4239 consuetudo.

252 4270 312 4324 2ο1.
331 4274 507 4326 Buechelerus
525 4277 542 4324 l.
562 4290 583 4324 o.
602 4292 627 4339 p.
640 4272 701 4324 444.
731 4285 853 4340 excerpta
871 4277 1011 4337 Philonea,
1031 4289 1096 4337 quse
1119 4269 1163 4323 ‘de
1186 4269 1287 4323 mnndo'
1309 4275 1432 4337 inscripta
1449 4274 1475 4322 in
1496 4274 1543 4322 Al·

180 4361 242 4410 diua
260 4362 378 4411 feruntur
395 4363 517 4427 pleraque
536 4364 658 4412 omittunt
675 4363 720 4411 illu
739 4362 857 4413 embolia
885 4364 953 4413 unde
972 4363 1026 4412 noli
1039 4362 1264 4425 interpolatimrem
1277 4362 1448 4424 posteriorum
1460 4363 1543 4424 suspi-

181 4449 242 4497 cari·
280 4464 339 4498 narn
363 4457 486 4514 excerpta
510 4450 556 4500 illa
576 4447 721 4515 Byzantina
745 4458 828 4500 aetate
853 4451 922 4501 haud
946 4450 1022 4500 dubie
1045 4450 1162 4499 coniecta
1183 4455 1243 4497 sunt
1266 4463 1298 4497 ex
1317 4447 1455 4513 archetypo
1474 4450 1544 4496 uitiis

180 4536 346 4585 refertissimo
366 4547 391 4587 et
409 4538 522 4587 lacerato
542 4537 586 4596 (cf.
606 4554 672 4602 quac
691 4537 823 4586 obscurius
841 4538 996 4602 significavit
1014 4537 1170 4600 Bernaysius
1188 4551 1214 4598 p.
1228 4531 1288 4594 ⁵215,
1301 4535 1328 4596 9)
1350 4551 1459 4597 quorum
1478 4537 1544 4583 anti·

181 4638 257 4684 quam
284 4626 411 4687 originem
434 4626 539 4674 odorari
562 4640 610 4674 nos
635 4634 705 4673 vetat
723 4625 950 4687 interpolationum
973 4622 1017 4685 [ci.
1037 4640 1061 4688 p.
1074 4620 1134 4677 267,
1152 4621 1178 4684 l]
1207 4625 1377 4686 vitiorumque
1401 4624 1544 4672 communis

180 4727 237 4759 cum
256 4712 367 4773 vulgatis
386 4712 466 4773 labes,
485 4714 556 4761 cuius
575 4728 667 4777 expers
687 4719 726 4761 est
738 4710 893 4771 M(ediccus)
912 4714 1006 4776 quippe
1025 4727 1071 4775 per
1089 4711 1196 4759 meliore
1215 4711 1334 4774 exempla
1351 4727 1383 4760 ex
1403 4710 1543 4773 archetypo

180 4800 279 4847 ductus.
299 4799 382 4847 nihilo
401 4801 479 4848 setius
498 4802 625 4863 excerptis
644 4800 746 4862 saepius
759 4798 879 4848 adhibitis
892 4799 1049 4863 Bernaysius
1066 4799 1157 4848 melius
1174 4800 1308 4860 aliquanto
1328 4813 1380 4847 nou
1399 4797 1485 4845 solum
1501 4812 1542 4847 rc·

180 4888 297 4935 derisioni
317 4885 362 4934 scd
382 4888 458 4936 ctiam
476 4886 651 4936 emendationi
671 4886 848 4935 consuluisset.
