<?xml version="1.0" encoding="UTF-8"?>
<!DOCTYPE html PUBLIC "-//W3C//DTD XHTML 1.0 Transitional//EN"
    "http://www.w3.org/TR/xhtml1/DTD/xhtml1-transitional.dtd">
<html xmlns="http://www.w3.org/1999/xhtml" xml:lang="en" lang="en">
 <head>
  <title>
</title>
<meta http-equiv="Content-Type" content="text/html;charset=utf-8" />
  <meta name='ocr-system' content='tesseract 3.04.00' />
  <meta name='ocr-capabilities' content='ocr_page ocr_carea ocr_par ocr_line ocrx_word'/>
</head>
<body>
  <div class='ocr_page' id='page_1' title='image "./doxographigraec00dielgoog/doxographigraec00dielgoog_0550.png"; bbox 0 0 3442 5588; ppageno 0'>
   <div class='ocr_carea' id='block_1_1' title="bbox 532 355 1541 420">
    <p class='ocr_par' dir='ltr' id='par_1_1' title="bbox 532 355 1541 420">
     <span class='ocr_line' id='line_1_1' title="bbox 532 355 1541 420; baseline 0.01 -13"><span class='ocrx_word' id='word_1_1' title='bbox 532 355 790 408; x_wconf 77' lang='lat' dir='ltr'>FRAGMENTUM</span> <span class='ocrx_word' id='word_1_2' title='bbox 808 358 859 407; x_wconf 78' lang='lat' dir='ltr'>DE</span> <span class='ocrx_word' id='word_1_3' title='bbox 877 356 1050 411; x_wconf 79' lang='lat' dir='ltr'>SENSIBUS</span> <span class='ocrx_word' id='word_1_4' title='bbox 1068 357 1200 420; x_wconf 70' lang='lat' dir='ltr'><strong>§il—76</strong></span> <span class='ocrx_word' id='word_1_5' title='bbox 1481 355 1541 420; x_wconf 77' lang='grc'>521</span> 
     </span>
    </p>
   </div>
   <div class='ocr_carea' id='block_1_2' title="bbox 185 522 1543 2768">
    <p class='ocr_par' dir='ltr' id='par_1_2' title="bbox 185 522 1543 2768">
     <span class='ocr_line' id='line_1_2' title="bbox 229 522 1493 611; baseline -0.002 -21"><span class='ocrx_word' id='word_1_6' title='bbox 229 524 265 590; x_wconf 83' lang='grc' dir='ltr'>ἀν</span> <span class='ocrx_word' id='word_1_7' title='bbox 288 527 329 609; x_wconf 82' lang='grc' dir='ltr'>μὴ</span> <span class='ocrx_word' id='word_1_8' title='bbox 351 526 445 611; x_wconf 83' lang='grc' dir='ltr'>τραχῦ</span> <span class='ocrx_word' id='word_1_9' title='bbox 468 522 537 609; x_wconf 83' lang='grc' dir='ltr'>μηδ’</span> <span class='ocrx_word' id='word_1_10' title='bbox 564 525 720 608; x_wconf 88' lang='grc' dir='ltr'>ἐπισκιάζη</span> <span class='ocrx_word' id='word_1_11' title='bbox 738 526 813 610; x_wconf 81' lang='grc' dir='ltr'>μηδὲ</span> <span class='ocrx_word' id='word_1_12' title='bbox 828 526 977 591; x_wconf 87' lang='grc' dir='ltr'>δυσδίοδον</span> <span class='ocrx_word' id='word_1_13' title='bbox 993 523 1025 609; x_wconf 72' lang='grc' dir='ltr'>ᾗ,</span> <span class='ocrx_word' id='word_1_14' title='bbox 1047 531 1176 589; x_wconf 90' lang='grc' dir='ltr'>τοιοῦτον</span> <span class='ocrx_word' id='word_1_15' title='bbox 1191 531 1248 590; x_wconf 84' lang='grc' dir='ltr'>πᾶν</span> <span class='ocrx_word' id='word_1_16' title='bbox 1263 528 1396 611; x_wconf 83' lang='grc' dir='ltr'>λαμπρὸν</span> <span class='ocrx_word' id='word_1_17' title='bbox 1410 524 1493 588; x_wconf 82' lang='grc' dir='ltr'>εἶναι.</span> 
     </span>
     <span class='ocr_line' id='line_1_3' title="bbox 230 627 1495 713; baseline -0.001 -21"><span class='ocrx_word' id='word_1_18' title='bbox 230 630 276 692; x_wconf 88' lang='grc' dir='ltr'>δεῖ</span> <span class='ocrx_word' id='word_1_19' title='bbox 301 629 334 692; x_wconf 88' lang='grc' dir='ltr'>δέ</span> <span class='ocrx_word' id='word_1_20' title='bbox 360 630 408 692; x_wconf 87' lang='grc' dir='ltr'>καλ</span> <span class='ocrx_word' id='word_1_21' title='bbox 440 628 607 713; x_wconf 87' lang='grc' dir='ltr'>εύθύτρυπα</span> <span class='ocrx_word' id='word_1_22' title='bbox 634 629 682 692; x_wconf 82' lang='grc' dir='ltr'>καὶ</span> <span class='ocrx_word' id='word_1_23' title='bbox 709 630 813 713; x_wconf 79' lang='grc' dir='ltr'>διαυγῆ</span> <span class='ocrx_word' id='word_1_24' title='bbox 839 629 876 693; x_wconf 85' lang='grc' dir='ltr'>τὰ</span> <span class='ocrx_word' id='word_1_25' title='bbox 901 629 1021 712; x_wconf 82' lang='grc' dir='ltr'>λαμπρὰ</span> <span class='ocrx_word' id='word_1_26' title='bbox 1050 627 1132 693; x_wconf 81' lang='grc' dir='ltr'>εἶναι.</span> <span class='ocrx_word' id='word_1_27' title='bbox 1175 631 1211 693; x_wconf 86' lang='grc' dir='ltr'>τά</span> <span class='ocrx_word' id='word_1_28' title='bbox 1234 631 1286 713; x_wconf 83' lang='grc' dir='ltr'>μὲν</span> <span class='ocrx_word' id='word_1_29' title='bbox 1308 628 1359 693; x_wconf 87' lang='grc' dir='ltr'>οῦν</span> <span class='ocrx_word' id='word_1_30' title='bbox 1381 627 1495 712; x_wconf 81' lang='grc' dir='ltr'>σκληρὰ</span> 
     </span>
     <span class='ocr_line' id='line_1_4' title="bbox 229 730 1494 816; baseline 0 -24"><span class='ocrx_word' id='word_1_31' title='bbox 229 732 287 793; x_wconf 84' lang='grc' dir='ltr'>τῶν</span> <span class='ocrx_word' id='word_1_32' title='bbox 314 733 426 796; x_wconf 82' lang='grc' dir='ltr'>λευκῶν</span> <span class='ocrx_word' id='word_1_33' title='bbox 453 731 487 796; x_wconf 94' lang='grc' dir='ltr'>ἐκ</span> <span class='ocrx_word' id='word_1_34' title='bbox 515 730 653 795; x_wconf 78' lang='grc' dir='ltr'><strong>τοιούτων</strong></span> <span class='ocrx_word' id='word_1_35' title='bbox 681 731 841 816; x_wconf 76' lang='grc' dir='ltr'>σχημάτων</span> <span class='ocrx_word' id='word_1_36' title='bbox 868 731 1038 815; x_wconf 87' lang='grc' dir='ltr'>συγκεῖσθαι</span> <span class='ocrx_word' id='word_1_37' title='bbox 1068 731 1128 794; x_wconf 84' lang='grc' dir='ltr'>οἷον</span> <span class='ocrx_word' id='word_1_38' title='bbox 1162 733 1182 815; x_wconf 79' lang='grc' dir='ltr'>ἡ</span> <span class='ocrx_word' id='word_1_39' title='bbox 1215 733 1295 803; x_wconf 84' lang='grc' dir='ltr'>ἐντὸς</span> <span class='ocrx_word' id='word_1_40' title='bbox 1328 731 1402 801; x_wconf 85' lang='grc' dir='ltr'>πλάξ</span> <span class='ocrx_word' id='word_1_41' title='bbox 1435 734 1494 793; x_wconf 80' lang='grc' dir='ltr'>τῶν</span> 
     </span>
     <span class='ocr_line' id='line_1_5' title="bbox 230 829 1495 919; baseline -0.002 -23"><span class='ocrx_word' id='word_1_42' title='bbox 230 834 405 918; x_wconf 78' lang='grc' dir='ltr'>κογχυλίων·</span> <span class='ocrx_word' id='word_1_43' title='bbox 441 836 518 899; x_wconf 91' lang='grc' dir='ltr'>ούτω</span> <span class='ocrx_word' id='word_1_44' title='bbox 545 835 600 917; x_wconf 79' lang='grc' dir='ltr'>γὰρ</span> <span class='ocrx_word' id='word_1_45' title='bbox 627 831 661 896; x_wconf 87' lang='grc' dir='ltr'>ἀν</span> <span class='ocrx_word' id='word_1_46' title='bbox 688 831 776 897; x_wconf 84' lang='grc' dir='ltr'>ἄσκια</span> <span class='ocrx_word' id='word_1_47' title='bbox 802 835 851 898; x_wconf 86' lang='grc' dir='ltr'>καὶ</span> <span class='ocrx_word' id='word_1_48' title='bbox 876 835 968 918; x_wconf 82' lang='grc' dir='ltr'>εὐαγῆ</span> <span class='ocrx_word' id='word_1_49' title='bbox 994 834 1043 897; x_wconf 89' lang='grc' dir='ltr'>καλ</span> <span class='ocrx_word' id='word_1_50' title='bbox 1070 834 1220 919; x_wconf 74' lang='grc' dir='ltr'>εὐθύπορα</span> <span class='ocrx_word' id='word_1_51' title='bbox 1246 834 1329 899; x_wconf 81' lang='grc' dir='ltr'>εἶναι.</span> <span class='ocrx_word' id='word_1_52' title='bbox 1373 834 1409 897; x_wconf 83' lang='grc' dir='ltr'>τό</span> <span class='ocrx_word' id='word_1_53' title='bbox 1434 829 1495 916; x_wconf 70' lang='grc' dir='ltr'>(δὲ)</span> 
     </span>
     <span class='ocr_line' id='line_1_6' title="bbox 202 932 1494 1023; baseline -0.003 -23"><span class='ocrx_word' id='word_1_54' title='bbox 202 935 352 1019; x_wconf 80' lang='grc' dir='ltr'>ιψαθυρά</span> <span class='ocrx_word' id='word_1_55' title='bbox 373 937 421 1000; x_wconf 87' lang='grc' dir='ltr'>καλ</span> <span class='ocrx_word' id='word_1_56' title='bbox 444 934 594 1021; x_wconf 76' lang='grc' dir='ltr'><strong>εὔθρυπτα</strong></span> <span class='ocrx_word' id='word_1_57' title='bbox 616 935 649 999; x_wconf 90' lang='grc' dir='ltr'>ἐκ</span> <span class='ocrx_word' id='word_1_58' title='bbox 671 939 835 1021; x_wconf 85' lang='grc' dir='ltr'>περιφερῶν</span> <span class='ocrx_word' id='word_1_59' title='bbox 858 935 910 1018; x_wconf 81' lang='grc' dir='ltr'>μὲν</span> <span class='ocrx_word' id='word_1_60' title='bbox 931 932 1023 1003; x_wconf 85' lang='grc' dir='ltr'>λοξῶν</span> <span class='ocrx_word' id='word_1_61' title='bbox 1051 937 1084 999; x_wconf 85' lang='grc' dir='ltr'>δέ</span> <span class='ocrx_word' id='word_1_62' title='bbox 1109 942 1147 1018; x_wconf 77' lang='grc' dir='ltr'>τῇ</span> <span class='ocrx_word' id='word_1_63' title='bbox 1176 937 1257 1001; x_wconf 80' lang='grc' dir='ltr'>θέσει</span> <span class='ocrx_word' id='word_1_64' title='bbox 1283 939 1355 1023; x_wconf 83' lang='grc' dir='ltr'>πρὸς</span> <span class='ocrx_word' id='word_1_65' title='bbox 1382 935 1494 1018; x_wconf 80' lang='grc' dir='ltr'>ἄλληλα</span> 
     </span>
     <span class='ocr_line' id='line_1_7' title="bbox 230 1035 1494 1122; baseline -0.002 -21"><span class='ocrx_word' id='word_1_66' title='bbox 230 1039 278 1102; x_wconf 85' lang='grc' dir='ltr'>καλ</span> <span class='ocrx_word' id='word_1_67' title='bbox 306 1038 381 1102; x_wconf 84' lang='grc' dir='ltr'>κατὰ</span> <span class='ocrx_word' id='word_1_68' title='bbox 409 1039 460 1102; x_wconf 94' lang='grc' dir='ltr'>δύο</span> <span class='ocrx_word' id='word_1_69' title='bbox 483 1035 622 1114; x_wconf 87' lang='grc' dir='ltr'>συζεύξει,</span> <span class='ocrx_word' id='word_1_70' title='bbox 650 1038 703 1121; x_wconf 83' lang='grc' dir='ltr'>τὴν</span> <span class='ocrx_word' id='word_1_71' title='bbox 726 1035 751 1101; x_wconf 77' lang='grc' dir='ltr'>δ’</span> <span class='ocrx_word' id='word_1_72' title='bbox 780 1038 850 1122; x_wconf 87' lang='grc' dir='ltr'>δλην</span> <span class='ocrx_word' id='word_1_73' title='bbox 872 1036 948 1107; x_wconf 90' lang='grc' dir='ltr'>τάξιν</span> <span class='ocrx_word' id='word_1_74' title='bbox 973 1035 1052 1122; x_wconf 80' lang='grc' dir='ltr'>ἔχειν</span> <span class='ocrx_word' id='word_1_75' title='bbox 1075 1039 1118 1102; x_wconf 85' lang='grc' dir='ltr'>ότι</span> <span class='ocrx_word' id='word_1_76' title='bbox 1142 1040 1267 1121; x_wconf 82' lang='grc' dir='ltr'>μαλιστα</span> <span class='ocrx_word' id='word_1_77' title='bbox 1290 1040 1403 1122; x_wconf 81' lang='grc' dir='ltr'>ὁμοίαν.</span> <span class='ocrx_word' id='word_1_78' title='bbox 1439 1060 1494 1100; x_wconf 88' lang='grc' dir='ltr'>τοι·</span> 
     </span>
     <span class='ocr_line' id='line_1_8' title="bbox 230 1137 1493 1227; baseline -0.001 -23"><span class='ocrx_word' id='word_1_79' title='bbox 230 1142 323 1204; x_wconf 90' lang='grc' dir='ltr'>ούτων</span> <span class='ocrx_word' id='word_1_80' title='bbox 347 1139 372 1204; x_wconf 91' lang='grc' dir='ltr'>δ’</span> <span class='ocrx_word' id='word_1_81' title='bbox 394 1137 485 1203; x_wconf 83' lang='grc' dir='ltr'>ὄντων</span> <span class='ocrx_word' id='word_1_82' title='bbox 508 1139 626 1224; x_wconf 81' lang='grc' dir='ltr'>ψαθυρὰ</span> <span class='ocrx_word' id='word_1_83' title='bbox 649 1141 702 1223; x_wconf 78' lang='grc' dir='ltr'>μὲν</span> <span class='ocrx_word' id='word_1_84' title='bbox 725 1139 807 1219; x_wconf 78' lang='grc' dir='ltr'>εἶναι,</span> <span class='ocrx_word' id='word_1_85' title='bbox 830 1140 902 1204; x_wconf 82' lang='grc' dir='ltr'><strong>διότι</strong></span> <span class='ocrx_word' id='word_1_86' title='bbox 924 1141 999 1204; x_wconf 84' lang='grc' dir='ltr'>κατὰ</span> <span class='ocrx_word' id='word_1_87' title='bbox 1020 1143 1121 1226; x_wconf 85' lang='grc' dir='ltr'>μικρὸν</span> <span class='ocrx_word' id='word_1_88' title='bbox 1144 1144 1164 1226; x_wconf 81' lang='grc' dir='ltr'>ἡ</span> <span class='ocrx_word' id='word_1_89' title='bbox 1187 1143 1320 1227; x_wconf 82' lang='grc' dir='ltr'>σύναψις·</span> <span class='ocrx_word' id='word_1_90' title='bbox 1344 1141 1493 1225; x_wconf 79' lang='grc' dir='ltr'>εὔθρυπτα</span> 
     </span>
     <span class='ocr_line' id='line_1_9' title="bbox 227 1241 1494 1329; baseline 0 -22"><span class='ocrx_word' id='word_1_91' title='bbox 227 1241 269 1321; x_wconf 79' lang='grc' dir='ltr'>δ’,</span> <span class='ocrx_word' id='word_1_92' title='bbox 293 1243 337 1307; x_wconf 85' lang='grc' dir='ltr'>ότι</span> <span class='ocrx_word' id='word_1_93' title='bbox 360 1241 469 1327; x_wconf 83' lang='grc' dir='ltr'>ὁμοίως</span> <span class='ocrx_word' id='word_1_94' title='bbox 491 1245 613 1306; x_wconf 88' lang='grc' dir='ltr'>κεῖνται·</span> <span class='ocrx_word' id='word_1_95' title='bbox 635 1242 723 1307; x_wconf 83' lang='grc' dir='ltr'>ἄσκια</span> <span class='ocrx_word' id='word_1_96' title='bbox 746 1242 788 1320; x_wconf 89' lang='grc' dir='ltr'>δέ,</span> <span class='ocrx_word' id='word_1_97' title='bbox 812 1242 884 1307; x_wconf 87' lang='grc' dir='ltr'>διότι</span> <span class='ocrx_word' id='word_1_98' title='bbox 906 1245 970 1306; x_wconf 85' lang='grc' dir='ltr'>λεῖα</span> <span class='ocrx_word' id='word_1_99' title='bbox 992 1244 1040 1307; x_wconf 89' lang='grc' dir='ltr'>καὶ</span> <span class='ocrx_word' id='word_1_100' title='bbox 1063 1245 1189 1308; x_wconf 80' lang='grc' dir='ltr'>πλατέα·</span> <span class='ocrx_word' id='word_1_101' title='bbox 1215 1246 1370 1329; x_wconf 78' lang='grc' dir='ltr'>λευκότερα</span> <span class='ocrx_word' id='word_1_102' title='bbox 1393 1242 1418 1309; x_wconf 86' lang='grc' dir='ltr'>δ’</span> <span class='ocrx_word' id='word_1_103' title='bbox 1446 1245 1494 1307; x_wconf 86' lang='grc' dir='ltr'>ἀλ-</span> 
     </span>
     <span class='ocr_line' id='line_1_10' title="bbox 228 1344 1493 1432; baseline 0 -23"><span class='ocrx_word' id='word_1_104' title='bbox 228 1349 326 1431; x_wconf 83' lang='grc' dir='ltr'>λήλων</span> <span class='ocrx_word' id='word_1_105' title='bbox 346 1350 390 1432; x_wconf 84' lang='grc' dir='ltr'>τῷ</span> <span class='ocrx_word' id='word_1_106' title='bbox 413 1345 450 1409; x_wconf 87' lang='grc' dir='ltr'>τά</span> <span class='ocrx_word' id='word_1_107' title='bbox 472 1346 613 1430; x_wconf 86' lang='grc' dir='ltr'>σχήματα</span> <span class='ocrx_word' id='word_1_108' title='bbox 633 1345 670 1408; x_wconf 81' lang='grc' dir='ltr'>τὰ</span> <span class='ocrx_word' id='word_1_109' title='bbox 691 1344 831 1429; x_wconf 78' lang='grc' dir='ltr'>εἰρημένα</span> <span class='ocrx_word' id='word_1_110' title='bbox 852 1346 900 1410; x_wconf 83' lang='grc' dir='ltr'>καὶ</span> <span class='ocrx_word' id='word_1_111' title='bbox 928 1346 1117 1431; x_wconf 86' lang='grc' dir='ltr'>ἀκριβέστερα</span> <span class='ocrx_word' id='word_1_112' title='bbox 1144 1348 1192 1410; x_wconf 84' lang='grc' dir='ltr'>καὶ</span> <span class='ocrx_word' id='word_1_113' title='bbox 1219 1347 1393 1431; x_wconf 89' lang='grc' dir='ltr'>ἀμιγέστερα</span> <span class='ocrx_word' id='word_1_114' title='bbox 1420 1345 1493 1410; x_wconf 81' lang='grc' dir='ltr'>εἶναι</span> 
     </span>
     <span class='ocr_line' id='line_1_11' title="bbox 189 1445 1543 1534; baseline -0.003 -20"><span class='ocrx_word' id='word_1_115' title='bbox 189 1476 215 1516; x_wconf 85' lang='grc' dir='ltr'>ιο</span> <span class='ocrx_word' id='word_1_116' title='bbox 231 1450 280 1514; x_wconf 89' lang='grc' dir='ltr'>καλ</span> <span class='ocrx_word' id='word_1_117' title='bbox 303 1450 356 1534; x_wconf 75' lang='grc' dir='ltr'>τὴν</span> <span class='ocrx_word' id='word_1_118' title='bbox 378 1447 455 1517; x_wconf 81' lang='grc' dir='ltr'>τάξιν</span> <span class='ocrx_word' id='word_1_119' title='bbox 478 1448 527 1511; x_wconf 89' lang='grc' dir='ltr'>καλ</span> <span class='ocrx_word' id='word_1_120' title='bbox 554 1448 607 1531; x_wconf 89' lang='grc' dir='ltr'>τὴν</span> <span class='ocrx_word' id='word_1_121' title='bbox 637 1447 718 1512; x_wconf 84' lang='grc' dir='ltr'>θέσιν</span> <span class='ocrx_word' id='word_1_122' title='bbox 747 1445 825 1532; x_wconf 85' lang='grc' dir='ltr'>ἔχειν</span> <span class='ocrx_word' id='word_1_123' title='bbox 853 1450 962 1531; x_wconf 82' lang='grc' dir='ltr'>μᾶλλον</span> <span class='ocrx_word' id='word_1_124' title='bbox 988 1450 1041 1533; x_wconf 86' lang='grc' dir='ltr'>τὴν</span> <span class='ocrx_word' id='word_1_125' title='bbox 1066 1449 1230 1534; x_wconf 85' lang='grc' dir='ltr'>είρημένην.</span> <span class='ocrx_word' id='word_1_126' title='bbox 1382 1451 1415 1512; x_wconf 84' lang='grc' dir='ltr'>τὸ</span> <span class='ocrx_word' id='word_1_127' title='bbox 1439 1451 1492 1531; x_wconf 75' lang='grc' dir='ltr'>μὲν</span> <span class='ocrx_word' id='word_1_128' title='bbox 1509 1458 1543 1511; x_wconf 82' lang='lat'>74</span> 
     </span>
     <span class='ocr_line' id='line_1_12' title="bbox 232 1549 1494 1636; baseline -0.002 -19"><span class='ocrx_word' id='word_1_129' title='bbox 232 1551 283 1617; x_wconf 88' lang='grc' dir='ltr'>οῦν</span> <span class='ocrx_word' id='word_1_130' title='bbox 314 1553 417 1616; x_wconf 79' lang='grc' dir='ltr'>λευκὸν</span> <span class='ocrx_word' id='word_1_131' title='bbox 452 1551 486 1614; x_wconf 87' lang='grc' dir='ltr'>ἐκ</span> <span class='ocrx_word' id='word_1_132' title='bbox 519 1550 658 1614; x_wconf 91' lang='grc' dir='ltr'>τοιούτων</span> <span class='ocrx_word' id='word_1_133' title='bbox 689 1549 762 1614; x_wconf 82' lang='grc' dir='ltr'>εἶναι</span> <span class='ocrx_word' id='word_1_134' title='bbox 795 1553 967 1636; x_wconf 89' lang='grc' dir='ltr'>σχημάτων.</span> <span class='ocrx_word' id='word_1_135' title='bbox 1005 1553 1038 1615; x_wconf 90' lang='grc' dir='ltr'>τδ</span> <span class='ocrx_word' id='word_1_136' title='bbox 1072 1552 1105 1615; x_wconf 82' lang='grc' dir='ltr'>δὲ</span> <span class='ocrx_word' id='word_1_137' title='bbox 1138 1552 1228 1635; x_wconf 88' lang='grc' dir='ltr'>μέλαν</span> <span class='ocrx_word' id='word_1_138' title='bbox 1261 1552 1295 1616; x_wconf 92' lang='grc' dir='ltr'>ἐκ</span> <span class='ocrx_word' id='word_1_139' title='bbox 1324 1557 1383 1614; x_wconf 84' lang='grc' dir='ltr'>τῶν</span> <span class='ocrx_word' id='word_1_140' title='bbox 1417 1551 1494 1615; x_wconf 92' lang='grc' dir='ltr'>ἐναν-</span> 
     </span>
     <span class='ocr_line' id='line_1_13' title="bbox 229 1653 1491 1740; baseline -0.002 -22"><span class='ocrx_word' id='word_1_141' title='bbox 229 1657 313 1734; x_wconf 92' lang='grc' dir='ltr'>τίων,</span> <span class='ocrx_word' id='word_1_142' title='bbox 339 1655 372 1718; x_wconf 88' lang='grc' dir='ltr'>ἐκ</span> <span class='ocrx_word' id='word_1_143' title='bbox 399 1653 533 1737; x_wconf 81' lang='grc' dir='ltr'>τραχέων</span> <span class='ocrx_word' id='word_1_144' title='bbox 559 1653 608 1716; x_wconf 88' lang='grc' dir='ltr'>καλ</span> <span class='ocrx_word' id='word_1_145' title='bbox 641 1655 794 1736; x_wconf 82' lang='grc' dir='ltr'>σκαληνῶν</span> <span class='ocrx_word' id='word_1_146' title='bbox 827 1655 876 1718; x_wconf 83' lang='grc' dir='ltr'>καὶ</span> <span class='ocrx_word' id='word_1_147' title='bbox 909 1653 1068 1739; x_wconf 90' lang='grc' dir='ltr'>ἀνομοίων·</span> <span class='ocrx_word' id='word_1_148' title='bbox 1106 1655 1184 1719; x_wconf 89' lang='grc' dir='ltr'>ούτω</span> <span class='ocrx_word' id='word_1_149' title='bbox 1209 1655 1263 1740; x_wconf 84' lang='grc' dir='ltr'>γὰρ</span> <span class='ocrx_word' id='word_1_150' title='bbox 1297 1653 1331 1719; x_wconf 88' lang='grc' dir='ltr'>ἀν</span> <span class='ocrx_word' id='word_1_151' title='bbox 1364 1656 1491 1725; x_wconf 80' lang='grc' dir='ltr'>σκιάζειν</span> 
     </span>
     <span class='ocr_line' id='line_1_14' title="bbox 227 1755 1494 1842; baseline -0.001 -21"><span class='ocrx_word' id='word_1_152' title='bbox 227 1757 277 1820; x_wconf 83' lang='grc' dir='ltr'>καί</span> <span class='ocrx_word' id='word_1_153' title='bbox 303 1756 357 1821; x_wconf 82' lang='grc' dir='ltr'>οῦκ</span> <span class='ocrx_word' id='word_1_154' title='bbox 383 1757 479 1826; x_wconf 84' lang='grc' dir='ltr'>εύθεῖς</span> <span class='ocrx_word' id='word_1_155' title='bbox 507 1755 579 1820; x_wconf 80' lang='grc' dir='ltr'>εἶναι</span> <span class='ocrx_word' id='word_1_156' title='bbox 605 1756 672 1825; x_wconf 87' lang='grc' dir='ltr'>τοῦς</span> <span class='ocrx_word' id='word_1_157' title='bbox 699 1756 807 1839; x_wconf 84' lang='grc' dir='ltr'>πόρους</span> <span class='ocrx_word' id='word_1_158' title='bbox 836 1755 897 1820; x_wconf 80' lang='grc' dir='ltr'>οὐδ’</span> <span class='ocrx_word' id='word_1_159' title='bbox 925 1757 1083 1828; x_wconf 85' lang='grc' dir='ltr'>εῦδιόδους.</span> <span class='ocrx_word' id='word_1_160' title='bbox 1127 1756 1170 1821; x_wconf 83' lang='grc' dir='ltr'>ἔτι</span> <span class='ocrx_word' id='word_1_161' title='bbox 1198 1758 1231 1822; x_wconf 82' lang='grc' dir='ltr'>δὲ</span> <span class='ocrx_word' id='word_1_162' title='bbox 1256 1759 1307 1828; x_wconf 82' lang='grc' dir='ltr'>τὰς</span> <span class='ocrx_word' id='word_1_163' title='bbox 1337 1757 1494 1842; x_wconf 77' lang='grc' dir='ltr'>ἀπορροίας</span> 
     </span>
     <span class='ocr_line' id='line_1_15' title="bbox 228 1857 1492 1946; baseline 0.001 -24"><span class='ocrx_word' id='word_1_164' title='bbox 228 1860 333 1930; x_wconf 86' lang='grc' dir='ltr'>νωθεῖς</span> <span class='ocrx_word' id='word_1_165' title='bbox 355 1861 403 1923; x_wconf 85' lang='grc' dir='ltr'>καλ</span> <span class='ocrx_word' id='word_1_166' title='bbox 424 1861 620 1944; x_wconf 79' lang='grc' dir='ltr'>ταραχώδεις·</span> <span class='ocrx_word' id='word_1_167' title='bbox 643 1857 787 1942; x_wconf 79' lang='grc' dir='ltr'>διαφέρειν</span> <span class='ocrx_word' id='word_1_168' title='bbox 809 1860 863 1944; x_wconf 89' lang='grc' dir='ltr'>γάρ</span> <span class='ocrx_word' id='word_1_169' title='bbox 884 1882 911 1922; x_wconf 93' lang='grc' dir='ltr'>τι</span> <span class='ocrx_word' id='word_1_170' title='bbox 934 1860 982 1923; x_wconf 82' lang='grc' dir='ltr'>καὶ</span> <span class='ocrx_word' id='word_1_171' title='bbox 1004 1862 1057 1945; x_wconf 83' lang='grc' dir='ltr'>τὴν</span> <span class='ocrx_word' id='word_1_172' title='bbox 1079 1862 1226 1946; x_wconf 84' lang='grc' dir='ltr'>ἀπορροὴν</span> <span class='ocrx_word' id='word_1_173' title='bbox 1248 1866 1291 1946; x_wconf 84' lang='grc' dir='ltr'>τῷ</span> <span class='ocrx_word' id='word_1_174' title='bbox 1315 1860 1400 1924; x_wconf 82' lang='grc' dir='ltr'>ποιόν</span> <span class='ocrx_word' id='word_1_175' title='bbox 1419 1859 1492 1923; x_wconf 83' lang='grc' dir='ltr'>εἶναι</span> 
     </span>
     <span class='ocr_line' id='line_1_16' title="bbox 185 1959 1491 2048; baseline -0.001 -21"><span class='ocrx_word' id='word_1_176' title='bbox 185 1990 210 2028; x_wconf 83' lang='grc' dir='ltr'>ιι</span> <span class='ocrx_word' id='word_1_177' title='bbox 229 1963 300 2047; x_wconf 83' lang='grc' dir='ltr'>πρὸς</span> <span class='ocrx_word' id='word_1_178' title='bbox 321 1963 374 2047; x_wconf 78' lang='grc' dir='ltr'>τὴν</span> <span class='ocrx_word' id='word_1_179' title='bbox 396 1963 566 2048; x_wconf 81' lang='grc' dir='ltr'>φαντασίαν,</span> <span class='ocrx_word' id='word_1_180' title='bbox 593 1962 629 2046; x_wconf 81' lang='grc' dir='ltr'>ἣν</span> <span class='ocrx_word' id='word_1_181' title='bbox 656 1959 785 2043; x_wconf 84' lang='grc' dir='ltr'>γίνεσθαι</span> <span class='ocrx_word' id='word_1_182' title='bbox 813 1961 862 2025; x_wconf 88' lang='grc' dir='ltr'>διά</span> <span class='ocrx_word' id='word_1_183' title='bbox 887 1963 939 2045; x_wconf 79' lang='grc' dir='ltr'>τὴν</span> <span class='ocrx_word' id='word_1_184' title='bbox 966 1963 1143 2048; x_wconf 79' lang='grc' dir='ltr'>ἐναπόληψιν</span> <span class='ocrx_word' id='word_1_185' title='bbox 1170 1968 1222 2027; x_wconf 91' lang='grc' dir='ltr'>τοῦ</span> <span class='ocrx_word' id='word_1_186' title='bbox 1251 1963 1336 2047; x_wconf 83' lang='grc' dir='ltr'>ἀέρος</span> <span class='ocrx_word' id='word_1_187' title='bbox 1363 1964 1491 2027; x_wconf 86' lang='grc' dir='ltr'>ἀλλοίαν.</span> 
     </span>
     <span class='ocr_line' id='line_1_17' title="bbox 271 2063 1543 2151; baseline -0.002 -21"><span class='ocrx_word' id='word_1_188' title='bbox 271 2066 393 2151; x_wconf 83' lang='grc' dir='ltr'>ἐρυθρὸν</span> <span class='ocrx_word' id='word_1_189' title='bbox 416 2064 442 2129; x_wconf 86' lang='grc' dir='ltr'>δ’</span> <span class='ocrx_word' id='word_1_190' title='bbox 470 2065 500 2135; x_wconf 84' lang='grc' dir='ltr'>ἐξ</span> <span class='ocrx_word' id='word_1_191' title='bbox 523 2066 647 2147; x_wconf 80' lang='grc' dir='ltr'>οἵωνπερ</span> <span class='ocrx_word' id='word_1_192' title='bbox 669 2063 718 2126; x_wconf 83' lang='grc' dir='ltr'>καί</span> <span class='ocrx_word' id='word_1_193' title='bbox 739 2063 773 2126; x_wconf 88' lang='grc' dir='ltr'>τδ</span> <span class='ocrx_word' id='word_1_194' title='bbox 796 2063 920 2147; x_wconf 90' lang='grc' dir='ltr'>θερμόν,</span> <span class='ocrx_word' id='word_1_195' title='bbox 947 2066 1022 2149; x_wconf 79' lang='grc' dir='ltr'>πλην</span> <span class='ocrx_word' id='word_1_196' title='bbox 1050 2068 1084 2130; x_wconf 88' lang='grc' dir='ltr'>ἐκ</span> <span class='ocrx_word' id='word_1_197' title='bbox 1111 2067 1260 2151; x_wconf 90' lang='grc' dir='ltr'>μειζόνων.</span> <span class='ocrx_word' id='word_1_198' title='bbox 1304 2066 1355 2129; x_wconf 83' lang='grc' dir='ltr'>ἐὰν</span> <span class='ocrx_word' id='word_1_199' title='bbox 1381 2067 1435 2150; x_wconf 77' lang='grc' dir='ltr'>γὰρ</span> <span class='ocrx_word' id='word_1_200' title='bbox 1462 2066 1492 2129; x_wconf 86' lang='grc' dir='ltr'>αί</span> <span class='ocrx_word' id='word_1_201' title='bbox 1509 2075 1543 2128; x_wconf 81' lang='grc'>75</span> 
     </span>
     <span class='ocr_line' id='line_1_18' title="bbox 227 2163 1491 2254; baseline -0.001 -21"><span class='ocrx_word' id='word_1_202' title='bbox 227 2170 387 2253; x_wconf 78' lang='grc' dir='ltr'>συγκρίσεις</span> <span class='ocrx_word' id='word_1_203' title='bbox 409 2171 465 2234; x_wconf 83' lang='grc' dir='ltr'>ὦσι</span> <span class='ocrx_word' id='word_1_204' title='bbox 489 2170 604 2252; x_wconf 90' lang='grc' dir='ltr'>μείζους</span> <span class='ocrx_word' id='word_1_205' title='bbox 621 2166 729 2250; x_wconf 83' lang='grc' dir='ltr'>ὁμοίων</span> <span class='ocrx_word' id='word_1_206' title='bbox 753 2163 843 2228; x_wconf 86' lang='grc' dir='ltr'>όντων</span> <span class='ocrx_word' id='word_1_207' title='bbox 865 2170 924 2230; x_wconf 86' lang='grc' dir='ltr'>τῶν</span> <span class='ocrx_word' id='word_1_208' title='bbox 947 2171 1108 2253; x_wconf 77' lang='grc' dir='ltr'>σχημάτων</span> <span class='ocrx_word' id='word_1_209' title='bbox 1132 2173 1242 2252; x_wconf 80' lang='grc' dir='ltr'>μᾶλλον</span> <span class='ocrx_word' id='word_1_210' title='bbox 1264 2169 1386 2254; x_wconf 83' lang='grc' dir='ltr'>ἐρυθρόν</span> <span class='ocrx_word' id='word_1_211' title='bbox 1409 2167 1491 2233; x_wconf 83' lang='grc' dir='ltr'>εἶναι.</span> 
     </span>
     <span class='ocr_line' id='line_1_19' title="bbox 232 2267 1492 2356; baseline 0 -22"><span class='ocrx_word' id='word_1_212' title='bbox 232 2276 351 2354; x_wconf 84' lang='grc' dir='ltr'>σημεῖον</span> <span class='ocrx_word' id='word_1_213' title='bbox 384 2271 410 2336; x_wconf 89' lang='grc' dir='ltr'>δ’</span> <span class='ocrx_word' id='word_1_214' title='bbox 448 2273 491 2338; x_wconf 86' lang='grc' dir='ltr'>ότι</span> <span class='ocrx_word' id='word_1_215' title='bbox 524 2274 557 2336; x_wconf 83' lang='grc' dir='ltr'>ἐκ</span> <span class='ocrx_word' id='word_1_216' title='bbox 589 2269 727 2334; x_wconf 91' lang='grc' dir='ltr'>τοιούτων</span> <span class='ocrx_word' id='word_1_217' title='bbox 756 2270 789 2332; x_wconf 83' lang='grc' dir='ltr'>τό</span> <span class='ocrx_word' id='word_1_218' title='bbox 821 2267 960 2354; x_wconf 90' lang='grc' dir='ltr'>ἐρυθρόν·</span> <span class='ocrx_word' id='word_1_219' title='bbox 991 2272 1070 2354; x_wconf 74' lang='grc' dir='ltr'>ημᾶς</span> <span class='ocrx_word' id='word_1_220' title='bbox 1102 2295 1134 2335; x_wconf 89' lang='grc' dir='ltr'>τε</span> <span class='ocrx_word' id='word_1_221' title='bbox 1164 2272 1217 2356; x_wconf 87' lang='grc' dir='ltr'>γάρ</span> <span class='ocrx_word' id='word_1_222' title='bbox 1250 2269 1492 2356; x_wconf 87' lang='grc' dir='ltr'>θερμαινομένους</span> 
     </span>
     <span class='ocr_line' id='line_1_20' title="bbox 228 2371 1494 2459; baseline 0 -22"><span class='ocrx_word' id='word_1_223' title='bbox 228 2374 450 2459; x_wconf 85' lang='grc' dir='ltr'>ἐρυθραίνεσθαι</span> <span class='ocrx_word' id='word_1_224' title='bbox 472 2376 521 2439; x_wconf 87' lang='grc' dir='ltr'>καλ</span> <span class='ocrx_word' id='word_1_225' title='bbox 544 2375 581 2438; x_wconf 67' lang='lat' dir='ltr'>:i</span> <span class='ocrx_word' id='word_1_226' title='bbox 603 2373 678 2438; x_wconf 81' lang='grc' dir='ltr'>ἄλλα</span> <span class='ocrx_word' id='word_1_227' title='bbox 700 2373 736 2436; x_wconf 84' lang='grc' dir='ltr'>τὰ</span> <span class='ocrx_word' id='word_1_228' title='bbox 758 2371 934 2456; x_wconf 86' lang='grc' dir='ltr'>πυρούμενα,</span> <span class='ocrx_word' id='word_1_229' title='bbox 958 2372 1060 2458; x_wconf 81' lang='grc' dir='ltr'>μέχρις</span> <span class='ocrx_word' id='word_1_230' title='bbox 1082 2373 1117 2437; x_wconf 84' lang='grc' dir='ltr'>ἀν</span> <span class='ocrx_word' id='word_1_231' title='bbox 1140 2373 1175 2438; x_wconf 89' lang='grc' dir='ltr'>οῦ</span> <span class='ocrx_word' id='word_1_232' title='bbox 1198 2373 1257 2459; x_wconf 86' lang='grc' dir='ltr'>ἔχη</span> <span class='ocrx_word' id='word_1_233' title='bbox 1279 2375 1386 2438; x_wconf 84' lang='grc' dir='ltr'>τὸτοῦ</span> <span class='ocrx_word' id='word_1_234' title='bbox 1410 2396 1494 2458; x_wconf 91' lang='grc' dir='ltr'>πυρο-</span> 
     </span>
     <span class='ocr_line' id='line_1_21' title="bbox 185 2473 1491 2563; baseline -0.005 -19"><span class='ocrx_word' id='word_1_235' title='bbox 185 2504 211 2544; x_wconf 83' lang='grc' dir='ltr'>ω</span> <span class='ocrx_word' id='word_1_236' title='bbox 229 2479 332 2547; x_wconf 85' lang='grc' dir='ltr'>ειδοῦς.</span> <span class='ocrx_word' id='word_1_237' title='bbox 377 2477 555 2563; x_wconf 84' lang='grc' dir='ltr'>ἐρυθρότερα</span> <span class='ocrx_word' id='word_1_238' title='bbox 576 2479 609 2542; x_wconf 84' lang='grc' dir='ltr'>δὲ</span> <span class='ocrx_word' id='word_1_239' title='bbox 630 2476 667 2540; x_wconf 83' lang='grc' dir='ltr'>τὰ</span> <span class='ocrx_word' id='word_1_240' title='bbox 687 2476 720 2539; x_wconf 90' lang='grc' dir='ltr'>ἐκ</span> <span class='ocrx_word' id='word_1_241' title='bbox 743 2476 876 2558; x_wconf 75' lang='grc' dir='ltr'>μεγάλων</span> <span class='ocrx_word' id='word_1_242' title='bbox 899 2473 968 2538; x_wconf 83' lang='grc' dir='ltr'>ὄντα</span> <span class='ocrx_word' id='word_1_243' title='bbox 990 2478 1151 2561; x_wconf 83' lang='grc' dir='ltr'>σχημάτων</span> <span class='ocrx_word' id='word_1_244' title='bbox 1173 2477 1234 2541; x_wconf 84' lang='grc' dir='ltr'>οἷον</span> <span class='ocrx_word' id='word_1_245' title='bbox 1255 2478 1308 2562; x_wconf 72' lang='grc' dir='ltr'>τἠν</span> <span class='ocrx_word' id='word_1_246' title='bbox 1331 2476 1425 2562; x_wconf 87' lang='grc' dir='ltr'>φλόγα</span> <span class='ocrx_word' id='word_1_247' title='bbox 1443 2476 1491 2539; x_wconf 86' lang='grc' dir='ltr'>καλ</span> 
     </span>
     <span class='ocr_line' id='line_1_22' title="bbox 227 2577 1492 2666; baseline 0.002 -25"><span class='ocrx_word' id='word_1_248' title='bbox 227 2580 277 2642; x_wconf 83' lang='grc' dir='ltr'>τὸν</span> <span class='ocrx_word' id='word_1_249' title='bbox 298 2579 431 2665; x_wconf 86' lang='grc' dir='ltr'>ἄνθρακα</span> <span class='ocrx_word' id='word_1_250' title='bbox 453 2585 511 2644; x_wconf 87' lang='grc' dir='ltr'>τῶν</span> <span class='ocrx_word' id='word_1_251' title='bbox 534 2585 660 2666; x_wconf 85' lang='grc' dir='ltr'>χλωρῶν</span> <span class='ocrx_word' id='word_1_252' title='bbox 683 2578 775 2648; x_wconf 92' lang='grc' dir='ltr'>ξύλων</span> <span class='ocrx_word' id='word_1_253' title='bbox 796 2579 817 2663; x_wconf 79' lang='grc' dir='ltr'><strong>ἢ</strong></span> <span class='ocrx_word' id='word_1_254' title='bbox 839 2581 898 2642; x_wconf 88' lang='grc' dir='ltr'>τῶν</span> <span class='ocrx_word' id='word_1_255' title='bbox 920 2577 1015 2656; x_wconf 88' lang='grc' dir='ltr'>αῦων,</span> <span class='ocrx_word' id='word_1_256' title='bbox 1043 2581 1091 2642; x_wconf 82' lang='grc' dir='ltr'>καί</span> <span class='ocrx_word' id='word_1_257' title='bbox 1119 2581 1168 2643; x_wconf 84' lang='grc' dir='ltr'>τὸν</span> <span class='ocrx_word' id='word_1_258' title='bbox 1191 2580 1308 2664; x_wconf 92' lang='grc' dir='ltr'>σίδηρον</span> <span class='ocrx_word' id='word_1_259' title='bbox 1331 2580 1433 2643; x_wconf 85' lang='grc' dir='ltr'>δὲκαὶ</span> <span class='ocrx_word' id='word_1_260' title='bbox 1456 2579 1492 2642; x_wconf 84' lang='grc' dir='ltr'>τὰ</span> 
     </span>
     <span class='ocr_line' id='line_1_23' title="bbox 230 2679 1492 2768; baseline -0.001 -23"><span class='ocrx_word' id='word_1_261' title='bbox 230 2681 304 2746; x_wconf 76' lang='grc' dir='ltr'>ἄλλα</span> <span class='ocrx_word' id='word_1_262' title='bbox 330 2684 367 2746; x_wconf 85' lang='grc' dir='ltr'>τά</span> <span class='ocrx_word' id='word_1_263' title='bbox 392 2684 571 2768; x_wconf 87' lang='grc' dir='ltr'>πυρούμενα·</span> <span class='ocrx_word' id='word_1_264' title='bbox 604 2683 795 2766; x_wconf 89' lang='grc' dir='ltr'>λαμπρότατα</span> <span class='ocrx_word' id='word_1_265' title='bbox 822 2681 874 2763; x_wconf 80' lang='grc' dir='ltr'>μὲν</span> <span class='ocrx_word' id='word_1_266' title='bbox 900 2681 955 2766; x_wconf 83' lang='grc' dir='ltr'>γὰρ</span> <span class='ocrx_word' id='word_1_267' title='bbox 988 2679 1061 2745; x_wconf 80' lang='grc' dir='ltr'>εἶναι</span> <span class='ocrx_word' id='word_1_268' title='bbox 1086 2683 1123 2745; x_wconf 87' lang='grc' dir='ltr'>τὰ</span> <span class='ocrx_word' id='word_1_269' title='bbox 1149 2685 1283 2746; x_wconf 83' lang='grc' dir='ltr'>πλεῖστον</span> <span class='ocrx_word' id='word_1_270' title='bbox 1310 2680 1417 2768; x_wconf 87' lang='grc' dir='ltr'>έχοντα</span> <span class='ocrx_word' id='word_1_271' title='bbox 1443 2683 1492 2745; x_wconf 87' lang='grc' dir='ltr'>καλ</span> 
     </span>
    </p>
   </div>
   <div class='ocr_carea' id='block_1_3' title="bbox 186 2782 1542 3282">
    <p class='ocr_par' dir='ltr' id='par_1_3' title="bbox 186 2782 1542 3282">
     <span class='ocr_line' id='line_1_24' title="bbox 229 2782 1490 2871; baseline 0.001 -23"><span class='ocrx_word' id='word_1_272' title='bbox 229 2784 403 2849; x_wconf 86' lang='grc' dir='ltr'>λεπτότατον</span> <span class='ocrx_word' id='word_1_273' title='bbox 426 2791 494 2871; x_wconf 93' lang='grc' dir='ltr'>πῦρ,</span> <span class='ocrx_word' id='word_1_274' title='bbox 516 2785 694 2871; x_wconf 83' lang='grc' dir='ltr'>ἐρυθρότερα</span> <span class='ocrx_word' id='word_1_275' title='bbox 716 2785 751 2848; x_wconf 85' lang='grc' dir='ltr'>δέ</span> <span class='ocrx_word' id='word_1_276' title='bbox 770 2783 806 2846; x_wconf 81' lang='grc' dir='ltr'>τὰ</span> <span class='ocrx_word' id='word_1_277' title='bbox 828 2782 992 2869; x_wconf 88' lang='grc' dir='ltr'>παχύτερον</span> <span class='ocrx_word' id='word_1_278' title='bbox 1014 2785 1063 2848; x_wconf 87' lang='grc' dir='ltr'>καλ</span> <span class='ocrx_word' id='word_1_279' title='bbox 1086 2782 1215 2848; x_wconf 87' lang='grc' dir='ltr'>ἐλαττον.</span> <span class='ocrx_word' id='word_1_280' title='bbox 1258 2786 1303 2848; x_wconf 87' lang='grc' dir='ltr'>διδ</span> <span class='ocrx_word' id='word_1_281' title='bbox 1329 2787 1377 2848; x_wconf 87' lang='grc' dir='ltr'>καί</span> <span class='ocrx_word' id='word_1_282' title='bbox 1404 2787 1490 2871; x_wconf 78' lang='grc' dir='ltr'>ἧττον</span> 
     </span>
     <span class='ocr_line' id='line_1_25' title="bbox 229 2886 1493 2974; baseline 0 -25"><span class='ocrx_word' id='word_1_283' title='bbox 229 2887 301 2950; x_wconf 79' lang='grc' dir='ltr'>εἶναι</span> <span class='ocrx_word' id='word_1_284' title='bbox 324 2887 421 2974; x_wconf 73' lang='grc' dir='ltr'>θερμά</span> <span class='ocrx_word' id='word_1_285' title='bbox 442 2889 479 2952; x_wconf 85' lang='grc' dir='ltr'>τὰ</span> <span class='ocrx_word' id='word_1_286' title='bbox 507 2889 700 2974; x_wconf 85' lang='grc' dir='ltr'>ἐρυθρότερα·</span> <span class='ocrx_word' id='word_1_287' title='bbox 730 2887 839 2971; x_wconf 84' lang='grc' dir='ltr'>θερμὸν</span> <span class='ocrx_word' id='word_1_288' title='bbox 869 2887 949 2969; x_wconf 80' lang='grc' dir='ltr'>[μὲν]</span> <span class='ocrx_word' id='word_1_289' title='bbox 976 2887 1031 2972; x_wconf 88' lang='grc' dir='ltr'>γσλρ</span> <span class='ocrx_word' id='word_1_290' title='bbox 1052 2888 1085 2950; x_wconf 85' lang='grc' dir='ltr'>τδ</span> <span class='ocrx_word' id='word_1_291' title='bbox 1108 2889 1221 2954; x_wconf 91' lang='grc' dir='ltr'>λεπτόν.</span> <span class='ocrx_word' id='word_1_292' title='bbox 1266 2892 1299 2953; x_wconf 85' lang='grc' dir='ltr'>τδ</span> <span class='ocrx_word' id='word_1_293' title='bbox 1322 2886 1354 2953; x_wconf 79' lang='grc' dir='ltr'>δὲ</span> <span class='ocrx_word' id='word_1_294' title='bbox 1376 2887 1493 2974; x_wconf 83' lang='grc' dir='ltr'>χλωρὸν</span> 
     </span>
     <span class='ocr_line' id='line_1_26' title="bbox 186 2987 1494 3078; baseline -0.003 -23"><span class='ocrx_word' id='word_1_295' title='bbox 186 3019 211 3056; x_wconf 80' lang='grc' dir='ltr'>οε</span> <span class='ocrx_word' id='word_1_296' title='bbox 228 2991 261 3053; x_wconf 82' lang='grc' dir='ltr'>ἐκ</span> <span class='ocrx_word' id='word_1_297' title='bbox 275 2994 327 3054; x_wconf 95' lang='grc' dir='ltr'>τοῦ</span> <span class='ocrx_word' id='word_1_298' title='bbox 343 2995 461 3075; x_wconf 79' lang='grc' dir='ltr'>στερεοῦ</span> <span class='ocrx_word' id='word_1_299' title='bbox 476 2992 523 3054; x_wconf 89' lang='grc' dir='ltr'>καλ</span> <span class='ocrx_word' id='word_1_300' title='bbox 545 2995 597 3055; x_wconf 94' lang='grc' dir='ltr'>τοῦ</span> <span class='ocrx_word' id='word_1_301' title='bbox 619 2995 703 3054; x_wconf 89' lang='grc' dir='ltr'>κενοῦ</span> <span class='ocrx_word' id='word_1_302' title='bbox 726 2989 893 3054; x_wconf 82' lang='grc' dir='ltr'>συνεστάναι</span> <span class='ocrx_word' id='word_1_303' title='bbox 908 2987 931 3071; x_wconf 90' lang='lat'><strong>†</strong></span> <span class='ocrx_word' id='word_1_304' title='bbox 947 2991 1079 3072; x_wconf 84' lang='grc' dir='ltr'>μεγαλων</span> <span class='ocrx_word' id='word_1_305' title='bbox 1101 2990 1132 3059; x_wconf 85' lang='grc' dir='ltr'>ἐξ</span> <span class='ocrx_word' id='word_1_306' title='bbox 1154 2992 1273 3078; x_wconf 82' lang='grc' dir='ltr'>ἀμφοῖν,</span> <span class='ocrx_word' id='word_1_307' title='bbox 1295 2994 1334 3075; x_wconf 76' lang='grc' dir='ltr'>τῇ</span> <span class='ocrx_word' id='word_1_308' title='bbox 1357 2992 1438 3056; x_wconf 90' lang='grc' dir='ltr'>θέσει</span> <span class='ocrx_word' id='word_1_309' title='bbox 1461 2991 1494 3053; x_wconf 82' lang='grc' dir='ltr'>δέ</span> 
     </span>
     <span class='ocr_line' id='line_1_27' title="bbox 226 3089 1542 3181; baseline -0.002 -24"><span class='ocrx_word' id='word_1_310' title='bbox 226 3093 274 3157; x_wconf 86' lang='grc' dir='ltr'>καί</span> <span class='ocrx_word' id='word_1_311' title='bbox 301 3092 378 3163; x_wconf 90' lang='grc' dir='ltr'>τάξει</span> <span class='ocrx_word' id='word_1_312' title='bbox 410 3094 507 3158; x_wconf 77' lang='grc' dir='ltr'>αὐτῶν</span> <span class='ocrx_word' id='word_1_313' title='bbox 533 3096 586 3179; x_wconf 86' lang='grc' dir='ltr'>τὴν</span> <span class='ocrx_word' id='word_1_314' title='bbox 612 3094 715 3179; x_wconf 93' lang='grc' dir='ltr'>χρόαν.</span> <span class='ocrx_word' id='word_1_315' title='bbox 870 3091 907 3154; x_wconf 81' lang='grc' dir='ltr'>τὰ</span> <span class='ocrx_word' id='word_1_316' title='bbox 934 3091 986 3172; x_wconf 82' lang='grc' dir='ltr'>μὲν</span> <span class='ocrx_word' id='word_1_317' title='bbox 1014 3089 1064 3154; x_wconf 91' lang='grc' dir='ltr'>οῦν</span> <span class='ocrx_word' id='word_1_318' title='bbox 1096 3094 1176 3156; x_wconf 87' lang='grc' dir='ltr'>ἁπλᾶ</span> <span class='ocrx_word' id='word_1_319' title='bbox 1206 3099 1351 3181; x_wconf 85' lang='grc' dir='ltr'>χρώματα</span> <span class='ocrx_word' id='word_1_320' title='bbox 1379 3094 1491 3163; x_wconf 86' lang='grc' dir='ltr'>τούτοις</span> <span class='ocrx_word' id='word_1_321' title='bbox 1509 3101 1542 3155; x_wconf 82' lang='grc'>76</span> 
     </span>
     <span class='ocr_line' id='line_1_28' title="bbox 227 3192 1493 3282; baseline -0.002 -22"><span class='ocrx_word' id='word_1_322' title='bbox 227 3198 393 3282; x_wconf 81' lang='grc' dir='ltr'>κεχρῆσθαι</span> <span class='ocrx_word' id='word_1_323' title='bbox 416 3220 476 3266; x_wconf 88' lang='grc' dir='ltr'>τοις</span> <span class='ocrx_word' id='word_1_324' title='bbox 498 3199 662 3282; x_wconf 83' lang='grc' dir='ltr'>σχήμασιν·</span> <span class='ocrx_word' id='word_1_325' title='bbox 685 3196 806 3260; x_wconf 74' lang='grc' dir='ltr'>ἕκαστον</span> <span class='ocrx_word' id='word_1_326' title='bbox 828 3192 862 3257; x_wconf 84' lang='grc' dir='ltr'>δέ</span> <span class='ocrx_word' id='word_1_327' title='bbox 883 3192 1099 3279; x_wconf 86' lang='grc' dir='ltr'>καθαρώτερον,</span> <span class='ocrx_word' id='word_1_328' title='bbox 1122 3196 1184 3281; x_wconf 86' lang='grc' dir='ltr'>όσῳ</span> <span class='ocrx_word' id='word_1_329' title='bbox 1201 3196 1236 3260; x_wconf 89' lang='grc' dir='ltr'>ἀν</span> <span class='ocrx_word' id='word_1_330' title='bbox 1252 3196 1282 3266; x_wconf 84' lang='grc' dir='ltr'>ἐξ</span> <span class='ocrx_word' id='word_1_331' title='bbox 1297 3195 1493 3280; x_wconf 85' lang='grc' dir='ltr'>ἀμιγεστέρων</span> 
     </span>
    </p>
   </div>
   <div class='ocr_carea' id='block_1_4' title="bbox 173 3483 1545 5051">
    <p class='ocr_par' dir='ltr' id='par_1_4' title="bbox 175 3483 1545 3733">
     <span class='ocr_line' id='line_1_29' title="bbox 180 3483 1545 3558; baseline 0 -18"><span class='ocrx_word' id='word_1_332' title='bbox 180 3485 400 3557; x_wconf 76' lang='grc' dir='ltr'>ΙάποσκίαζηΡΡε</span> <span class='ocrx_word' id='word_1_333' title='bbox 412 3506 476 3540; x_wconf 84' lang='lat' dir='ltr'>corr.</span> <span class='ocrx_word' id='word_1_334' title='bbox 487 3486 649 3555; x_wconf 62' lang='lat' dir='ltr'><strong>Schneideril</strong></span> <span class='ocrx_word' id='word_1_335' title='bbox 659 3483 675 3558; x_wconf 78' lang='grc' dir='ltr'><strong>ᾗ</strong></span> <span class='ocrx_word' id='word_1_336' title='bbox 686 3491 832 3541; x_wconf 80' lang='lat' dir='ltr'><strong>Burehardz</strong></span> <span class='ocrx_word' id='word_1_337' title='bbox 885 3487 945 3556; x_wconf 83' lang='grc' dir='ltr'>φασὶ</span> <span class='ocrx_word' id='word_1_338' title='bbox 963 3491 1039 3540; x_wconf 86' lang='grc' dir='ltr'>ποιεῖν</span> <span class='ocrx_word' id='word_1_339' title='bbox 1062 3485 1091 3540; x_wconf 86' lang='grc' dir='ltr'>τό</span> <span class='ocrx_word' id='word_1_340' title='bbox 1109 3490 1159 3555; x_wconf 90' lang='grc' dir='ltr'>πῦρ</span> <span class='ocrx_word' id='word_1_341' title='bbox 1178 3487 1221 3551; x_wconf 76' lang='lat' dir='ltr'><strong>[cf.</strong></span> <span class='ocrx_word' id='word_1_342' title='bbox 1236 3506 1259 3554; x_wconf 89' lang='lat' dir='ltr'>p.</span> <span class='ocrx_word' id='word_1_343' title='bbox 1272 3487 1332 3551; x_wconf 77' lang='lat'><strong>524,</strong></span> <span class='ocrx_word' id='word_1_344' title='bbox 1343 3488 1389 3555; x_wconf 83' lang='lat'>21]</span> <span class='ocrx_word' id='word_1_345' title='bbox 1409 3487 1545 3558; x_wconf 84' lang='grc' dir='ltr'>συγκρίνειν</span> 
     </span>
     <span class='ocr_line' id='line_1_30' title="bbox 175 3572 1542 3645; baseline 0.001 -20"><span class='ocrx_word' id='word_1_346' title='bbox 175 3591 200 3625; x_wconf 87' lang='grc' dir='ltr'>τι</span> <span class='ocrx_word' id='word_1_347' title='bbox 222 3577 265 3627; x_wconf 83' lang='lat' dir='ltr'>PF</span> <span class='ocrx_word' id='word_1_348' title='bbox 285 3572 298 3641; x_wconf 63' lang='lat' dir='ltr'>li</span> <span class='ocrx_word' id='word_1_349' title='bbox 320 3573 335 3626; x_wconf 79' lang='lat'><strong>2</strong></span> <span class='ocrx_word' id='word_1_350' title='bbox 359 3574 396 3628; x_wconf 85' lang='grc' dir='ltr'>δεῖ</span> <span class='ocrx_word' id='word_1_351' title='bbox 416 3579 438 3630; x_wconf 93' lang='grc' dir='ltr'><strong>Ρ</strong></span> <span class='ocrx_word' id='word_1_352' title='bbox 462 3586 488 3627; x_wconf 79' lang='grc' dir='ltr'>ει</span> <span class='ocrx_word' id='word_1_353' title='bbox 511 3579 686 3629; x_wconf 73' lang='lat' dir='ltr'><strong>oblitteratum</strong></span> <span class='ocrx_word' id='word_1_354' title='bbox 708 3579 730 3629; x_wconf 82' lang='grc' dir='ltr'><strong>Ρ</strong></span> <span class='ocrx_word' id='word_1_355' title='bbox 755 3573 767 3645; x_wconf 63' lang='lat' dir='ltr'>il</span> <span class='ocrx_word' id='word_1_356' title='bbox 794 3575 833 3629; x_wconf 78' lang='grc' dir='ltr'>τό·</span> <span class='ocrx_word' id='word_1_357' title='bbox 885 3574 937 3626; x_wconf 86' lang='grc' dir='ltr'>ίστλ</span> <span class='ocrx_word' id='word_1_358' title='bbox 959 3575 991 3627; x_wconf 77' lang='grc' dir='ltr'>τὰ</span> <span class='ocrx_word' id='word_1_359' title='bbox 1008 3573 1141 3644; x_wconf 86' lang='grc' dir='ltr'>όμύφυλα).</span> <span class='ocrx_word' id='word_1_360' title='bbox 1169 3575 1305 3645; x_wconf 82' lang='grc' dir='ltr'>ωιγκρίσεις</span> <span class='ocrx_word' id='word_1_361' title='bbox 1323 3595 1348 3643; x_wconf 87' lang='lat' dir='ltr'>p.</span> <span class='ocrx_word' id='word_1_362' title='bbox 1362 3574 1452 3639; x_wconf 63' lang='lat'>5226</span> <span class='ocrx_word' id='word_1_363' title='bbox 1470 3578 1542 3628; x_wconf 74' lang='lat' dir='ltr'><strong>aliud</strong></span> 
     </span>
     <span class='ocr_line' id='line_1_31' title="bbox 177 3659 1205 3733; baseline 0.005 -19"><span class='ocrx_word' id='word_1_364' title='bbox 177 3659 288 3731; x_wconf 87' lang='grc' dir='ltr'>ρύτρυπα</span> <span class='ocrx_word' id='word_1_365' title='bbox 301 3665 359 3716; x_wconf 79' lang='lat' dir='ltr'>PF:</span> <span class='ocrx_word' id='word_1_366' title='bbox 379 3682 445 3716; x_wconf 82' lang='lat' dir='ltr'><strong>corr.</strong></span> <span class='ocrx_word' id='word_1_367' title='bbox 464 3665 606 3717; x_wconf 76' lang='lat' dir='ltr'><strong>Schneider</strong></span> <span class='ocrx_word' id='word_1_368' title='bbox 624 3667 655 3716; x_wconf 84' lang='lat' dir='ltr'>ef.</span> <span class='ocrx_word' id='word_1_369' title='bbox 678 3683 704 3715; x_wconf 89' lang='grc' dir='ltr'>ν.</span> <span class='ocrx_word' id='word_1_370' title='bbox 721 3666 746 3717; x_wconf 85' lang='grc'>4.</span> <span class='ocrx_word' id='word_1_371' title='bbox 768 3663 799 3717; x_wconf 85' lang='grc'>13</span> <span class='ocrx_word' id='word_1_372' title='bbox 819 3661 833 3732; x_wconf 79' lang='grc' dir='ltr'>ΙΙ</span> <span class='ocrx_word' id='word_1_373' title='bbox 1180 3698 1205 3733; x_wconf 61' lang='lat' dir='ltr'><strong>m</strong></span> 
     </span>
    </p>

    <p class='ocr_par' dir='ltr' id='par_1_5' title="bbox 173 3748 1545 5051">
     <span class='ocr_line' id='line_1_32' title="bbox 175 3748 1545 3822; baseline 0.001 -20"><span class='ocrx_word' id='word_1_374' title='bbox 175 3748 241 3802; x_wconf 72' lang='grc' dir='ltr'>έάν</span> <span class='ocrx_word' id='word_1_375' title='bbox 259 3749 333 3803; x_wconf 84' lang='grc' dir='ltr'>ἀσκια</span> <span class='ocrx_word' id='word_1_376' title='bbox 356 3755 394 3803; x_wconf 83' lang='grc' dir='ltr'>εἰσ</span> <span class='ocrx_word' id='word_1_377' title='bbox 416 3753 459 3804; x_wconf 83' lang='lat' dir='ltr'>PF</span> <span class='ocrx_word' id='word_1_378' title='bbox 485 3749 497 3819; x_wconf 65' lang='grc' dir='ltr'>γλ</span> <span class='ocrx_word' id='word_1_379' title='bbox 523 3750 550 3803; x_wconf 77' lang='grc' dir='ltr'>δέ</span> <span class='ocrx_word' id='word_1_380' title='bbox 572 3754 672 3804; x_wconf 76' lang='lat' dir='ltr'><strong>addidit</strong></span> <span class='ocrx_word' id='word_1_381' title='bbox 693 3753 835 3806; x_wconf 82' lang='lat' dir='ltr'><strong>Schneider</strong></span> <span class='ocrx_word' id='word_1_382' title='bbox 885 3754 1014 3817; x_wconf 76' lang='lat' dir='ltr'><strong>significat</strong></span> <span class='ocrx_word' id='word_1_383' title='bbox 1031 3749 1043 3818; x_wconf 77' lang='grc' dir='ltr'>Η</span> <span class='ocrx_word' id='word_1_384' title='bbox 1062 3751 1093 3805; x_wconf 88' lang='grc'>18</span> <span class='ocrx_word' id='word_1_385' title='bbox 1107 3748 1314 3820; x_wconf 86' lang='grc' dir='ltr'>θερμαινομένους</span> <span class='ocrx_word' id='word_1_386' title='bbox 1331 3754 1352 3803; x_wconf 88' lang='grc' dir='ltr'><strong>Ρ</strong></span> <span class='ocrx_word' id='word_1_387' title='bbox 1371 3751 1383 3819; x_wconf 65' lang='grc' dir='ltr'>λγ</span> <span class='ocrx_word' id='word_1_388' title='bbox 1404 3752 1437 3805; x_wconf 85' lang='grc'>19</span> <span class='ocrx_word' id='word_1_389' title='bbox 1458 3751 1545 3822; x_wconf 83' lang='grc' dir='ltr'>μέχρις</span> 
     </span>
     <span class='ocr_line' id='line_1_33' title="bbox 178 3834 1543 3907; baseline 0.003 -18"><span class='ocrx_word' id='word_1_390' title='bbox 178 3841 209 3889; x_wconf 78' lang='lat' dir='ltr'>ci.</span> <span class='ocrx_word' id='word_1_391' title='bbox 229 3837 290 3902; x_wconf 75' lang='lat'>§79</span> <span class='ocrx_word' id='word_1_392' title='bbox 316 3834 328 3906; x_wconf 78' lang='grc' dir='ltr'>ΙΙ</span> <span class='ocrx_word' id='word_1_393' title='bbox 354 3839 433 3893; x_wconf 85' lang='grc' dir='ltr'>6καλ</span> <span class='ocrx_word' id='word_1_394' title='bbox 450 3839 482 3892; x_wconf 85' lang='grc' dir='ltr'>τά</span> <span class='ocrx_word' id='word_1_395' title='bbox 500 3837 543 3892; x_wconf 85' lang='grc' dir='ltr'>δύο</span> <span class='ocrx_word' id='word_1_396' title='bbox 560 3842 618 3893; x_wconf 76' lang='lat' dir='ltr'>PF:</span> <span class='ocrx_word' id='word_1_397' title='bbox 638 3845 750 3894; x_wconf 81' lang='lat' dir='ltr'><strong>correxit</strong></span> <span class='ocrx_word' id='word_1_398' title='bbox 768 3844 834 3894; x_wconf 76' lang='lat' dir='ltr'>Use-</span> <span class='ocrx_word' id='word_1_399' title='bbox 886 3836 941 3890; x_wconf 92' lang='grc' dir='ltr'>κτλ.</span> <span class='ocrx_word' id='word_1_400' title='bbox 961 3848 1081 3905; x_wconf 73' lang='lat' dir='ltr'><strong>suspecta</strong></span> <span class='ocrx_word' id='word_1_401' title='bbox 1099 3841 1130 3891; x_wconf 81' lang='lat' dir='ltr'>or.</span> <span class='ocrx_word' id='word_1_402' title='bbox 1149 3842 1181 3893; x_wconf 88' lang='lat' dir='ltr'>G.</span> <span class='ocrx_word' id='word_1_403' title='bbox 1201 3842 1313 3892; x_wconf 81' lang='lat' dir='ltr'>Mueller</span> <span class='ocrx_word' id='word_1_404' title='bbox 1330 3843 1347 3891; x_wconf 89' lang='lat'>1.</span> <span class='ocrx_word' id='word_1_405' title='bbox 1366 3858 1388 3892; x_wconf 87' lang='grc' dir='ltr'>ο.</span> <span class='ocrx_word' id='word_1_406' title='bbox 1407 3860 1432 3907; x_wconf 88' lang='lat' dir='ltr'>p.</span> <span class='ocrx_word' id='word_1_407' title='bbox 1447 3841 1488 3895; x_wconf 90' lang='grc'>60.</span> <span class='ocrx_word' id='word_1_408' title='bbox 1509 3859 1543 3893; x_wconf 77' lang='grc' dir='ltr'>επ</span> 
     </span>
     <span class='ocr_line' id='line_1_34' title="bbox 175 3922 1542 3998; baseline 0.002 -20"><span class='ocrx_word' id='word_1_409' title='bbox 175 3923 246 3995; x_wconf 61' lang='lat' dir='ltr'><strong>nerii</strong></span> <span class='ocrx_word' id='word_1_410' title='bbox 259 3922 378 3987; x_wconf 81' lang='grc' dir='ltr'>αιζιύξεις</span> <span class='ocrx_word' id='word_1_411' title='bbox 387 3928 567 3980; x_wconf 78' lang='grc' dir='ltr'>ΡΡιοοπεκὶ.</span> <span class='ocrx_word' id='word_1_412' title='bbox 578 3930 656 3994; x_wconf 81' lang='lat' dir='ltr'>vulgo</span> <span class='ocrx_word' id='word_1_413' title='bbox 667 3945 698 3981; x_wconf 83' lang='lat' dir='ltr'>ex</span> <span class='ocrx_word' id='word_1_414' title='bbox 710 3930 835 3996; x_wconf 73' lang='lat' dir='ltr'><strong>Stephani</strong></span> <span class='ocrx_word' id='word_1_415' title='bbox 886 3926 960 3996; x_wconf 86' lang='grc' dir='ltr'>μέχρι</span> <span class='ocrx_word' id='word_1_416' title='bbox 983 3924 1013 3976; x_wconf 78' lang='grc' dir='ltr'>ἂν</span> <span class='ocrx_word' id='word_1_417' title='bbox 1037 3927 1128 3996; x_wconf 90' lang='grc' dir='ltr'>συνέχη</span> <span class='ocrx_word' id='word_1_418' title='bbox 1147 3924 1239 3978; x_wconf 82' lang='grc' dir='ltr'>τὸτοῦ</span> <span class='ocrx_word' id='word_1_419' title='bbox 1266 3925 1343 3995; x_wconf 86' lang='grc' dir='ltr'>πυρὸς</span> <span class='ocrx_word' id='word_1_420' title='bbox 1367 3926 1446 3986; x_wconf 70' lang='grc' dir='ltr'>είδοςΐ</span> <span class='ocrx_word' id='word_1_421' title='bbox 1471 3926 1485 3998; x_wconf 69' lang='grc' dir='ltr'>θ</span> <span class='ocrx_word' id='word_1_422' title='bbox 1510 3928 1542 3982; x_wconf 78' lang='lat'>21</span> 
     </span>
     <span class='ocr_line' id='line_1_35' title="bbox 175 4011 1544 4084; baseline 0.002 -19"><span class='ocrx_word' id='word_1_423' title='bbox 175 4018 322 4067; x_wconf 73' lang='lat' dir='ltr'><strong>coniectura</strong></span> <span class='ocrx_word' id='word_1_424' title='bbox 339 4013 383 4066; x_wconf 88' lang='grc' dir='ltr'>καλ</span> <span class='ocrx_word' id='word_1_425' title='bbox 405 4013 450 4074; x_wconf 83' lang='grc' dir='ltr'>τὰς</span> <span class='ocrx_word' id='word_1_426' title='bbox 469 4012 512 4066; x_wconf 91' lang='grc' dir='ltr'>δύο</span> <span class='ocrx_word' id='word_1_427' title='bbox 536 4013 655 4076; x_wconf 74' lang='grc' dir='ltr'>συζεύξεις</span> <span class='ocrx_word' id='word_1_428' title='bbox 679 4012 691 4084; x_wconf 72' lang='grc' dir='ltr'>Η</span> <span class='ocrx_word' id='word_1_429' title='bbox 717 4016 734 4069; x_wconf 90' lang='grc'><strong>8</strong></span> <span class='ocrx_word' id='word_1_430' title='bbox 757 4013 833 4084; x_wconf 76' lang='grc' dir='ltr'>άλλη·</span> <span class='ocrx_word' id='word_1_431' title='bbox 885 4012 1017 4066; x_wconf 64' lang='lat' dir='ltr'><strong>zai-22</strong></span> <span class='ocrx_word' id='word_1_432' title='bbox 1055 4011 1195 4084; x_wconf 88' lang='grc' dir='ltr'>πυρούμενα</span> <span class='ocrx_word' id='word_1_433' title='bbox 1228 4018 1354 4066; x_wconf 82' lang='lat' dir='ltr'><strong>immerito</strong></span> <span class='ocrx_word' id='word_1_434' title='bbox 1388 4020 1544 4082; x_wconf 77' lang='grc' dir='ltr'>εοερεαευνίτ</span> 
     </span>
     <span class='ocr_line' id='line_1_36' title="bbox 175 4098 1542 4173; baseline 0.001 -20"><span class='ocrx_word' id='word_1_435' title='bbox 175 4100 226 4161; x_wconf 88' lang='grc' dir='ltr'>λοις</span> <span class='ocrx_word' id='word_1_436' title='bbox 238 4104 296 4155; x_wconf 80' lang='lat' dir='ltr'>PP:</span> <span class='ocrx_word' id='word_1_437' title='bbox 315 4105 423 4154; x_wconf 78' lang='lat' dir='ltr'><strong>correxi.</strong></span> <span class='ocrx_word' id='word_1_438' title='bbox 442 4105 561 4169; x_wconf 77' lang='lat' dir='ltr'><strong>intellege</strong></span> <span class='ocrx_word' id='word_1_439' title='bbox 580 4101 677 4172; x_wconf 86' lang='grc' dir='ltr'>σκληρά</span> <span class='ocrx_word' id='word_1_440' title='bbox 689 4114 715 4154; x_wconf 74' lang='grc' dir='ltr'>ετ</span> <span class='ocrx_word' id='word_1_441' title='bbox 733 4098 834 4172; x_wconf 83' lang='grc' dir='ltr'>ψαθυρύ</span> <span class='ocrx_word' id='word_1_442' title='bbox 886 4103 1038 4167; x_wconf 81' lang='lat' dir='ltr'><strong>Philippson</strong></span> <span class='ocrx_word' id='word_1_443' title='bbox 1060 4098 1072 4168; x_wconf 75' lang='grc' dir='ltr'>λΙ</span> <span class='ocrx_word' id='word_1_444' title='bbox 1091 4099 1125 4153; x_wconf 72' lang='lat'>22</span> <span class='ocrx_word' id='word_1_445' title='bbox 1143 4101 1175 4153; x_wconf 81' lang='grc' dir='ltr'>τὰ</span> <span class='ocrx_word' id='word_1_446' title='bbox 1193 4111 1252 4167; x_wconf 77' lang='lat' dir='ltr'><strong>post</strong></span> <span class='ocrx_word' id='word_1_447' title='bbox 1270 4099 1333 4152; x_wconf 75' lang='grc' dir='ltr'>ἄλλα</span> <span class='ocrx_word' id='word_1_448' title='bbox 1351 4119 1476 4168; x_wconf 70' lang='lat' dir='ltr'><strong>superior.</strong></span> <span class='ocrx_word' id='word_1_449' title='bbox 1495 4099 1542 4173; x_wconf 72' lang='grc' dir='ltr'>ΡΗ</span> 
     </span>
     <span class='ocr_line' id='line_1_37' title="bbox 175 4186 1544 4260; baseline 0 -19"><span class='ocrx_word' id='word_1_450' title='bbox 175 4192 205 4242; x_wconf 82' lang='lat' dir='ltr'>cf.</span> <span class='ocrx_word' id='word_1_451' title='bbox 224 4190 293 4253; x_wconf 60' lang='lat'>579.</span> <span class='ocrx_word' id='word_1_452' title='bbox 321 4187 385 4241; x_wconf 82' lang='grc' dir='ltr'>ἀλλα</span> <span class='ocrx_word' id='word_1_453' title='bbox 404 4186 488 4240; x_wconf 82' lang='grc' dir='ltr'>ἀλλων</span> <span class='ocrx_word' id='word_1_454' title='bbox 507 4194 639 4255; x_wconf 85' lang='lat' dir='ltr'><strong>Wimmer,</strong></span> <span class='ocrx_word' id='word_1_455' title='bbox 658 4189 719 4259; x_wconf 84' lang='grc' dir='ltr'>πρὸς</span> <span class='ocrx_word' id='word_1_456' title='bbox 737 4188 834 4260; x_wconf 78' lang='grc' dir='ltr'>ἄλληλα</span> <span class='ocrx_word' id='word_1_457' title='bbox 885 4189 920 4243; x_wconf 76' lang='grc' dir='ltr'>θδ</span> <span class='ocrx_word' id='word_1_458' title='bbox 938 4186 1067 4260; x_wconf 89' lang='grc' dir='ltr'>παχύτερα</span> <span class='ocrx_word' id='word_1_459' title='bbox 1080 4191 1139 4242; x_wconf 80' lang='lat' dir='ltr'>PF:</span> <span class='ocrx_word' id='word_1_460' title='bbox 1159 4207 1224 4241; x_wconf 84' lang='lat' dir='ltr'>corr.</span> <span class='ocrx_word' id='word_1_461' title='bbox 1243 4191 1390 4256; x_wconf 76' lang='lat' dir='ltr'>Stephanus</span> <span class='ocrx_word' id='word_1_462' title='bbox 1412 4190 1424 4260; x_wconf 70' lang='grc' dir='ltr'><em>Η</em></span> <span class='ocrx_word' id='word_1_463' title='bbox 1445 4190 1480 4244; x_wconf 80' lang='lat'>24</span> <span class='ocrx_word' id='word_1_464' title='bbox 1499 4190 1544 4259; x_wconf 81' lang='grc' dir='ltr'>μέν</span> 
     </span>
     <span class='ocr_line' id='line_1_38' title="bbox 175 4274 1544 4347; baseline 0.001 -19"><span class='ocrx_word' id='word_1_465' title='bbox 175 4288 233 4343; x_wconf 80' lang='grc' dir='ltr'>ροσε</span> <span class='ocrx_word' id='word_1_466' title='bbox 251 4274 319 4330; x_wconf 81' lang='grc' dir='ltr'>θέσιν</span> <span class='ocrx_word' id='word_1_467' title='bbox 338 4297 361 4329; x_wconf 86' lang='lat' dir='ltr'>v.</span> <span class='ocrx_word' id='word_1_468' title='bbox 373 4277 406 4330; x_wconf 90' lang='lat'>10</span> <span class='ocrx_word' id='word_1_469' title='bbox 425 4280 562 4329; x_wconf 76' lang='lat' dir='ltr'><strong>collocavit</strong></span> <span class='ocrx_word' id='word_1_470' title='bbox 574 4279 716 4331; x_wconf 83' lang='lat' dir='ltr'><strong>Schneider</strong></span> <span class='ocrx_word' id='word_1_471' title='bbox 730 4276 742 4347; x_wconf 74' lang='grc' dir='ltr'><em>Η</em></span> <span class='ocrx_word' id='word_1_472' title='bbox 759 4277 791 4330; x_wconf 74' lang='lat'>12</span> <span class='ocrx_word' id='word_1_473' title='bbox 804 4276 834 4330; x_wconf 83' lang='grc' dir='ltr'>ἀν</span> <span class='ocrx_word' id='word_1_474' title='bbox 885 4281 943 4332; x_wconf 78' lang='lat' dir='ltr'>PF:</span> <span class='ocrx_word' id='word_1_475' title='bbox 967 4281 1063 4329; x_wconf 79' lang='lat' dir='ltr'><strong>delevit</strong></span> <span class='ocrx_word' id='word_1_476' title='bbox 1081 4278 1215 4329; x_wconf 78' lang='lat' dir='ltr'><strong>Camotius</strong></span> <span class='ocrx_word' id='word_1_477' title='bbox 1235 4280 1378 4331; x_wconf 72' lang='lat' dir='ltr'><strong>Vossianus</strong></span> <span class='ocrx_word' id='word_1_478' title='bbox 1399 4275 1412 4346; x_wconf 75' lang='grc' dir='ltr'>ΙΙ</span> <span class='ocrx_word' id='word_1_479' title='bbox 1433 4277 1467 4331; x_wconf 75' lang='grc' dir='ltr'>θῦ</span> <span class='ocrx_word' id='word_1_480' title='bbox 1486 4290 1544 4346; x_wconf 78' lang='lat' dir='ltr'>post</span> 
     </span>
     <span class='ocr_line' id='line_1_39' title="bbox 175 4362 1543 4434; baseline 0.001 -18"><span class='ocrx_word' id='word_1_481' title='bbox 175 4368 212 4416; x_wconf 75' lang='lat' dir='ltr'>sic</span> <span class='ocrx_word' id='word_1_482' title='bbox 226 4367 271 4417; x_wconf 79' lang='lat' dir='ltr'>PF</span> <span class='ocrx_word' id='word_1_483' title='bbox 291 4362 304 4432; x_wconf 76' lang='grc' dir='ltr'>Η</span> <span class='ocrx_word' id='word_1_484' title='bbox 325 4383 387 4417; x_wconf 88' lang='lat' dir='ltr'>num</span> <span class='ocrx_word' id='word_1_485' title='bbox 406 4364 554 4425; x_wconf 76' lang='grc' dir='ltr'>ἐπισκιάζειν</span> <span class='ocrx_word' id='word_1_486' title='bbox 573 4369 603 4417; x_wconf 85' lang='lat' dir='ltr'>cf.</span> <span class='ocrx_word' id='word_1_487' title='bbox 616 4369 630 4429; x_wconf 86' lang='lat'>§</span> <span class='ocrx_word' id='word_1_488' title='bbox 643 4366 684 4419; x_wconf 79' lang='lat'>73.</span> <span class='ocrx_word' id='word_1_489' title='bbox 698 4367 740 4419; x_wconf 79' lang='lat'>79.</span> <span class='ocrx_word' id='word_1_490' title='bbox 754 4363 833 4434; x_wconf 62' lang='lat'><strong>80:11</strong></span> <span class='ocrx_word' id='word_1_491' title='bbox 886 4365 1028 4418; x_wconf 80' lang='grc' dir='ltr'>συνεστάναι</span> <span class='ocrx_word' id='word_1_492' title='bbox 1045 4367 1117 4417; x_wconf 73' lang='lat' dir='ltr'><strong>hiare</strong></span> <span class='ocrx_word' id='word_1_493' title='bbox 1137 4369 1294 4418; x_wconf 76' lang='lat' dir='ltr'><strong>existimavit</strong></span> <span class='ocrx_word' id='word_1_494' title='bbox 1307 4369 1449 4418; x_wconf 76' lang='lat' dir='ltr'><strong>orationem</strong></span> <span class='ocrx_word' id='word_1_495' title='bbox 1460 4369 1543 4419; x_wconf 89' lang='lat' dir='ltr'><strong>Wim-</strong></span> 
     </span>
     <span class='ocr_line' id='line_1_40' title="bbox 175 4448 1543 4522; baseline 0.001 -19"><span class='ocrx_word' id='word_1_496' title='bbox 175 4448 254 4510; x_wconf 82' lang='grc' dir='ltr'>εῦθεῖς</span> <span class='ocrx_word' id='word_1_497' title='bbox 271 4469 321 4504; x_wconf 81' lang='grc' dir='ltr'>σεο.</span> <span class='ocrx_word' id='word_1_498' title='bbox 340 4455 361 4504; x_wconf 88' lang='grc' dir='ltr'><strong>Ρ</strong></span> <span class='ocrx_word' id='word_1_499' title='bbox 380 4454 409 4518; x_wconf 69' lang='grc'>(1</span> <span class='ocrx_word' id='word_1_500' title='bbox 427 4472 464 4519; x_wconf 87' lang='lat' dir='ltr'>pr.</span> <span class='ocrx_word' id='word_1_501' title='bbox 484 4453 531 4515; x_wconf 80' lang='lat' dir='ltr'>F):</span> <span class='ocrx_word' id='word_1_502' title='bbox 555 4449 668 4511; x_wconf 81' lang='grc' dir='ltr'>εῦθῦςΡ</span> <span class='ocrx_word' id='word_1_503' title='bbox 692 4451 704 4522; x_wconf 71' lang='lat' dir='ltr'>ll</span> <span class='ocrx_word' id='word_1_504' title='bbox 732 4453 763 4506; x_wconf 86' lang='lat'>13</span> <span class='ocrx_word' id='word_1_505' title='bbox 783 4451 836 4506; x_wconf 81' lang='grc' dir='ltr'>εῦδϊ</span> <span class='ocrx_word' id='word_1_506' title='bbox 886 4470 952 4516; x_wconf 74' lang='lat' dir='ltr'>mer,</span> <span class='ocrx_word' id='word_1_507' title='bbox 977 4452 1006 4504; x_wconf 85' lang='grc' dir='ltr'>ίκ</span> <span class='ocrx_word' id='word_1_508' title='bbox 1030 4450 1146 4521; x_wconf 80' lang='grc' dir='ltr'>μεγάλων</span> <span class='ocrx_word' id='word_1_509' title='bbox 1164 4450 1188 4504; x_wconf 81' lang='grc' dir='ltr'>δ’</span> <span class='ocrx_word' id='word_1_510' title='bbox 1209 4452 1301 4522; x_wconf 80' lang='grc' dir='ltr'>ἀμφοῖν</span> <span class='ocrx_word' id='word_1_511' title='bbox 1319 4454 1444 4517; x_wconf 80' lang='grc' dir='ltr'>Μωθαοίι,</span> <span class='ocrx_word' id='word_1_512' title='bbox 1468 4457 1543 4506; x_wconf 78' lang='lat' dir='ltr'><strong>atei.</strong></span> 
     </span>
     <span class='ocr_line' id='line_1_41' title="bbox 297 4538 1543 4611; baseline -0.001 -20.089"><span class='ocrx_word' id='word_1_513' title='bbox 297 4538 333 4591; x_wconf 79' lang='grc' dir='ltr'>ίτι</span> <span class='ocrx_word' id='word_1_514' title='bbox 352 4545 387 4593; x_wconf 88' lang='lat' dir='ltr'>P:</span> <span class='ocrx_word' id='word_1_515' title='bbox 415 4539 482 4592; x_wconf 82' lang='grc' dir='ltr'>εὐδί.</span> <span class='ocrx_word' id='word_1_516' title='bbox 502 4538 538 4591; x_wconf 83' lang='grc' dir='ltr'>ίτι</span> <span class='ocrx_word' id='word_1_517' title='bbox 556 4541 592 4591; x_wconf 77' lang='lat' dir='ltr'>P:</span> <span class='ocrx_word' id='word_1_518' title='bbox 622 4557 686 4592; x_wconf 84' lang='lat' dir='ltr'>corr.</span> <span class='ocrx_word' id='word_1_519' title='bbox 711 4543 833 4593; x_wconf 74' lang='lat' dir='ltr'><strong>Vossian.</strong></span> <span class='ocrx_word' id='word_1_520' title='bbox 887 4560 911 4607; x_wconf 89' lang='lat' dir='ltr'>p.</span> <span class='ocrx_word' id='word_1_521' title='bbox 924 4539 983 4602; x_wconf 83' lang='lat'>524,</span> <span class='ocrx_word' id='word_1_522' title='bbox 994 4539 1019 4593; x_wconf 84' lang='lat'>8.</span> <span class='ocrx_word' id='word_1_523' title='bbox 1048 4543 1155 4592; x_wconf 75' lang='lat' dir='ltr'><strong>sortasse</strong></span> <span class='ocrx_word' id='word_1_524' title='bbox 1180 4541 1339 4609; x_wconf 78' lang='grc' dir='ltr'>μεμιγμένων</span> <span class='ocrx_word' id='word_1_525' title='bbox 1357 4539 1382 4592; x_wconf 83' lang='grc' dir='ltr'>δέ</span> <span class='ocrx_word' id='word_1_526' title='bbox 1402 4540 1494 4609; x_wconf 77' lang='grc' dir='ltr'>ἀμφοῖν</span> <span class='ocrx_word' id='word_1_527' title='bbox 1511 4548 1543 4611; x_wconf 69' lang='grc' dir='ltr'>τῇ</span> 
     </span>
     <span class='ocr_line' id='line_1_42' title="bbox 176 4624 1544 4698; baseline -0.001 -19"><span class='ocrx_word' id='word_1_528' title='bbox 176 4629 308 4679; x_wconf 78' lang='grc' dir='ltr'>Οειοσείαε</span> <span class='ocrx_word' id='word_1_529' title='bbox 329 4624 343 4696; x_wconf 73' lang='grc' dir='ltr'>Ιλ</span> <span class='ocrx_word' id='word_1_530' title='bbox 366 4630 397 4680; x_wconf 83' lang='grc'>14</span> <span class='ocrx_word' id='word_1_531' title='bbox 415 4627 445 4680; x_wconf 85' lang='grc' dir='ltr'>τό</span> <span class='ocrx_word' id='word_1_532' title='bbox 463 4628 535 4680; x_wconf 81' lang='grc' dir='ltr'>ποιάν</span> <span class='ocrx_word' id='word_1_533' title='bbox 553 4630 611 4681; x_wconf 77' lang='lat' dir='ltr'>PF:</span> <span class='ocrx_word' id='word_1_534' title='bbox 635 4645 700 4681; x_wconf 79' lang='lat' dir='ltr'>corr.</span> <span class='ocrx_word' id='word_1_535' title='bbox 719 4630 829 4696; x_wconf 70' lang='grc' dir='ltr'>διερίσε-</span> <span class='ocrx_word' id='word_1_536' title='bbox 882 4625 950 4680; x_wconf 82' lang='grc' dir='ltr'>θέσει</span> <span class='ocrx_word' id='word_1_537' title='bbox 966 4627 1010 4680; x_wconf 86' lang='grc' dir='ltr'>καλ</span> <span class='ocrx_word' id='word_1_538' title='bbox 1021 4624 1088 4688; x_wconf 80' lang='grc' dir='ltr'>τάξει</span> <span class='ocrx_word' id='word_1_539' title='bbox 1105 4626 1190 4680; x_wconf 72' lang='grc' dir='ltr'>αὐτῶν</span> <span class='ocrx_word' id='word_1_540' title='bbox 1209 4628 1390 4698; x_wconf 70' lang='grc' dir='ltr'>[ἳοχημάτων]</span> <span class='ocrx_word' id='word_1_541' title='bbox 1408 4629 1454 4697; x_wconf 72' lang='grc' dir='ltr'>τὴν</span> <span class='ocrx_word' id='word_1_542' title='bbox 1467 4627 1544 4698; x_wconf 79' lang='grc' dir='ltr'>χρόαν</span> 
     </span>
     <span class='ocr_line' id='line_1_43' title="bbox 173 4711 1543 4787; baseline 0.001 -20"><span class='ocrx_word' id='word_1_543' title='bbox 173 4732 221 4767; x_wconf 80' lang='lat' dir='ltr'>nus</span> <span class='ocrx_word' id='word_1_544' title='bbox 245 4711 259 4783; x_wconf 73' lang='grc' dir='ltr'>Η</span> <span class='ocrx_word' id='word_1_545' title='bbox 288 4716 319 4769; x_wconf 85' lang='grc'>16</span> <span class='ocrx_word' id='word_1_546' title='bbox 338 4714 444 4785; x_wconf 78' lang='grc' dir='ltr'>οἵωνπερ</span> <span class='ocrx_word' id='word_1_547' title='bbox 464 4714 477 4768; x_wconf 88' lang='grc' dir='ltr'>θ</span> <span class='ocrx_word' id='word_1_548' title='bbox 495 4715 524 4768; x_wconf 87' lang='grc' dir='ltr'>τό</span> <span class='ocrx_word' id='word_1_549' title='bbox 542 4718 575 4767; x_wconf 82' lang='grc' dir='ltr'>Ρι</span> <span class='ocrx_word' id='word_1_550' title='bbox 595 4713 655 4767; x_wconf 84' lang='grc' dir='ltr'>σίων</span> <span class='ocrx_word' id='word_1_551' title='bbox 674 4717 729 4784; x_wconf 81' lang='grc' dir='ltr'>περὶ</span> <span class='ocrx_word' id='word_1_552' title='bbox 746 4713 775 4767; x_wconf 85' lang='grc' dir='ltr'>τὸ</span> <span class='ocrx_word' id='word_1_553' title='bbox 794 4719 832 4770; x_wconf 84' lang='grc' dir='ltr'>Ρι</span> <span class='ocrx_word' id='word_1_554' title='bbox 883 4734 920 4768; x_wconf 79' lang='lat' dir='ltr'>sc.</span> <span class='ocrx_word' id='word_1_555' title='bbox 932 4716 1073 4768; x_wconf 88' lang='grc' dir='ltr'>συνεστάναι</span> <span class='ocrx_word' id='word_1_556' title='bbox 1088 4714 1146 4787; x_wconf 61' lang='lat' dir='ltr'><strong>iii-fi</strong></span> <span class='ocrx_word' id='word_1_557' title='bbox 1167 4712 1234 4768; x_wconf 85' lang='grc' dir='ltr'>θέσει</span> <span class='ocrx_word' id='word_1_558' title='bbox 1252 4714 1278 4768; x_wconf 77' lang='grc' dir='ltr'>δέ</span> <span class='ocrx_word' id='word_1_559' title='bbox 1296 4716 1339 4767; x_wconf 84' lang='grc' dir='ltr'>καλ</span> <span class='ocrx_word' id='word_1_560' title='bbox 1357 4714 1424 4776; x_wconf 83' lang='grc' dir='ltr'>τάξει</span> <span class='ocrx_word' id='word_1_561' title='bbox 1436 4719 1492 4770; x_wconf 86' lang='lat' dir='ltr'>PF:</span> <span class='ocrx_word' id='word_1_562' title='bbox 1510 4721 1543 4786; x_wconf 74' lang='grc' dir='ltr'>τη</span> 
     </span>
     <span class='ocr_line' id='line_1_44' title="bbox 174 4800 1544 4874; baseline 0.001 -20"><span class='ocrx_word' id='word_1_563' title='bbox 174 4808 274 4856; x_wconf 83' lang='lat' dir='ltr'><strong>correxi</strong></span> <span class='ocrx_word' id='word_1_564' title='bbox 295 4800 308 4871; x_wconf 82' lang='grc' dir='ltr'>ΙΙ</span> <span class='ocrx_word' id='word_1_565' title='bbox 330 4803 362 4856; x_wconf 85' lang='grc'>17</span> <span class='ocrx_word' id='word_1_566' title='bbox 382 4804 519 4873; x_wconf 82' lang='grc' dir='ltr'>συγκρίσεις</span> <span class='ocrx_word' id='word_1_567' title='bbox 537 4807 568 4855; x_wconf 84' lang='lat' dir='ltr'>ci.</span> <span class='ocrx_word' id='word_1_568' title='bbox 588 4806 669 4855; x_wconf 76' lang='lat' dir='ltr'><strong>Arist.</strong></span> <span class='ocrx_word' id='word_1_569' title='bbox 688 4807 719 4855; x_wconf 79' lang='lat' dir='ltr'>de</span> <span class='ocrx_word' id='word_1_570' title='bbox 734 4821 783 4871; x_wconf 75' lang='lat' dir='ltr'>gen</span> <span class='ocrx_word' id='word_1_571' title='bbox 808 4814 834 4856; x_wconf 81' lang='lat' dir='ltr'>et</span> <span class='ocrx_word' id='word_1_572' title='bbox 885 4801 952 4856; x_wconf 82' lang='grc' dir='ltr'>θέσει</span> <span class='ocrx_word' id='word_1_573' title='bbox 975 4805 1019 4856; x_wconf 84' lang='grc' dir='ltr'>καὶ</span> <span class='ocrx_word' id='word_1_574' title='bbox 1037 4810 1070 4874; x_wconf 71' lang='grc' dir='ltr'>τῇ</span> <span class='ocrx_word' id='word_1_575' title='bbox 1084 4801 1151 4864; x_wconf 88' lang='grc' dir='ltr'>τάξει</span> <span class='ocrx_word' id='word_1_576' title='bbox 1167 4807 1273 4869; x_wconf 80' lang='lat' dir='ltr'>vulgoe</span> <span class='ocrx_word' id='word_1_577' title='bbox 1290 4805 1440 4858; x_wconf 85' lang='lat' dir='ltr'><strong>Schneideri</strong></span> <span class='ocrx_word' id='word_1_578' title='bbox 1458 4807 1544 4856; x_wconf 79' lang='lat' dir='ltr'><strong>conie-</strong></span> 
     </span>
     <span class='ocr_line' id='line_1_45' title="bbox 173 4887 1543 4966; baseline 0.002 -25"><span class='ocrx_word' id='word_1_579' title='bbox 173 4906 237 4942; x_wconf 83' lang='lat' dir='ltr'><strong>corr.</strong></span> <span class='ocrx_word' id='word_1_580' title='bbox 250 4890 304 4942; x_wconf 78' lang='lat'>112</span> <span class='ocrx_word' id='word_1_581' title='bbox 323 4909 347 4957; x_wconf 88' lang='lat' dir='ltr'>p.</span> <span class='ocrx_word' id='word_1_582' title='bbox 358 4889 467 4946; x_wconf 55' lang='lat'><strong>329526</strong></span> <span class='ocrx_word' id='word_1_583' title='bbox 489 4887 581 4960; x_wconf 84' lang='grc' dir='ltr'>θερμόν</span> <span class='ocrx_word' id='word_1_584' title='bbox 600 4891 646 4959; x_wconf 84' lang='grc' dir='ltr'>γάρ</span> <span class='ocrx_word' id='word_1_585' title='bbox 660 4888 751 4942; x_wconf 75' lang='grc' dir='ltr'>ἔστιτὸ</span> <span class='ocrx_word' id='word_1_586' title='bbox 764 4904 834 4959; x_wconf 83' lang='grc' dir='ltr'>συγ·</span> <span class='ocrx_word' id='word_1_587' title='bbox 887 4903 959 4943; x_wconf 73' lang='lat' dir='ltr'>ctum</span> <span class='ocrx_word' id='word_1_588' title='bbox 973 4891 985 4957; x_wconf 74' lang='grc' dir='ltr'>Η</span> <span class='ocrx_word' id='word_1_589' title='bbox 1000 4891 1034 4947; x_wconf 75' lang='lat'>26</span> <span class='ocrx_word' id='word_1_590' title='bbox 1052 4904 1111 4959; x_wconf 85' lang='lat' dir='ltr'><strong>post</strong></span> <span class='ocrx_word' id='word_1_591' title='bbox 1127 4891 1174 4960; x_wconf 77' lang='grc' dir='ltr'>τὴν</span> <span class='ocrx_word' id='word_1_592' title='bbox 1197 4891 1273 4964; x_wconf 85' lang='grc' dir='ltr'>χρόαν</span> <span class='ocrx_word' id='word_1_593' title='bbox 1286 4891 1401 4944; x_wconf 78' lang='lat' dir='ltr'><strong>Munach</strong></span> <span class='ocrx_word' id='word_1_594' title='bbox 1419 4887 1543 4966; x_wconf 83' lang='grc' dir='ltr'>γίγνεσθαι</span> 
     </span>
     <span class='ocr_line' id='line_1_46' title="bbox 175 4975 1014 5051; baseline 0.002 -23"><span class='ocrx_word' id='word_1_595' title='bbox 175 4981 281 5050; x_wconf 80' lang='grc' dir='ltr'>κρῖνον</span> <span class='ocrx_word' id='word_1_596' title='bbox 298 4976 335 5030; x_wconf 83' lang='grc' dir='ltr'>τά</span> <span class='ocrx_word' id='word_1_597' title='bbox 353 4975 489 5051; x_wconf 76' lang='grc' dir='ltr'>ὁμογενῆ</span> <span class='ocrx_word' id='word_1_598' title='bbox 509 4976 547 5041; x_wconf 82' lang='grc' dir='ltr'>(τὸ</span> <span class='ocrx_word' id='word_1_599' title='bbox 564 4977 610 5049; x_wconf 82' lang='grc' dir='ltr'>γάρ</span> <span class='ocrx_word' id='word_1_600' title='bbox 628 4977 758 5050; x_wconf 88' lang='grc' dir='ltr'>διακρίνειν</span> <span class='ocrx_word' id='word_1_601' title='bbox 775 4976 836 5050; x_wconf 87' lang='grc' dir='ltr'>όπερ</span> <span class='ocrx_word' id='word_1_602' title='bbox 886 4981 1014 5049; x_wconf 77' lang='lat' dir='ltr'><strong>supplevit</strong></span> 
     </span>
    </p>
   </div>
   <div class='ocr_carea' id='block_1_5' title="bbox 0 0 1726 5588">
    <p class='ocr_par' dir='ltr' id='par_1_6' title="bbox 0 0 1726 5588">
     <span class='ocr_line' id='line_1_47' title="bbox 0 0 1726 5588; baseline 0 0"><span class='ocrx_word' id='word_1_603' title='bbox 0 0 1726 5588; x_wconf 95' lang='lat' dir='ltr'> </span> 
     </span>
    </p>
   </div>
  </div>
 </body>
</html>
