3442 5588
265 325 304 388 16
550 328 563 376 1
599 327 649 377 DE
669 326 931 378 PLUTAROEEAE
951 319 1137 379 EPITOMES
1156 327 1328 379 MEMORIA

260 514 371 587 *corum
398 493 591 560 lectionibus
617 515 703 562 nova
730 496 890 563 sententia
919 493 1058 562 conflata
1084 504 1143 562 est.
1188 517 1249 563 neo
1274 498 1378 581 magis
1407 498 1509 584 probo
1538 518 1623 581 quae

263 617 290 663 o.
306 598 348 662 96
370 597 532 662 adduntur
554 596 667 679 ignota
690 616 729 663 ea
752 597 926 664 Plutarcho
950 605 982 664 et
1005 598 1146 664 Stobaeo
1169 603 1202 664 τὸ
1226 601 1279 684 μὲν
1301 601 1403 671 σκότος
1425 601 1539 683 συνάγει
1562 624 1625 671 πως

263 701 310 764 acl
334 701 475 785 συγκρίνει
496 700 549 782 τὴν
572 701 671 784 ὅρασιν
686 699 733 762 καλ
758 701 905 784 ἀμβλύνει,
926 703 960 764 τὸ
983 703 1015 764 δὲ
1030 708 1094 788 φῶς
1109 703 1243 787 διακρίνει
1259 704 1306 766 καὶ
1322 705 1445 786 ποδηγεῖ
1457 705 1509 787 τὴν
1525 704 1624 788 ὅρασιν

263 804 348 886 ἡμῶν
371 803 417 866 ἐπὶ
439 803 476 865 τά
498 803 589 884 ὁρατὰ
611 802 658 864 διὰ
680 805 730 864 τοῦ
756 803 860 883 μεταξὺ
882 804 977 886 ἀέρος.
1000 804 1047 867 διὰ
1070 808 1154 867 τοῦτο
1177 806 1218 888 μὴ
1242 809 1311 891 ὁρᾶν
1331 808 1410 890 ἡμᾶς
1424 807 1454 870 ἐν
1469 812 1512 891 τῷ
1529 807 1624 870 σκότει

262 905 321 970 ἀλλ’
349 906 421 968 αὐτὸ
444 905 530 987 μόνον
553 906 586 967 τὸ
609 904 720 972 σκότος.
758 905 855 987 paulo
878 905 981 987 magis
1003 905 1131 970 adridet
1152 907 1267 990 capitis
1289 909 1331 972 62
1353 907 1624 974 additamentum:

256 1008 481 1095 Ἡράκλειτος
496 1008 652 1089 ἀνάμματα
668 1003 695 1091 [i
706 1004 836 1092 ἄναμμα]
848 1008 878 1070 ἐν
891 1009 943 1090 μὲν
955 1014 1016 1079 ταῖς
1031 1010 1184 1078 ἀνατολαῖς
1197 1011 1250 1095 τὴν
1262 1008 1359 1094 ἔξαψιν
1375 1007 1481 1094 ἔχοντα
1493 1007 1521 1095 [λ
1532 1008 1625 1096 ἔχον],

262 1115 315 1197 την
337 1112 370 1173 δὲ
392 1109 488 1194 σβέσιν
512 1110 541 1172 ἐν
564 1115 626 1178 ταῖς
641 1111 772 1191 δυσμαῖς.
805 1128 881 1173 narn
897 1110 978 1176 baec
992 1110 1088 1177 facile
1103 1118 1248 1177 extremo
1264 1111 1369 1195 capite
1385 1112 1574 1177 exciderunt
1592 1124 1625 1179 et

262 1218 412 1298 leguntur
438 1230 552 1277 revera
578 1211 666 1294 apud
689 1209 864 1275 stobaeum
886 1212 1004 1277 similia
1024 1215 1056 1278 Il
1079 1215 1122 1279 20
1146 1224 1177 1277 lo
1198 1213 1381 1298 Ἡράκλειτος
1409 1215 1456 1276 κοιλ
1475 1212 1625 1285 Ἑκαταῖος

261 1321 380 1402 ἄναμμα
395 1316 492 1399 νοερὸν
507 1315 586 1376 τὸέκ
603 1314 747 1395 θαλάττης
762 1311 833 1375 εἶναι
848 1316 897 1376 τὸν
908 1317 999 1399 ἥλιον.
1030 1336 1136 1399 neque
1150 1315 1352 1382 incredibilia
1366 1316 1525 1401 videntur,
1540 1337 1625 1400 quae

261 1422 407 1487 Galenus
426 1416 572 1482 auctiora
587 1413 729 1497 exbibet,
751 1414 777 1477 si
794 1415 921 1496 quidem
938 1416 1152 1502 Xenophanis
1167 1420 1330 1485 decretum
1346 1418 1377 1483 Il
1395 1419 1434 1484 13
1453 1429 1485 1480 14
1503 1420 1555 1489 τὰς
1569 1421 1624 1503 γάρ

261 1523 402 1591 ἀνατολὰς
418 1521 465 1582 καὶ
482 1520 532 1588 τάς
545 1519 639 1586 δύσεις
651 1516 762 1602 ἐξάψεις
775 1517 845 1579 εἶναι
859 1519 905 1580 καὶ
919 1519 1031 1603 σβέσεις
1046 1530 1081 1584 ut
1094 1542 1128 1587 re
1142 1522 1189 1586 ira
1204 1522 1312 1588 verbis
1327 1521 1415 1585 haud
1430 1520 1477 1584 ita
1488 1523 1623 1586 mullum

261 1625 393 1693 distat.¹
440 1622 498 1687 sed
525 1628 633 1685 tunren
662 1619 804 1685 Stobaeo
831 1620 933 1684 invito
962 1622 1136 1689 Plutarcho
1168 1623 1228 1689 boc
1258 1624 1421 1690 decretum
1452 1623 1624 1689 restituere

262 1749 327 1795 non
349 1726 421 1791 ausi
443 1744 562 1790 sumus.
601 1722 740 1804 genuino
763 1722 902 1804 quodam
925 1725 1033 1791 colore
1056 1725 1137 1790 nitet
1151 1726 1325 1791 Democriti
1348 1727 1390 1792 de
1411 1725 1623 1790 animantium

261 1831 386 1912 origine
414 1828 566 1911 placitum
595 1845 622 1890 o.
640 1825 701 1888 123
727 1825 907 1908 Δημόκριτος
933 1827 1107 1910 γεγενημένα
1129 1827 1258 1892 εἶναιτὰ
1283 1834 1345 1914 ζῷα
1368 1831 1502 1893 συστάσει
1530 1829 1559 1891 εἰ
1587 1829 1624 1891 δὲ

261 1936 297 1998 ἓν
320 1932 447 2015 άστρον
469 1934 584 2013 πρῶτον
606 1932 657 1989 τοῦ
681 1929 766 2010 ὑγροῦ
791 1932 986 2011 1ζωογονοῦντα
1010 1927 1042 2015 [λ.
1059 1929 1290 2017 ζῳογονοῦντσςβ,
1313 1931 1398 2014 quod
1416 1931 1443 1995 si
1459 1930 1535 1995 mibi
1549 1951 1624 1995 crul-

261 2036 386 2118 tigisset
401 2050 577 2116 persanare
592 2029 612 2112 ²,
637 2027 723 2092 baud
738 2027 935 2094 dubitassem
950 2030 1113 2096 Plutarchi
1130 2032 1227 2115 captiti
1244 2034 1270 2098 V
1289 2034 1329 2098 19
1345 2052 1521 2116 apponere.
1547 2052 1622 2096 nam

262 2137 401 2222 pertinet
428 2134 481 2199 bic
506 2134 596 2198 locus
624 2132 667 2195 ad
690 2130 768 2195 folia
790 2132 823 2195 in
846 2132 1024 2217 archetypo
1048 2153 1179 2198 corroso
1206 2144 1239 2200 et
1267 2135 1437 2216 contiguus
1459 2142 1508 2200 est
1531 2134 1622 2199 initio

262 2263 287 2305 o.
304 2242 347 2305 20
368 2239 409 2303 de
438 2256 500 2318 quo
529 2235 596 2299 dixi
619 2255 649 2317 p.
671 2237 720 2298 14.
765 2253 865 2315 quare
892 2255 1103 2317 quaecunque
1129 2236 1194 2300 alia
1217 2236 1250 2300 in
1273 2236 1334 2301 hac
1364 2243 1457 2319 parte
1483 2236 1556 2300 libri
1581 2256 1622 2301 ex

260 2344 386 2407 Galerio
402 2339 607 2420 affluxerunt,
622 2336 780 2401 ambabus
795 2336 929 2420 arripui:
945 2338 1053 2420 itaque
1068 2339 1209 2420 genuina
1224 2339 1294 2404 siue
1310 2338 1408 2402 dubio
1423 2339 1623 2405 incrementa

260 2449 415 2527 oeperunt
438 2439 603 2506 Plutarobi
627 2439 722 2504 V22.
746 2440 796 2503 23.
819 2440 869 2504 29.

346 2543 455 2608 Eluxit
477 2541 554 2605 mibi
577 2541 752 2623 aliquando
775 2559 850 2624 spes
872 2539 1044 2605 Galerriani
1069 2540 1207 2625 exempli
1238 2540 1392 2623 singulari
1421 2542 1623 2626 praestantia

263 2655 432 2733 perspecta
454 2646 523 2709 fore
545 2650 580 2707 ut
603 2643 644 2709 de
667 2650 777 2709 aetate
799 2642 900 2726 ipsius
923 2643 1141 2726 compilat-oris
1162 2642 1338 2725 aliquando
1354 2646 1472 2710 certius
1486 2646 1620 2710 indicari

263 2758 384 2834 posset.
428 2755 461 2813 et
483 2747 562 2811 illud
585 2746 714 2829 quidem
738 2745 817 2810 citra
839 2745 1072 2811 dubitationem
1095 2745 1245 2828 positum,
1268 2746 1456 2830 scriptorem
1478 2749 1531 2830 qui
1555 2755 1621 2812 tarn

262 2853 468 2935 incorruptae
491 2849 667 2915 memoriae
690 2853 806 2913 testem
828 2866 863 2912 se
886 2854 1044 2930 praestet,
1072 2866 1144 2911 curn
1167 2866 1233 2911 non
1261 2847 1512 2932 Byzantinorurn
1535 2850 1625 2932 gregi

261 2953 493 3036 assignandum
520 2972 602 3017 esse.
633 2957 746 3017 eontra
768 2951 822 3032 qui
845 2948 958 3033 cyrilli
974 2948 1169 3031 Eusebiique
1184 2948 1271 3014 vices
1287 2951 1484 3033 spectaverit
1498 2951 1626 3017 cavebit

261 3077 303 3123 ne
326 3077 366 3122 ex
389 3056 611 3140 praestantiae
633 3073 698 3118 una
721 3060 799 3117 nota
821 3059 948 3117 aetates
971 3052 1110 3117 rimetur.
1145 3071 1250 3134 neque
1271 3052 1433 3118 inferioris
1451 3053 1571 3119 aetatis
1591 3053 1625 3118 in

261 3160 387 3224 Galeno
417 3158 536 3223 indicia
560 3155 780 3221 dissimulabo.
824 3162 898 3219 sunt
926 3155 1010 3220 enim
1040 3155 1104 3219 duo
1127 3155 1293 3239 exempla,
1327 3155 1380 3220 ubi
1414 3176 1548 3222 consors
1569 3155 1625 3220 ille

260 3267 399 3344 apparet
420 3259 674 3346 byzantinorum
696 3258 992 3341 interpolationem,
1016 3277 1099 3340 quae
1121 3255 1240 3321 absunt
1262 3257 1434 3323 avctastis
1457 3258 1624 3341 exemplis.

346 3363 454 3430 1134
479 3362 677 3446 ’.λριστυτέλης
711 3358 886 3446 [mundum]
920 3358 976 3424 οὔτ’
1015 3357 1146 3445 ἔμψυχον
1176 3360 1242 3422 ὅλον
1273 3357 1304 3423 δι’
1342 3360 1411 3423 otoo
1444 3359 1525 3422 οὔτε
1559 3361 1624 3444 μὴν

261 3464 493 3546 αἰσθητικόν,
519 3465 586 3527 οὔτε
607 3465 730 3546 λογικόν.
776 3463 891 3528 omittit
913 3462 980 3525 οὔτε
1002 3463 1059 3545 μὴν
1082 3462 1251 3545 αἰσθητικόν
1274 3460 1452 3544 Stellatem,
1474 3461 1626 3542 ignorant

261 3565 420 3630 Eusebius
442 3575 474 3632 et
491 3567 642 3651 Cyrinus,
666 3574 700 3630 at
721 3573 858 3631 testatur
880 3565 944 3629 iam
961 3564 1117 3647 Galenus,
1138 3569 1204 3626 tunr
1227 3564 1328 3629 nostri
1352 3564 1488 3630 codices.
1523 3564 1624 3626 multo

260 3668 499 3733 memorabilius
527 3675 576 3734 est
599 3667 673 3733 lroc:
708 3668 838 3732 [1254
866 3667 1032 3752 Ξενοφάνης
1053 3666 1138 3751 νέφος
1161 3664 1232 3729 εἶναι
1260 3666 1507 3749 πεπιλημένον.
1552 3686 1626 3729 eon·

260 3771 349 3837 venit
370 3771 432 3836 boc
454 3771 538 3836 inter
561 3770 735 3836 Stobaeum
759 3768 932 3835 Eusebium
954 3769 1105 3851 vulgatos
1132 3767 1277 3851 codices,
1308 3775 1343 3832 ut
1370 3766 1562 3851 suspicionis
1584 3786 1625 3831 ne

260 3873 448 3938 tenuissima
470 3872 598 3954 quidem
621 3871 735 3935 unrbra
756 3871 967 3953 relinquatur.
1010 3870 1155 3935 Galenus
1177 3877 1285 3934 tamen
1309 3869 1387 3951 legit
1408 3871 1626 3954 πεπυρωμένον,

259 3994 344 4056 quae
372 3974 578 4058 interpolatio
606 3993 646 4038 ex
678 3973 832 4038 memoria
859 3973 892 4037 ΙΙ
913 3973 990 4036 203
1023 3973 1189 4058 Ξενοφάνης
1217 3970 1329 4057 [solem
1358 3970 1444 4058 oriri]
1472 3974 1505 4036 ἐκ
1530 3978 1627 4057 νεφῶν

260 4079 475 4162 πεπυρωμένων
490 4075 570 4163 [sive
586 4073 672 4157 quod
687 4073 855 4140 inferiores
870 4072 942 4137 libri
961 4073 1081 4140 habunt
1103 4076 1188 4160 νέφος
1203 4072 1420 4160 πεπυρωμένον]
1435 4073 1623 4139 insinuavit.

258 4185 427 4263 utramque
448 4180 619 4246 lectionem
640 4176 779 4258 quodam
795 4177 892 4241 modo
908 4176 1051 4266 servavit
1065 4176 1169 4243 codex
1185 4175 1324 4261 optimus
1339 4176 1543 4260 Mosqnensis
1560 4173 1623 4262 [A],

993 4270 1054 4316 πιιη

259 4318 350 4383 cuius
379 4315 549 4383 lectionem
579 4311 840 4396 πευπυρυνλημένυν
873 4332 914 4377 ex
943 4313 1148 4398 πεπυρωμένον
1181 4311 1314 4378 ridicule
1344 4310 1516 4377 conflatam
1547 4330 1624 4376 esse

333 4557 338 4586 ¹
360 4560 391 4609 cf.
410 4556 580 4608 Sabusteri
597 4555 688 4620 fragm.
709 4557 829 4605 Heraclit.
850 4573 875 4621 p.
891 4554 967 4608 119¹.

333 4642 344 4674 ²
362 4646 514 4695 sententiam
527 4645 609 4708 praeit
621 4642 779 4693 Cerrsorinns
796 4641 811 4695 l
828 4643 852 4695 a.
881 4645 1068 4693 Democrito
1082 4660 1156 4694 vcro
1175 4644 1355 4694 Abderitae
1375 4660 1410 4695 ex
1429 4660 1512 4709 aquo
1532 4646 1624 4694 limo·

260 4748 319 4797 quo
338 4734 472 4795 primunr
490 4734 593 4780 visum
612 4747 681 4780 esse
701 4731 845 4780 homines
864 4742 1050 4794 procreatos
1071 4733 1295 4797 ...Epicurus
1386 4733 1526 4783 eredidit
1547 4733 1625 4783 liure

259 4822 420 4869 calolarro
448 4830 555 4870 uteros
583 4822 692 4868 nescio
717 4835 797 4882 quoe
820 4856 826 4868 .
847 4856 879 4868 ..
906 4822 1037 4883 primunr
1070 4821 1257 4867 increvisse.
1297 4821 1354 4868 binc
1384 4821 1482 4869 tentari
1512 4819 1627 4869 συστάσει

259 4904 372 4957 ίλυωόῶν
391 4906 477 4956 άσιιάιν
496 4924 521 4956 r..
541 4909 584 4955 rob
603 4905 678 4973 ίιγρυῦ
698 4905 876 4973 ζῳογονοῦντος
896 4910 926 4956 ι·1“,
947 4910 1047 4956 lou-ret.
1070 4907 1090 4952 V
1110 4903 1161 4955 803
1175 4922 1212 4968 sq.
1232 4906 1348 4956 sednon
1368 4907 1430 4956 urihi
1453 4909 1594 4957 satisfacio.
