3442 5588
655 308 931 361 rnonnsonrsua
1412 302 1474 367 103

194 480 409 568 Physicorum
431 478 528 562 igitur
543 475 756 564 opinionibus
771 474 1038 565 philosophorum
1054 497 1075 543 a
1094 479 1230 545 Thalete
1245 475 1288 540 sd
1304 475 1475 540 Platonem

107 583 237 651 turbam
259 583 308 649 ita
328 583 500 666 recensuit,
524 581 657 666 utquid
680 581 722 646 de
744 579 879 662 singulis
901 583 1020 672 singuli
1043 583 1201 672 capitibus
1217 583 1397 647 statuerent
1411 595 1478 641 nun

107 686 214 752 sulum
236 685 379 751 breviter
400 684 573 767 indicaret,
604 684 663 750 sed
690 685 787 749 etiam
814 687 890 767 quid
913 692 1000 756 male
1021 689 1099 774 quid
1122 692 1210 752 recte
1241 679 1318 766 qnid
1347 676 1478 763 proprie

107 788 311 872 cogitassent
338 786 381 852 ad
410 786 640 852 Aristoteleam
667 805 812 851 normam
841 789 1043 860 diiudicaret.
1087 792 1273 876 priusquam
1301 802 1379 848 vero
1409 787 1476 845 tarn

108 889 306 956 admirabile
328 910 410 974 opus
432 888 611 972 susciperet
633 908 697 953 non
714 890 817 954 solum
833 891 1017 960 Aristotelis
1038 892 1158 959 iudicia
1179 886 1311 969 collegit
1332 892 1365 950 et
1379 882 1476 948 anxie

109 992 267 1077 respexit,
289 993 348 1058 sed
370 991 442 1076 ipse
464 1010 592 1074 qnoque
614 989 658 1054 ad
679 989 786 1055 fontes
807 992 889 1058 adiit
907 1001 941 1061 et
954 996 1148 1062 nobiliorum
1162 987 1427 1078 pbilosophorum
1442 991 1477 1048 ut

109 1097 329 1178 Anaxagorae
349 1092 562 1159 Anaximenis
577 1091 728 1157 Archelai
744 1093 902 1177 Diogenis
916 1097 1123 1181 Empedoclis
1139 1090 1316 1162 Metrodori
1331 1085 1478 1154 Platonis

109 1196 319 1279 Xenocratis,
345 1195 567 1280 copiosissime
592 1195 770 1262 Democriti
792 1197 957 1266 doctrinas
979 1198 1196 1284 peculiaribus
1219 1192 1337 1260 libellis
1360 1187 1478 1255 exami-

112 1299 216 1366 narit
261 1298 320 1366 sed
343 1319 383 1364 ex
407 1298 555 1365 omnibus
577 1297 649 1363 istis
671 1298 799 1383 scriptis
822 1321 920 1366 unum
939 1301 1154 1386 fragmentum
1177 1304 1284 1366 exstat
1306 1314 1347 1360 ex
1375 1292 1478 1356 altero

116 1402 162 1469 de
190 1401 389 1485 Anaxagora
416 1399 499 1467 libro
524 1399 563 1465 fr.
580 1401 622 1466 26
645 1399 759 1485 Usen,
786 1403 871 1484 quod
892 1404 969 1471 fr.4
988 1412 1121 1471 nostrae
1150 1403 1293 1488 sylloges
1321 1390 1478 1461 subieci.¹

116 1504 195 1571 huic
209 1503 367 1570 materiae
382 1503 524 1586 undique
546 1503 713 1587 collectae,
737 1523 834 1587 quam
857 1508 1032 1574 contuleris
1055 1527 1127 1574 cum
1142 1499 1326 1570 Aristotelis
1343 1494 1479 1576 Politiis,

117 1605 336 1692 superstruxit
350 1606 492 1690 amplam
509 1603 720 1689 Physicorum
733 1603 928 1690 Opinionum
942 1610 1102 1694 syllogen,
1116 1627 1200 1691 quae
1214 1605 1279 1670 iam
1290 1597 1480 1667 Alexandri·

114 1729 232 1775 norum
257 1714 368 1774 aetate
393 1707 427 1775 in
449 1707 585 1772 duorum
613 1705 767 1773 librorum
789 1709 953 1792 epitomen
975 1719 1088 1777 coacta
1110 1716 1160 1776 cst
1181 1709 1245 1792 περὶ
1267 1707 1397 1791 φυσικῶν
1419 1701 1478 1765 ἐπι-

112 1817 208 1896 τομῆς
224 1799 250 1876 α
269 1798 294 1897 ᾗ
313 1807 431 1897 [Laert.
455 1811 475 1876 l.
493 1829 520 1874 c.
535 1807 599 1895 46].
621 1808 821 1894 epitomandi
844 1834 921 1880 usus
939 1814 1079 1880 fortasse
1093 1814 1157 1878 iam
1173 1804 1355 1875 Aristotelis
1369 1809 1480 1869 aetate

115 1933 185 1979 non
199 1912 366 1979 inauditus
380 1913 390 1944 ¹
413 1913 511 1996 paulo
531 1917 605 1996 pest
619 1911 665 1977 ita
679 1912 855 1980 increbruit
869 1920 904 1979 ut
918 1916 1080 1999 potiorum
1095 1911 1332 1998 Peripateticae
1347 1907 1480 1974 scholae

113 2015 271 2082 librorum
299 2015 333 2080 in
360 2035 453 2080 usum
481 2014 551 2081 sive
573 2013 838 2098 philosophorum
864 2016 934 2082 sive
956 2017 1120 2084 rhetorum
1142 2012 1333 2099 compendia
1354 2008 1477 2074 fierent

110 2117 160 2183 ita
173 2116 392 2203 Theophrasti
414 2116 561 2182 feruntur
582 2114 616 2179 in
638 2115 797 2182 indicibus
819 2120 998 2183 ἀναλυτικῶν
1018 2121 1159 2204 ἐπιτομῆς
1174 2121 1203 2196 ἆ,
1218 2117 1315 2199 νύμιυν
1337 2114 1478 2194 ἐπιτομῆς

109 2208 211 2299 α-Ῑ,
244 2225 375 2307 φυσικῶν
407 2220 547 2304 ἐπιτομῆς
568 2206 593 2284 α
611 2216 664 2304 [ef.
688 2240 719 2303 p.
737 2220 799 2286 102
810 2219 830 2308 ¹]
858 2220 997 2288 rorasse
1024 2222 1122 2288 etiam
1152 2220 1252 2306 ἠδικοὶ
1284 2219 1476 2303 χαρακτῆρες.

111 2328 241 2406 quanta
255 2322 406 2390 libertate
420 2327 607 2406 excerptum
627 2323 669 2389 sit
690 2342 756 2389 non
771 2325 875 2389 solum
890 2343 931 2389 ex
946 2323 1197 2406 characteribus,
1219 2339 1353 2404 quorum
1369 2324 1478 2382 tamen

109 2424 187 2490 fata
202 2444 317 2510 parum
333 2426 504 2509 explorata
519 2432 603 2509 sunt,
626 2425 684 2491 sed
699 2425 797 2490 etiam
815 2445 856 2490 ex
870 2424 1097 2509 Aristophanis
1111 2422 1260 2510 Byzantii
1274 2425 1333 2485 τῶν
1344 2418 1477 2504 Ἀριστο·

110 2528 216 2598 τέλους
238 2529 304 2613 περὶ
327 2522 414 2614 <qima
437 2526 578 2611 epitome
601 2528 752 2610 cernitur,
775 2525 861 2592 unde
883 2546 967 2608 quae
989 2525 1192 2593 Constantini
1208 2522 1479 2608 Porphyrogeniti

115 2630 212 2696 iussu
234 2630 411 2714 compilata
433 2636 508 2694 sunt
523 2649 542 2695 e
557 2630 669 2696 codice
681 2630 828 2695 Parisino
845 2628 999 2696 ediditV.
1015 2631 1139 2697 Roseus
1155 2627 1276 2694 Anecd,
1291 2626 1430 2709 graecol.
1446 2625 1479 2689 Π

113 2732 235 2799 1-40.
279 2731 474 2817 Opinionum
496 2739 605 2798 autem
630 2733 687 2798 illa
709 2731 849 2816 epitome
871 2751 949 2797 usus
974 2732 1101 2799 videtur
1122 2731 1271 2797 Laertius
1291 2728 1341 2794 IX
1362 2729 1402 2792 21
1427 2723 1476 2812 [fr.

109 2834 156 2898 24
178 2833 253 2916 Ua,
280 2833 319 2900 fr.
339 2837 383 2900 6·
414 2841 547 2900 nostrae
574 2832 660 2921 sylb]
698 2835 879 2918 Ξενοφάνους
905 2836 942 2898 δὲ
968 2837 1104 2919 διήκουσε
1129 2833 1312 2918 Παρμενίδης
1345 2831 1477 2915 ίίύρητοτ

105 2935 247 3020 Ἐλεάτης
269 2936 382 3021 (τοῦτον
398 2936 583 3021 Θούφραστος
605 2937 635 3000 ἐν
658 2944 695 3019 τῇ
718 2938 843 3018 ἐπιτομῇ
862 2933 1094 3022 Ἀναξιμάνδρου
1116 2937 1203 3022 φησὶν
1225 2931 1373 3018 ἀκούσαι),
1396 2932 1476 3015 ὅμως

108 3040 137 3102 δ’
152 3036 205 3103 eds
220 3040 347 3109 ἀνιούσας
363 3040 410 3102 καί
425 3039 608 3124 Ξενοφάνους
629 3041 683 3103 οὐκ
705 3038 906 3124 ἠκολούθησεν
928 3039 1020 3124 αὐτῷ.
1054 3038 1280 3105 Parmeniden
1302 3035 1344 3100 ab
1359 3034 1476 3101 Anaxi·

108 3140 250 3207 mandre
272 3139 416 3226 pendere
431 3139 676 3225 Theophrastus
691 3140 799 3206 dicere
822 3141 876 3206 vix
891 3142 1006 3226 potnit,
1029 3142 1082 3225 qui
1098 3139 1336 3225 Xenophanem
1358 3137 1396 3203 fr.
1409 3139 1438 3202 5.
1456 3138 1477 3202 6

107 3242 317 3309 Parmenidis
339 3249 585 3327 praeceptorem
607 3242 842 3308 nominaverat.
886 3243 1012 3327 pridem
1038 3243 1269 3329 transpositum
1291 3247 1341 3308 est
1363 3241 1476 3324 Παρμο

109 3347 193 3430 νιδης
215 3387 274 3409 ...
298 3347 434 3429 διήκουσε
456 3345 637 3430 Ξενοφάνους
660 3366 722 3428 quo
745 3351 845 3409 τοῦτον
868 3344 987 3411 rectius
1002 3347 1184 3414 referretur.
1218 3363 1324 3428 neque
1345 3341 1476 3407 dubium

107 3448 188 3531 quin
203 3447 287 3513 baec
300 3446 343 3512 sit
355 3446 498 3529 genuina
508 3447 680 3530 sententia,
697 3447 754 3513 sed
765 3445 938 3529 ambigitur
953 3456 1059 3515 utrum
1070 3450 1236 3533 Diogenes
1250 3444 1477 3530 intempestive

109 3688 210 3759 φύσεος
234 3687 350 3756 ίστορίας.
382 3688 490 3738 Aristot.
509 3687 541 3736 de
560 3688 623 3736 cael.
641 3688 683 3737 111
705 3687 716 3738 l
736 3705 761 3752 p.
772 3684 841 3740 reeb
854 3685 879 3749 2,
903 3689 1006 3738 Platon.
1030 3689 1129 3740 Phaed.
1149 3706 1174 3753 p.
1188 3687 1248 3741 eta
1270 3689 1317 3754 τῆς
1340 3685 1426 3753 σοφίας
1444 3683 1476 3752 ἣν

107 3775 141 3844 δὴ
162 3773 268 3827 καλοῦσι
293 3774 349 3842 πιρί
366 3771 464 3842 φύσειυς
482 3770 590 3839 ἱστορίαν
608 3789 665 3822 cum
684 3775 875 3838 Wyttenbachii
901 3785 964 3825 nota
986 3776 1018 3825 ci.
1037 3777 1156 3827 Torstrik
1180 3776 1213 3826 ad
1238 3777 1318 3826 Arist.
1341 3775 1366 3824 d.
1391 3776 1477 3824 anima

107 3884 134 3931 p.
151 3862 213 3917 112.
233 3865 266 3916 G.
285 3864 388 3914 Curtius
406 3862 486 3913 Vcrh.
505 3863 531 3911 d.
549 3860 648 3911 saechs.
668 3862 728 3913 Ges.
750 3861 824 3925 1866,
847 3863 908 3916 146.

181 3951 189 3982 ¹
211 3953 244 4002 de
253 3953 426 4002 Democriteis
439 3951 571 4000 minimum
584 3965 629 3999 sex
644 3949 714 3999 libris
726 3951 757 4000 cf.
768 3951 900 4002 Usenerus
908 3952 925 4000 l.
936 3967 957 4000 e.
970 3967 995 4014 p.
1006 3946 1048 4001 25.
1065 3966 1079 4000 e
1092 3951 1158 4000 libro
1172 3949 1227 4017 περὶ
1239 3945 1399 4017 Δημοκρίτου
1411 3950 1476 3999 falso

103 4041 259 4091 Aristotelis
282 4041 386 4090 nomine
410 4040 533 4102 inscripto
556 4037 589 4085 V.
608 4037 707 4086 Roseus
726 4036 785 4099 [Ar.
804 4053 842 4102 ps.
861 4054 886 4101 p.
899 4034 963 4100 213]
982 4046 1104 4101 excerpta
1121 4047 1194 4102 putat
1217 4054 1283 4100 quae
1301 4039 1378 4087 affert
1395 4039 1476 4087 Alex·

100 4128 187 4178 ander
206 4143 247 4192 ap.
267 4126 381 4190 Simplie.
401 4126 426 4174 d.
448 4126 513 4174 coel.
532 4141 557 4188 p.
570 4123 671 4176 48826
690 4125 733 4175 Br.
760 4132 895 4189 praeterea
912 4133 1020 4189 possunt
1043 4126 1076 4174 ad
1095 4126 1153 4175 illos
1173 4127 1369 4174 commentarios
1388 4126 1476 4174 reterri

100 4217 254 4279 fragmenta
272 4214 337 4263 haec
360 4228 425 4275 quae
444 4213 577 4263 Uscnsrus
596 4214 663 4262 inter
681 4215 780 4262 incerta
798 4214 959 4263 enumeravit
977 4209 1011 4263 27
1029 4214 1116 4262 Laert.
1134 4213 1212 4275 Diog.
1231 4212 1271 4260 IX
1286 4212 1301 4261 6
1321 4205 1476 4278 Θεόφραστος

100 4299 130 4351 δί
152 4315 227 4368 φησιν
245 4298 294 4351 ύπδ
318 4296 485 4367 μελαγχολίας
503 4298 535 4349 τὰ
553 4298 598 4365 μίν
616 4295 721 4367 ἡμιτελῆ
744 4297 776 4349 τὰ
799 4296 826 4350 dl
850 4296 939 4350 ἄλλοτε
964 4294 1047 4354 ἄλλοις
1070 4296 1160 4366 ἔχοντα
1182 4296 1275 4366 γράψαι
1287 4299 1477 4360 (Heraclitum),

101 4387 143 4441 28
161 4390 224 4439 ibid
243 4387 338 4440 1X46
356 4386 522 4447 (Democriti)
541 4385 617 4452 μίγας
640 4383 783 4450 διάκοσμος,
806 4383 833 4435 δν
856 4384 879 4436 οί
902 4385 958 4453 περὶ
976 4379 1134 4453 Θεόφραστον
1152 4381 1297 4436 Λευκίππου
1316 4384 1390 4452 φασίν
1408 4384 1477 4447 εἶναι,

101 4475 141 4527 29
160 4477 219 4525 Aci.
236 4477 269 4524 V.
283 4476 316 4525 H.
334 4474 373 4524 IV
387 4471 421 4524 20
438 4471 623 4536 (Democritus)
651 4471 698 4540 τὴν
723 4472 790 4540 παρὰ
812 4475 858 4522 τοῦ
880 4468 1047 4538 Δαμασίππου
1070 4475 1115 4524 τοῦ
1138 4470 1230 4540 πατρὸς
1253 4470 1337 4523 ούσίαν
1360 4472 1394 4529 τίς
1421 4471 1476 4540 τρία

99 4562 168 4630 μέρη
192 4557 343 4629 νιμηδιῐσαν
360 4564 413 4616 τοῖς
431 4557 544 4627 ἀδελφοῖς
568 4563 619 4616 τοῖς
637 4558 708 4626 τρισί,
731 4556 861 4627 τάργύριον
880 4557 955 4624 μόνον
974 4556 1061 4626 λαβὼν
1079 4557 1175 4626 ἑφόδιον
1193 4561 1239 4626 τῆς
1259 4556 1329 4621 ὁδοῦ,
1353 4558 1385 4610 τὰ
1402 4557 1478 4610 λοιπὰ

100 4653 155 4705 τοῖς
172 4645 288 4716 ἀδελφοῖς
306 4645 380 4698 τίασε.
403 4645 443 4697 διὰ
460 4647 539 4697 ταῦτά
558 4663 595 4696 τοι
614 4645 658 4696 καί
677 4641 832 4715 Θεόφραστος
855 4643 931 4696 αύτδν
949 4643 1033 4713 ἐπῄνει
1052 4642 1089 4696 δτι
1112 4645 1207 4714 περιῄει
1224 4645 1353 4715 κρείττονα
1372 4645 1479 4713 ἀγερμὸν

99 4735 210 4804 ἀγείρειν
229 4731 359 4786 Mazaeo
377 4734 421 4784 καί
438 4731 581 4790 Ὀδυσσέως.

175 4821 317 4888 ’epitome
341 4823 496 4886 reipublicae
515 4823 665 4873 Platonicae
688 4831 714 4872 et
735 4823 872 4872 Aristoteli
897 4829 924 4871 et
941 4821 1122 4887 Theophrasto
1143 4823 1288 4871 attribuitur
1322 4823 1353 4871 cl.
1378 4821 1479 4873 Usener

101 4911 121 4959 l.
139 4926 161 4960 c.
178 4926 204 4975 p.
218 4909 260 4963 19.
294 4910 328 4960 V.
346 4911 416 4962 raone
434 4911 467 4960 de
484 4912 532 4961 Ar.
550 4911 608 4960 libr.
627 4911 683 4961 ord.
702 4926 728 4975 p.
741 4908 785 4962 86.
