3442 5588
568 380 572 387 .
661 333 937 385 PROLEGOMENA

110 507 199 560 retw
226 517 289 561 non
312 499 428 578 poenit,
457 500 572 579 partiri
593 503 802 565 tantammodo
824 505 870 565 ait

110 607 140 661 et
165 601 195 662 si
217 610 378 682 utrumqne
398 603 488 664 sedes
510 621 607 682 oeque
628 605 750 667 calidos
773 623 869 666 occa-

109 704 237 782 peeers‘t
257 714 418 786 ecumque
438 724 554 767 marem
570 707 670 780 nasci,
690 708 719 768 ei
732 707 869 788 fripidos

111 824 212 887 sepse
236 816 398 889 atramque
420 809 568 889 sentinam
593 811 622 871 si
643 828 716 872 cero
739 811 870 874 alteram

111 908 299 973 calidiorem
341 912 472 974 alternam
513 911 709 992 tripidicrem
746 913 870 993 dispari

110 1029 192 1074 seres
213 1023 338 1094 portam
359 1014 507 1093 futorum.

202 1114 382 1183 Censorino
404 1117 523 1185 collato
546 1125 712 1201 tamquam
735 1116 897 1183 officinam
919 1116 1138 1199 compilatoris
1160 1119 1244 1186 Aonii
1260 1121 1475 1207 introspiciss.

111 1237 232 1285 causas
259 1217 316 1285 ille
343 1219 574 1305 Empedoclem
603 1218 787 1303 partitionis
813 1241 878 1285 non
904 1218 1053 1285 attulisse
1080 1222 1231 1305 religiose
1257 1223 1374 1307 prodit.
1418 1225 1477 1292 sed

112 1321 254 1389 coniecit
267 1321 415 1390 similiter
429 1329 526 1407 atque
540 1322 725 1408 Hipponem
740 1340 813 1387 enm
827 1320 989 1388 statuisse.
1010 1323 1087 1405 quid
1102 1323 1238 1390 Attius?
1259 1326 1477 1393 coniecturam

111 1449 173 1513 pro
207 1434 296 1494 certo
328 1427 498 1510 amplexus
531 1436 701 1512 utramque
735 1426 919 1511 opinionem
947 1424 980 1489 in
1009 1444 1106 1490 unam
1140 1428 1311 1512 compegit.
1355 1430 1478 1512 pariter

109 1533 272 1600 ariolatur
293 1532 322 1598 V
343 1531 364 1597 8
385 1539 408 1595 ι.
429 1529 438 1562 ¹

156 1636 210 1700 tr
256 1644 398 1717 superest
433 1636 537 1699 dicere
571 1635 609 1696 dc
641 1634 871 1714 temporibus

110 1738 226 1820 quibus
250 1749 362 1819 portos
388 1741 508 1802 soleant
530 1757 596 1800 esse
619 1737 661 1799 cd
683 1737 871 1800 irascendum

110 1845 230 1905 moturi
252 1887 260 1904 .
284 1888 325 1906 ..

156 1954 174 2008 t
202 1950 267 2011 ianr
287 1948 420 2027 primam
442 1956 534 2030 quoto
555 1954 627 2026 post
643 1945 873 2023 conceptionem

110 2069 218 2113 raam
251 2050 393 2137 'infestes
433 2051 485 2113 cdi
517 2049 653 2123 soleant,
696 2048 873 2127 frequenter

112 2156 265 2235 opitctm
287 2153 368 2215 inter
388 2161 506 2215 celeres
528 2151 664 2215 nondam
686 2149 836 2212 convenit.

157 2256 309 2337 Hippon
326 2255 556 2336 Metapontinos
577 2272 599 2316 o
612 2251 741 2332 septimo
757 2248 801 2311 od
815 2248 873 2310 de-

112 2360 227 2420 cimans
241 2376 373 2419 mensae
387 2357 477 2420 ποιοί
490 2375 583 2437 posse
597 2353 833 2418 existimavit...
843 2348 872 2411 .⁹

149 2470 169 2521 4
193 2459 267 2523 laic
281 2459 422 2540 opinioni
432 2460 465 2521 in
479 2467 571 2539 porte
582 2459 690 2539 aliquo
701 2461 874 2534 rcpnpnont

112 2563 183 2639 alii,
203 2564 238 2625 in
257 2557 369 2642 porte⁸
391 2562 595 2624 consentiant.

150 2673 169 2726 5
196 2682 271 2726 ποιιν
296 2664 428 2743 septimo
454 2682 557 2726 meme
581 2678 696 2741 parcre
716 2659 874 2720 mulierem

113 2786 210 2848 posse
219 2765 347 2846 phariaei
361 2763 537 2845 admont,
554 2772 588 2826 nt
605 2764 747 2825 Theano
759 2761 872 2843 Pytha-

114 2867 465 2950 9oriccAristotelee
480 2866 704 2946 Peripatetico
719 2863 875 2925 Diocles
961 2859 1042 2924 v18
1058 2870 1075 2921 4
1098 2861 1124 2922 ol
1142 2862 1174 2925 δὲ
1191 2863 1254 2945 περὶ
1267 2864 1315 2927 τὸν
1328 2863 1479 2949 Ἀριστο-

115 2970 265 3034 Euenor
275 2969 427 3032 Straton
439 2967 677 3050 Empedocles
687 2966 875 3046 Epipenes
926 2960 1031 3045 τέλην
1054 2963 1101 3026 καὶ
1120 2962 1309 3050 Ἱπποκράτην
1328 2968 1414 3053 φασὶν
1430 2967 1480 3031 ἐὰν

113 3073 264 3154 notaque
288 3082 454 3152 praetenti
483 3091 613 3154 quornm
641 3069 774 3132 emnium
797 3087 876 3130 con·
930 3062 981 3145 μὲν
1005 3063 1185 3149 ἐκπληρωθῇ
1210 3069 1228 3150 ἡ
1253 3071 1347 3153 μήτρα
1370 3069 1481 3138 ἐντοῖς

114 3193 228 3238 κνοω
253 3173 531 3258 Εκπρρλονιλοπι
559 3173 701 3237 Cnidiam
728 3190 790 3232 aon
817 3171 875 3232 de·
929 3165 1003 3229 ἑπτὰ
1019 3168 1105 3250 μησί,
1120 3167 1421 3253 τότε...γεννᾶσθαι
1436 3172 1470 3255 ri

114 3284 213 3340 lomi
250 3275 286 3338 id
323 3277 425 3356 ipsam
465 3275 619 3355 intrepido
648 3281 876 3366 petraepontem.
929 3291 1006 3349 νιρα.
1031 3266 1265 3355 Ἐμπεδοκλῆς
1287 3273 1327 3338 cf.
1351 3275 1436 3339 V18
1458 3286 1480 3338 l.

152 3388 170 3441 6
197 3385 310 3441 contro
320 3380 610 3459 eonfermecmnes
622 3376 877 3456 Epicharmam
972 3367 1144 3455 Εὐρορῶν
1160 3373 1176 3435 ὁ
1192 3372 1289 3457 ἰατρός
1302 3376 1382 3440 ...V
1398 3377 1438 3441 18
1458 3385 1482 3437 t.

113 3475 876 3566 [p.298Ler.]sccntioctcoonrensenoscinepo-

112 3592 238 3647 canat.
266 3583 423 3647 Diocles
444 3593 546 3645 tomen
562 3581 723 3665 Carystius
745 3579 877 3642 etAri-
972 3571 1088 3638 V183
1124 3574 1255 3663 Πόλυβος
1280 3579 1429 3665 Διοκλῆς
1456 3582 1482 3644 οἱ

113 3686 271 3749 stotelcs
292 3686 457 3767 Stopirites
479 3685 572 3748 aliter
589 3688 761 3747 senserant.
795 3699 877 3743 nono
926 3671 1101 3759 Ἐμπειρικοὶ
1130 3677 1177 3739 καλ
1203 3679 1253 3742 τὸν
1281 3679 1382 3763 ὄγδοον
1405 3687 1483 3766 μῆνα

114 3788 582 3852 satemetdecimomensecum
591 3785 742 3850 Chaldaei
750 3784 879 3864 plurimi
931 3775 1009 3839 icccc
1031 3777 1146 3860 γόνιμον
1170 3778 1347 3867 ἀτονώτερον
1369 3785 1401 3848 δέ
1421 3809 1485 3856 πιος

114 3889 441 3971 circumponas·
457 3890 633 3952 nominatas
647 3885 879 3950 Aristoteles
973 3877 1012 3943 cf.
1036 3879 1064 3943 V
1089 3881 1129 3944 18
1148 3891 1174 3945 t.

114 3992 171 4054 edi
182 4005 277 4074 posse
287 4001 412 4073 portam
422 3991 607 4073 putaverint.
631 4009 729 4071 neque
743 3990 879 4070 Epipc-

115 4114 182 4158 nes
205 4093 376 4180 Byzantios
405 4112 488 4157 nono
514 4094 584 4172 βοοκ·
611 4111 703 4173 posce
725 4090 880 4154 contendit

115 4216 177 4260 nec
200 4196 451 4278 Hippocraten
474 4195 556 4259 Cone
578 4195 705 4257 ἀοοίικο.
975 4185 1014 4252 cf.
1038 4187 1067 4252 V
1092 4187 1131 4251 18
1151 4197 1177 4252 4.

163 4308 180 4360 7
211 4308 345 4365 celmm
363 4299 557 4363 andedmnrn
575 4315 706 4360 mensem
729 4297 879 4359 Aristo-

198 4571 206 4601 ¹
227 4574 337 4623 similem
355 4576 488 4625 materiam
508 4576 642 4625 collectam
662 4575 762 4623 invenit
780 4571 880 4623 Seneca
899 4571 930 4621 de
951 4571 1034 4621 benet.
1054 4572 1107 4621 VII
1128 4570 1140 4621 l
1159 4579 1171 4616 ο
1193 4577 1281 4620 utram
1303 4584 1373 4620 unas
1396 4584 1488 4620 conco·

117 4657 188 4710 bites
208 4667 356 4726 spargatur·
374 4659 404 4710 in
421 4659 487 4711 aeos
505 4675 543 4710 on
555 4659 648 4710 totiens
663 4657 783 4722 concepti
794 4657 857 4708 sint.
886 4659 1007 4721 intellege
1027 4653 1187 4725 περισχισμὸν
1205 4665 1231 4705 ct
1243 4653 1403 4724 ἐπιοὺλληψιν
1423 4672 1488 4720 quae

117 4749 145 4797 in
166 4747 280 4798 Placitis
300 4747 464 4811 Empedoclis
483 4747 632 4811 Asclepiadi
650 4756 727 4810 atque
745 4746 904 4796 Erasistrato
924 4744 1019 4795 Stoicis
1039 4746 1167 4808 adscripta
1185 4752 1251 4793 sunt.

192 4829 203 4862 ²
222 4831 374 4883 aestimavit
393 4834 459 4884 libri.
477 4835 593 4898 sequitur
610 4834 642 4883 de
661 4835 800 4898 septenarii
820 4835 921 4883 numeri
941 4834 967 4880 ri
991 4832 1022 4880 ci.
1042 4832 1075 4879 ad
1094 4832 1186 4880 Placit
1205 4830 1229 4877 V
1249 4826 1282 4880 23
1301 4839 1320 4881 1.

190 4918 202 4950 ³
221 4921 331 4970 Iahnius
350 4921 451 4984 scripsit
470 4919 529 4980 alii,
549 4917 604 4968 alia
623 4925 651 4969 ιἰι
667 4929 754 4986 purte.

1214 4999 1285 5065 13*
