3464 5586
237 341 278 404 34
522 343 535 389 1
570 342 620 391 DE
640 341 909 393 PLUTARCHIIAII
929 340 1113 390 EPITOMES
1133 339 1305 389 MEMORIA

236 507 333 591 priori
362 507 459 572 classi
485 506 711 588 hlosquensem
736 506 905 588 adsignari
936 507 1083 589 quamvis
1111 509 1205 591 plura
1230 507 1350 588 scripta
1379 506 1592 589 complexum,

234 610 309 674 ideo
336 608 456 674 sactum
486 628 559 674 esse
589 608 684 691 scito,
717 609 794 689 quia
820 610 902 674 alter
931 608 1001 672 cod.
1023 607 1226 691 Mosquensis
1256 628 1286 672 n.
1307 607 1368 672 387
1396 627 1421 671 s.
1444 607 1522 691 XII,
1552 626 1592 673 ex

234 710 373 775 Athonis
397 710 592 776 monasterio
621 709 791 791 Batopedii
817 711 1006 793 translatus,
1037 710 1168 776 eosdem
1195 710 1309 774 eodem
1333 709 1445 775 ordine
1466 708 1593 774 eadem

234 834 296 896 que
325 813 393 880 lere
423 812 642 897 discrepantia
672 810 850 894 scripturae
878 811 1021 877 continet
1052 810 1216 876 Plutarchi
1248 810 1362 893 libros,
1394 831 1476 894 quos
1504 811 1593 895 prior

233 915 436 998 Mosquensis
458 916 531 998 329,
554 913 613 978 sed
634 913 751 978 desunt
774 913 911 977 Placita:
933 913 1020 979 unde
1041 933 1113 978 oum
1136 919 1261 979 constet
1281 913 1411 979 saeculo
1428 914 1494 978 XII
1515 935 1593 979 non-

233 1018 309 1082 dum
336 1017 506 1082 Moralium
532 1035 648 1098 corpus
676 1014 821 1079 extitisse
848 1015 972 1080 Placita
1003 1015 1097 1080 simul
1120 1035 1191 1080 eum
1215 1017 1329 1082 ethicis
1357 1034 1442 1099 quae
1463 1017 1592 1098 proprie

233 1120 320 1185 dieta
342 1126 416 1183 sunt
438 1118 564 1201 scriptis
580 1117 791 1199 complexum,
815 1115 857 1180 ab
872 1116 901 1180 Α
916 1117 1035 1181 codicis
1056 1117 1211 1200 scriptore
1225 1118 1297 1201 ipso
1315 1120 1444 1185 demum
1466 1118 1593 1182 Placita

234 1229 407 1306 prototypo
430 1223 469 1286 21
494 1219 647 1284 librorum
670 1219 847 1301 exemplari
870 1218 1015 1302 praefixa
1037 1239 1110 1284 esse
1130 1228 1276 1303 apparet.
1458 1272 1465 1281 .

182 1326 207 1389 B
277 1325 497 1388 Marcianus
519 1322 579 1385 521
605 1317 708 1405 [xcss
724 1317 754 1404 7]
777 1320 997 1406 bombycinus,
1019 1321 1123 1386 forma
1145 1321 1318 1405 quadrata,
1346 1322 1496 1388 loliomm
1517 1324 1591 1405 200,

232 1446 381 1492 versuum
403 1424 471 1490 tere
494 1424 550 1506 32,
573 1423 710 1505 scriptus
732 1422 878 1505 pluribus
900 1424 1102 1488 saeculorum
1124 1424 1200 1488 XIV
1223 1430 1255 1488 et
1277 1423 1338 1489 XV
1359 1425 1516 1490 manibus.
1550 1444 1590 1489 ex

231 1528 335 1611 libris,
373 1548 454 1610 quos
486 1524 630 1590 eontinet
663 1524 766 1590 codex
799 1532 1004 1590 enumeratos
1036 1545 1057 1589 a
1089 1526 1252 1609 Zanettio,
1292 1525 1335 1590 ab
1367 1526 1590 1609 antiquissimo

232 1630 361 1695 librario
384 1629 488 1713 primo
507 1630 578 1692 loco
600 1626 622 1690 l.
640 1626 800 1689 11-19r
822 1627 947 1692 Placita
968 1628 1056 1693 tenui
1078 1635 1111 1693 et
1133 1647 1232 1711 saepe
1254 1628 1493 1710 compendiario
1510 1629 1592 1693 litte

231 1752 338 1796 rarum
354 1750 474 1814 genere
490 1734 625 1794 exarata
636 1735 720 1792 sunt.
747 1727 857 1810 priora
871 1729 949 1794 folia
965 1730 1098 1795 madore
1114 1729 1271 1795 confecta.
1298 1731 1365 1794 iota
1376 1729 1591 1812 subscriptum

230 1834 298 1900 fere
330 1834 482 1898 omissum
512 1838 571 1897 est.
615 1829 723 1894 hiatus
748 1831 836 1894 nullo
864 1832 970 1896 studio
992 1832 1112 1897 vitatus
1135 1840 1169 1896 ut
1192 1834 1225 1896 δὲ
1246 1833 1278 1894 τὲ
1301 1833 1372 1895 ποτὲ
1394 1833 1490 1898 etiam
1513 1838 1590 1897 ante

229 1936 361 2001 vocales
388 1934 673 2018 perscriberentur.
718 1939 879 1997 vetustum
908 1935 1076 2016 exemplar
1105 1955 1170 2009 non
1201 1953 1376 2016 numquam
1402 1933 1508 1999 scriba
1535 1954 1591 1998 nu-

230 2058 335 2103 meros
364 2035 500 2118 margini
525 2034 720 2099 maiusculos
747 2034 954 2117 adpingendo
981 2034 1123 2100 imitatus
1151 2043 1209 2102 est
1255 2057 1296 2102 ex
1325 2036 1439 2102 eodem
1466 2035 1590 2100 scholia

229 2139 423 2221 transcripta
445 2143 520 2201 sunt
544 2143 611 2200 tum
635 2136 733 2200 exilia
760 2137 843 2202 inter
864 2136 967 2202 lineas
989 2143 1056 2201 tum
1078 2139 1238 2222 ampliora
1259 2139 1293 2202 in
1316 2137 1514 2220 marginibus
1534 2159 1597 2202 nu-.
1721 2132 1724 2143 ⁴

229 2240 325 2306 meris
354 2239 512 2322 adpositis
539 2237 583 2301 ad
609 2237 781 2303 continuae
802 2239 980 2322 scripturae
1011 2260 1108 2305 voces
1136 2242 1248 2306 relata.
1293 2247 1462 2322 utrumqne
1488 2260 1590 2322 genus

230 2342 410 2426 Byzantino
439 2340 649 2423 grammatico
677 2340 813 2406 debetur
834 2342 988 2424 aequales
1011 2343 1064 2407 vel
1085 2343 1290 2424 glossematis
1312 2343 1365 2408 vel
1388 2340 1590 2407 scholasticis

229 2443 523 2527 interpretamentis
544 2444 693 2525 docturo,
718 2443 806 2507 nullo
830 2451 939 2508 tamen
964 2450 1075 2509 nostro
1099 2464 1167 2509 usu.
1186 2445 1192 2476 ¹
1238 2444 1358 2510 contuli
1380 2443 1451 2527 ipse
1472 2442 1588 2509 librum

229 2546 452 2613 liberalissime
473 2546 618 2612 ‘Venetiis
640 2545 683 2609 ad
706 2565 757 2610 me
779 2546 1011 2610 transmissum.

313 2648 378 2713 AB
410 2649 538 2714 codices
565 2654 631 2712 tam
658 2647 780 2712 similes
808 2655 882 2713 sunt
907 2654 944 2712 ut
965 2668 1006 2713 ex
1027 2648 1206 2732 archetypo
1229 2670 1295 2715 non
1318 2651 1390 2733 ipso
1415 2648 1473 2714 sed
1495 2647 1591 2713 inter·

229 2750 364 2816 cedente
385 2750 451 2815 alio
474 2756 628 2833 tanquam
650 2756 786 2832 nepotes
807 2750 956 2833 prognati
979 2750 1184 2816 existimandi
1211 2752 1284 2817 sint.
1328 2749 1513 2818 testimonio
1535 2756 1586 2815 est

228 2855 282 2919 vel
309 2853 389 2918 illud
411 2852 498 2935 quod
520 2853 564 2917 IV
581 2853 655 2916 193
685 2853 715 2914 αἱ
738 2852 888 2936 ἐπιμήκεις
910 2852 1016 2936 spatio
1038 2852 1151 2918 relicto
1174 2854 1324 2919 omittunt
1345 2853 1423 2937 AB,
1446 2853 1585 2918 retinent

118 3035 119 3038 Ἴ
227 2955 378 3037 vulgares
400 2954 483 3019 libri.
527 2954 653 3019 illorum
676 2961 786 3019 autem
813 2960 883 3019 uter
912 2955 976 3020 utri
998 2962 1142 3038 praestet
1167 2955 1298 3023 difficile
1320 2962 1369 3022 est
1390 2955 1488 3020 dietu.
1532 2972 1585 3019 ve·

227 3057 341 3121 tustior
363 3055 549 3138 diligentius
572 3062 621 3122 est
643 3056 825 3139 descriptus
846 3077 906 3122 nec
925 3063 1035 3122 tamen
1056 3056 1099 3120 ab
1113 3056 1364 3140 interpolatione
1380 3056 1477 3140 plane
1492 3053 1584 3137 liber,

225 3159 315 3223 velut
337 3159 435 3222 1v21
459 3168 476 3218 4
503 3158 569 3234 ἕως,
598 3159 685 3223 [94
712 3159 878 3221 dealbetur.
923 3158 1074 3223 Bmulto
1107 3157 1332 3240 neglegentius
1366 3163 1520 3224 exaratus
1551 3162 1584 3221 et

224 3259 511 3344 interpolationum
522 3261 657 3343 plenior.
682 3268 717 3327 at
728 3258 865 3326 feliciter
877 3259 1003 3344 accidit,
1016 3267 1051 3324 ut
1063 3259 1178 3325 eadem
1189 3259 1311 3323 librarii
1324 3259 1507 3343 oscitantia,
1519 3277 1583 3342 qua

224 3362 429 3445 apertissima
453 3363 651 3444 glossemata
673 3383 773 3447 saepe
795 3360 1007 3427 insulsissime
1028 3361 1192 3426 inculcata
1209 3368 1298 3445 sunt,
1320 3361 1406 3428 inter
1426 3361 1584 3443 reliquam

223 3462 403 3528 istiusmodi
425 3463 623 3547 farraginem
646 3466 800 3547 antiquae
827 3464 1002 3529 memoriae
1024 3464 1182 3546 plurimae
1203 3464 1315 3529 variae
1338 3464 1493 3530 lectiones
1515 3461 1583 3529 ieli-

224 3564 351 3629 cissime
368 3574 584 3632 servarentur.
619 3575 718 3650 atque
734 3566 815 3631 haec
832 3572 882 3630 est
898 3565 1029 3649 propria
1044 3565 1201 3632 Marciani
1224 3567 1335 3632 virtus.
1369 3586 1475 3648 neque
1498 3564 1583 3630 enim

223 3668 364 3733 dubitari
388 3676 512 3753 potest,
543 3671 619 3752 quin
637 3669 812 3753 arclmtypi
836 3686 911 3732 oras
933 3668 1091 3751 plurimae
1113 3669 1357 3735 emendationes
1379 3668 1447 3733 sire
1469 3666 1582 3732 variae

222 3769 377 3834 lectiones
399 3771 614 3856 impleverint,
638 3791 722 3854 quae
744 3791 816 3836 cum
839 3769 978 3834 divinari
1000 3790 1065 3834 non
1087 3771 1184 3836 facile
1206 3770 1346 3855 possint,
1368 3790 1408 3835 ex
1431 3769 1580 3853 exemplo

222 3869 386 3951 antiquam
415 3873 569 3956 διόρθωσιν
598 3894 695 3957 passo
727 3871 926 3956 repetendae
957 3879 1040 3935 sunt.
1085 3872 1242 3938 eiusmodi
1274 3871 1430 3937 lectiones
1463 3870 1581 3954 partim

221 3978 300 4036 nota
331 3974 374 4058 ,Ρ
394 3973 568 4056 insignitae
595 3981 756 4060 apparent
782 3973 816 4037 in
844 3973 873 4037 Α
896 3974 950 4037 [3
975 3982 991 4034 2
1023 3979 1140 4060 γνώμην
1168 3974 1208 4040 of.
1232 3992 1329 4057 supra
1356 3993 1386 4056 p.
1402 3973 1437 4056 9,
1465 3972 1481 4036 Ι
1504 3973 1581 4036 124

222 4081 371 4156 corrupto
403 4077 488 4161 φύσει
516 4078 555 4142 ob
590 4079 682 4142 νεύσει
710 4096 823 4142 verum
851 4078 866 4140 ὃ
896 4079 1147 4163 superscriptum
1177 4077 1277 4142 luisse
1305 4096 1346 4141 ex
1377 4074 1406 4139 A
1435 4074 1581 4161 efficitur,

220 4175 318 4239 1321
350 4179 365 4240 ὁ
395 4179 428 4240 δὲ
455 4179 523 4248 θεὸς
550 4185 616 4250 νοῦς
644 4182 704 4244 ἐστι
734 4184 785 4242 τοῦ
814 4178 926 4259 κόσμου
956 4198 997 4243 ex
1026 4180 1197 4245 emendato
1225 4178 1374 4261 exemplo
1401 4176 1484 4242 falso
1507 4179 1579 4244 loco

219 4276 416 4361 adscriptum
440 4287 500 4345 est.
543 4282 678 4363 vulgata
703 4285 887 4363 corruptam
915 4279 1086 4346 lectionem
1115 4279 1175 4344 ἔστι
1202 4282 1235 4344 δὲ
1258 4283 1274 4345 ὁ
1297 4282 1365 4350 debr
1388 4282 1403 4344 ὁ
1426 4285 1492 4350 νοῦς
1520 4300 1579 4346 suo

220 4378 292 4442 loco
322 4387 395 4462 post
421 4383 473 4466 τὴν
501 4382 579 4446 ἰδέαν
607 4382 813 4465 exhibuerat,
842 4381 875 4446 in
902 4382 994 4447 cuius
1020 4382 1123 4448 vicem
1149 4383 1207 4447 illa
1229 4381 1427 4465 postliminio
1455 4381 1578 4447 reduxi.

292 4568 300 4599 ¹
320 4571 402 4633 qualis
417 4573 494 4622 homo
508 4576 584 4623 luerit
596 4574 735 4625 schollasta
753 4588 786 4622 ex
805 4573 854 4622 hoe
872 4573 905 4622 de
918 4574 1033 4638 Epicuro
1052 4570 1152 4634 (131⁸)
1171 4573 1265 4622 iudicio
1284 4573 1432 4636 Intelleges:
1452 4566 1523 4626 οὗτος
1541 4568 1578 4638 μὴ

217 4652 373 4724 προνοεῖσθαι
391 4656 433 4708 τὸν
455 4655 512 4709 tter
539 4663 591 4709 τῶν
617 4657 677 4728 τῇδε
704 4657 857 4727 πραγμάτων
880 4655 999 4716 ἐδόξαζεν.
1028 4655 1100 4715 οὗτος
1121 4655 1192 4715 τέλος
1214 4655 1305 4715 παντὸς
1324 4654 1419 4726 ἀγαθοῦ
1441 4653 1515 4708 ἐτίθει
1533 4655 1580 4724 τὴν

216 4741 315 4810 ἡδονήν.
335 4744 378 4795 καὶ
397 4745 419 4795 ol
438 4747 483 4812 μὲν
502 4744 651 4815 ἐξηγηταὶ
669 4752 731 4797 τῶν
750 4742 926 4814 φιλοσόφων
945 4741 1055 4812 λέγουσιν
1073 4741 1102 4794 eir
1121 4744 1168 4810 τὴν
1186 4742 1341 4814 daddcprer,
1365 4740 1428 4795 ἀλλὰ
1445 4741 1492 4811 τὴν
1509 4757 1579 4812 pocr-

217 4829 337 4898 atordrrp
362 4830 480 4883 ἕνοτασιν.
500 4832 522 4883 ol
545 4831 571 4884 tt
594 4831 723 4902 φιλόσοφοι
746 4837 834 4884 τοῦτον
857 4831 1095 4901 ἀποσκοροιίζουσιν
1118 4829 1153 4888 ὡς
1172 4831 1208 4900 μὴ
1227 4829 1329 4900 λέγοντα
1347 4829 1462 4900 πρόνοιαν
1480 4830 1523 4882 καὶ
1542 4828 1579 4882 ὅτι

215 4911 285 4972 τέλος
304 4914 398 4966 τίθεται
416 4918 462 4986 τὴν
481 4917 572 4987 ἡδονὴν
590 4921 633 4971 καὶ
652 4919 681 4971 ob
700 4919 728 4971 τὸ
747 4919 885 4988 πρώτιστον
904 4919 947 4969 καὶ
965 4917 1040 4984 μόνον
1058 4914 1151 4985 ἀγαθὸν
1169 4914 1228 4988 ὅπερ
1247 4919 1312 4970 ἐστὶν
1330 4917 1343 4970 ὁ
1361 4915 1425 4975 trec.
