3464 5586
184 333 246 395 156
462 335 515 385 xu
550 335 600 384 Du
619 331 828 385 Puuuhucm
846 331 1094 385 STROMATEON
1113 332 1258 384 ECLOGA

184 502 288 566 detur.
333 502 391 566 scd
418 502 470 565 hic
496 521 623 584 quoque
648 508 684 564 ut
714 498 812 566 ceteri
840 505 987 564 recentes
1017 498 1088 563 libri
1123 500 1262 584 pessime
1295 499 1436 582 corrupti
1469 504 1545 564 sunt

184 604 415 687 compendiosa
436 603 594 686 scriptura
617 603 733 667 stolide
758 600 895 683 decepti.
941 601 1131 683 praesertim
1159 607 1305 667 extrema
1326 599 1487 666 uocabula
1508 607 1544 667 nt

185 705 253 770 ficri
277 707 360 772 solet
382 715 533 789 corrupta
554 725 660 788 neque
681 704 854 787 quidquam
878 700 930 766 bic
952 701 1115 768 codicibus
1138 711 1187 769 est
1208 703 1292 769 fidei.

263 809 398 873 Praeter
413 829 503 891 spem
517 807 681 890 egregium
695 811 833 870 nanctus
848 824 918 868 sum
933 803 1180 869 instrumentum
1196 804 1361 871 Cedroni
1377 811 1542 888 excerpta,

183 929 266 990 quae
301 910 353 975 vel
390 909 529 994 Roeperi
560 908 746 974 memoriam
779 908 968 988 effugerunt.
1018 907 1157 990 scriptor
1187 926 1272 973 saec.
1302 907 1350 971 XI
1378 906 1543 990 ceteroqui

183 1011 389 1076 stultissimus
420 1010 453 1075 in
482 1010 592 1074 histor.
622 1030 725 1093 comp.
749 1010 765 1074 Ι
787 1030 818 1092 ρ.
836 1010 899 1074 275
911 1027 980 1091 sqq.
1010 1007 1112 1073 Bonn.
1161 1009 1322 1074 succincte
1350 1015 1383 1074 et
1410 1008 1544 1075 liberius

185 1111 502 1196 Philosophumenon
532 1112 656 1195 aliquot
682 1112 791 1194 capita
822 1110 1019 1195 compilavit.
1064 1109 1228 1176 admixtae
1250 1116 1325 1175 sunt
1346 1111 1480 1194 eclogae
1502 1132 1544 1178 ex

184 1212 287 1278 Suida
308 1215 428 1295 petitae
450 1215 539 1279 velut
560 1214 595 1278 in
617 1214 813 1296 Empedoole
843 1213 1086 1278 Anaximandro
1109 1212 1319 1296 Anaxagora,
1342 1213 1401 1279 sed
1422 1213 1544 1298 Hippo

184 1314 273 1397 lytea
296 1316 383 1380 nullo
405 1315 537 1400 negotio
560 1315 761 1381 dirimuntur.
807 1316 918 1381 codice
946 1335 1023 1379 usus
1048 1321 1099 1381 est
1125 1312 1308 1397 cedrenus,
1338 1322 1373 1379 ut
1397 1335 1458 1399 par
1482 1323 1543 1399 est,

184 1417 286 1481 multo
310 1416 527 1500 castigatiore.
571 1416 657 1482 unde
686 1417 790 1482 facilis
820 1424 870 1483 est
897 1417 1093 1501 coniectura,
1117 1421 1271 1499 quantum
1292 1417 1470 1483 vetustiore
1493 1438 1544 1483 co·

183 1517 254 1582 dice
289 1526 417 1602 reperto
440 1518 614 1602 profecturi
640 1519 749 1584 simus.
792 1521 919 1586 interea
941 1519 1031 1584 iuvat
1052 1519 1139 1583 illius
1162 1524 1285 1582 curtam
1308 1519 1542 1603 supellectilem

186 1620 282 1702 aequi
305 1620 443 1703 bonique
466 1622 643 1686 consulere.
678 1629 931 1688 consentaneum
954 1627 1003 1686 est
1024 1621 1123 1686 etiam
1139 1618 1278 1685 Cedreni
1300 1620 1443 1686 codicem
1466 1641 1544 1705 pau·

182 1721 228 1786 cis
252 1723 331 1786 loeis
353 1722 542 1787 mendosum
565 1722 683 1807 fuisse,
711 1723 827 1805 quibus
849 1723 948 1813 mirus
970 1741 1070 1806 saepe
1091 1742 1163 1787 cum
1186 1721 1380 1787 Taurinensi
1403 1723 1545 1789 cernitur

183 1843 368 1889 consensus.
413 1844 476 1889 uno
506 1825 576 1889 loco
604 1824 712 1891 labem
738 1844 797 1908 per
818 1825 950 1890 saecula
971 1824 1159 1907 gliscentem
1181 1830 1214 1890 et
1236 1831 1365 1889 auctam
1388 1830 1542 1908 tanquam

183 1926 284 1990 oculis
311 1925 467 1991 videmus.
513 1929 568 1991 64
596 1927 638 1993 de
659 1926 904 1991 Anaximandro
930 1928 967 1991 τά
995 1927 1028 1990 δὲ
1049 1926 1140 2010 ἄστρα
1162 1926 1291 2008 γίνεσθαι
1314 1928 1419 1992 κύκλον
1441 1931 1542 2012 πυρός,

182 2029 376 2111 ἀποκριθέντα
404 2033 455 2091 τοῦ
479 2030 553 2093 κατὰ
575 2031 623 2092 τὸν
647 2030 756 2110 κόσμον
779 2028 886 2111 πυρός,
914 2028 1128 2113 περιληφθέντα
1156 2028 1186 2091 δ’
1210 2029 1267 2092 ὑπὸ
1290 2029 1385 2113 ἀέρος.
1418 2030 1543 2100 ἐκπνοὰς

182 2130 209 2192 δ’
226 2130 348 2213 ὑπάρξαι
369 2131 497 2201 τόπους
518 2133 614 2202 τινὰς
637 2132 808 2215 ἀερώδεις
830 2131 910 2193 καθ’
934 2131 994 2200 οὓς
1016 2131 1183 2214 φαίνεται
1205 2131 1246 2194 τά
1267 2130 1391 2215 ἄστρα.
1423 2130 1544 2196 Anaxi·

183 2231 375 2296 mandream
391 2231 570 2297 doctrinam
586 2234 799 2298 adulteratam
816 2250 898 2314 esse,
920 2252 985 2296 non
1001 2229 1190 2314 infitiabore,
1213 2231 1240 2296 si
1256 2232 1438 2298 memineris
1458 2252 1544 2316 qnae

182 2353 280 2416 supra
303 2333 437 2415 exposui
461 2354 492 2416 p.
509 2336 561 2399 25.
599 2353 706 2416 neque
726 2335 893 2415 Rooperus
915 2333 1057 2416 negavit,
1080 2333 1135 2415 qui
1157 2332 1302 2398 traiectis
1323 2333 1431 2399 verbis
1453 2336 1542 2419 ὑπάρ

182 2436 224 2504 tou
250 2436 328 2504 τινὰς
357 2437 494 2519 ἀερώδεις
517 2437 583 2499 καθ’
607 2437 656 2505 οὓς
677 2437 784 2505 τόπους
806 2437 936 2520 φαίνεται
958 2435 1075 2499 vulnus
1101 2440 1313 2517 suppuratum
1336 2435 1455 2502 colavit
1476 2457 1542 2502 non

183 2537 321 2601 sanavit.
356 2556 430 2601 nam
454 2540 592 2621 ἀερώδεις
614 2539 703 2602 nullo
725 2544 821 2620 pacto
844 2557 915 2602 oum
931 2537 1034 2619 igneis
1056 2535 1239 2601 flaminibus
1261 2535 1434 2601 conciliare
1456 2537 1542 2604 licet.

181 2640 311 2702 conlata
338 2642 358 2719 ὅ
378 2640 398 2703 5
425 2640 504 2722 παρά
531 2642 582 2723 τὴν
610 2647 668 2703 τῶν
691 2642 789 2724 πόρων
812 2639 960 2724 ἀπόφραξιν
988 2644 1021 2703 et
1043 2637 1327 2703 Placitis11201
1360 2639 1435 2703 251
1465 2638 1542 2704 olim

181 2740 305 2805 restitui
329 2742 450 2826 ὑπάρξαι
477 2742 607 2825 πόρους
629 2742 706 2811 τινάς
727 2742 920 2818 αὐλώδεις,
949 2747 985 2804 ut
1012 2746 1177 2825 πρηστῆρος
1198 2741 1282 2804 αὐλοὶ
1303 2740 1542 2823 quodammodo

181 2826 451 2924 significarentur.
488 2843 671 2908 emendatio
694 2863 760 2908 non
783 2850 857 2925 eget
880 2841 1131 2908 confirmatione.
1154 2847 1264 2907 tamen
1286 2862 1352 2908 non
1375 2842 1444 2908 sine
1466 2861 1544 2927 gau·

181 2944 235 3009 dio
266 2945 329 3028 legi
353 2945 491 3011 Cedreni
520 2946 690 3011 lectionem
715 2947 844 3031 πόρους
870 2946 947 3015 τινὰς
969 2945 1145 3030 αὐρώδεις
1175 2963 1240 3027 qua
1264 2945 1355 3010 velut
1376 2951 1476 3028 ponte
1497 2945 1542 3010 ad

182 3067 293 3111 verum
317 3054 529 3112 transeamus.
563 3046 867 3130 Philosophumenis
882 3046 1080 3130 prooemium
1104 3047 1252 3129 pauculin
1275 3046 1427 3113 correctis
1448 3048 1542 3113 nulla

179 3154 295 3212 tamen
318 3148 530 3215 adnotatione
552 3149 681 3214 adiecta
702 3148 886 3233 praeposui.

467 3438 527 3493 ΧΠ
562 3439 611 3494 DE
630 3437 839 3496 Pnunlaoul
856 3436 1094 3497 suaoml‘uou
1112 3437 1252 3499 nadal

265 3624 429 3692 Plutarchi
457 3625 665 3694 Stromateon
691 3627 921 3712 fragmentum,
950 3626 1038 3709 quod
1068 3645 1109 3693 ex
1131 3627 1262 3695 Eusebii
1284 3628 1542 3713 Praeparatione

184 3728 453 3811 evangelica18
482 3748 626 3795 seorsum
655 3729 887 3815 expressimus,
914 3727 1104 3795 nobilissimi
1132 3728 1297 3813 scriptoris
1323 3750 1442 3797 nomen
1471 3730 1543 3797 sine

182 3829 279 3896 dubio
303 3828 486 3896 ementitur.
520 3838 553 3896 et
574 3851 595 3896 a
616 3832 654 3896 R.
678 3831 808 3914 quidem
830 3831 1037 3899 Volkmanno
1057 3830 1222 3896 Plutarchi
1244 3831 1423 3917 biographo
1446 3833 1542 3899 1169

179 3952 286 3998 rerum
309 3931 440 3997 exilitas
463 3932 652 4016 formaeque
679 3934 863 4021 scabrities,
890 3954 974 4017 quae
1000 3933 1034 3998 in
1062 3930 1174 3997 blandi
1196 3932 1379 4018 frequentia
1400 3933 1542 4001 maxime

180 4033 385 4118 conspicitur,
408 4033 532 4099 fraudis
551 4033 671 4100 indicia
687 4036 865 4102 afferuntur
880 4033 1095 4120 apertissima.
1127 4054 1188 4100 nec
1211 4037 1329 4102 multos
1351 4035 1421 4101 fore
1443 4035 1541 4101 credo

181 4135 235 4219 qui
262 4136 489 4220 necopinatum
516 4135 603 4201 illius
630 4138 844 4222 patrocinium
870 4137 1034 4220 suscipere
1064 4135 1167 4203 velint
1192 4136 1255 4203 nisi
1277 4137 1361 4204 sorte
1383 4155 1542 4203 commen-

179 4239 296 4304 tarium
319 4238 602 4305 comminiscuntur
616 4239 659 4305 ab
675 4240 919 4306 adulescentulo
935 4237 1109 4304 Plutarcho
1132 4238 1166 4304 in
1188 4239 1308 4305 scholis
1324 4237 1542 4306 conscribilla-

179 4346 262 4425 tum,
292 4348 358 4407 tum
385 4341 496 4407 nescio
524 4361 586 4425 quo
615 4348 711 4425 pacto
740 4340 774 4405 in
801 4340 941 4407 medium
969 4347 1084 4424 postea
1112 4342 1283 4426 prolatum.
1319 4341 1422 4408 oratio
1452 4346 1542 4408 certe

181 4443 357 4510 scholicum
373 4443 474 4510 babet
488 4462 639 4527 saporem
654 4462 696 4509 ne
710 4442 817 4509 dicam
832 4440 998 4528 puerilem,
1020 4449 1056 4508 ut
1070 4462 1154 4527 quae
1176 4443 1209 4509 in
1232 4444 1347 4510 eodem
1368 4442 1542 4510 verborum

180 4564 261 4629 gyro
283 4553 439 4632 versetur,
463 4553 624 4629 quatenus
646 4543 866 4629 compilatoris
889 4563 955 4609 non
976 4543 1129 4627 descripti
1151 4545 1347 4631 exemplaris
1370 4546 1453 4612 est.¹
1479 4564 1540 4610 nec

252 4733 259 4764 ¹
279 4739 423 4802 exemplum
442 4747 497 4788 esto
517 4736 579 4799 §42
599 4735 761 4804 ἀποφαίνεται
779 4733 805 4787 δὲ
824 4734 867 4787 καὶ
881 4763 913 4771 -
927 4734 1088 4804 ἀποφαίνεται
1106 4733 1133 4785 tl
1151 4736 1194 4786 καὶ
1208 4763 1240 4772 -
1254 4736 1315 4805 φησι
1332 4734 1359 4788 ct
1377 4735 1421 4788 καὶ
1434 4763 1467 4773 -
1480 4734 1541 4786 ἀπο-

180 4820 290 4888 φαίνεται
309 4820 334 4873 δὲ
353 4825 396 4874 καὶ
416 4853 447 4860 -
467 4823 630 4890 ἀποφαίνεται
648 4820 674 4873 δὲ
693 4821 744 4874 καί.
781 4826 872 4873 nimius
892 4832 930 4873 est
948 4825 975 4873 in
994 4837 1057 4873 voce
1076 4818 1187 4874 καθόλου
1206 4823 1234 4887 ἐξ
1248 4822 1273 4875 2.
1286 4826 1312 4876 4.
1324 4824 1339 4876 7
1353 4824 1400 4875 bis.
1416 4823 1457 4876 ll.
1487 4826 1540 4874 ein·

179 4911 267 4972 gulare
286 4920 325 4960 est
342 4908 409 4977 μάλα
427 4911 468 4976 §2
487 4909 555 4979 μάλα
573 4907 691 4962 πλατεῖαν
709 4919 736 4962 et
755 4907 811 4977 μαλ’
832 4908 930 4978 ἱκανήν.
