3464 5586
181 325 245 412 ‚¹⁷4
547 324 614 374 xnv
649 324 699 374 nn
718 322 934 375 conrnumo
952 323 1176 375 nusnnmua

179 500 277 558 staret
304 491 457 556 similibus
477 494 559 554 inter
579 508 614 553 σε
631 492 799 571 particulis
818 511 923 554 rerum
949 496 1083 556 actuum
1110 493 1221 575 quilm
1246 494 1313 556 suis
1341 502 1371 556 ct
1399 497 1540 578 propriis

177 596 302 678 eopia
321 596 392 675 fieri
412 594 469 658 aad
490 595 595 658 auimo
615 593 751 673 lactente
773 594 888 657 dicim.

264 700 447 780 Diouem
469 715 590 779 quoque
611 696 815 759 Acaaimouir
835 696 915 759 altor
937 698 1063 761 audior
1085 717 1187 761 auara
1203 699 1325 781 quidem
1338 700 1421 763 dicit
1434 720 1540 766 mura

179 803 430 867 aromatarium
452 800 490 863 de
512 818 574 883 qua
595 801 848 880 cruciatorum
875 799 941 861 scd
967 820 1044 863 oum
1066 820 1146 874 erra
1168 810 1364 881 compotem
1386 803 1541 870 dioiuac

179 907 347 970 rationis
367 905 448 967 riae
470 921 545 984 qua
564 901 663 964 nihil
683 922 732 964 aa
753 920 795 965 co
815 902 907 982 sieri
927 912 1064 983 posset.

265 1008 517 1086 Aoaaayorae
537 1005 686 1069 οαοσεεεὶῑ
707 1006 834 1068 auditor
854 1007 921 1067 eius
943 1007 1163 1071 Archelaus.
1197 1009 1287 1070 ctiam
1309 1009 1377 1088 ipre
1398 1009 1437 1072 dc
1456 1030 1541 1092 par-

181 1112 285 1175 ticulis
307 1113 388 1173 iuter
409 1128 443 1173 so
463 1108 616 1172 similibus
639 1107 748 1189 quilm
769 1109 894 1188 siupula
917 1128 1055 1191 quaeque
1075 1112 1183 1191 fierem
1203 1112 1248 1173 ita
1261 1113 1382 1191 putauit
1396 1121 1543 1178 corutara

181 1217 287 1280 omnia
300 1222 334 1277 ut
347 1215 448 1276 inesse
461 1213 555 1276 etiam
568 1219 695 1274 meatem
709 1210 826 1274 diceret
840 1230 920 1293 quac
941 1229 1079 1291 corporo
1101 1220 1227 1276 aetorm
1248 1213 1285 1275 id
1305 1222 1351 1277 cut
1371 1216 1446 1280 illas
1459 1237 1542 1299 par-

179 1318 292 1382 ticulas
307 1315 519 1397 οοπὸαπρσαόο
535 1323 564 1378 ct
578 1313 763 1394 dissipando
779 1323 882 1395 operat
903 1316 1018 1378 omnio.
1052 1313 1076 1376 S
1081 1324 1233 1379 acratas
1253 1316 1345 1379 huius
1366 1317 1542 1400 discipulus

177 1423 277 1503 [uisse
288 1419 465 1501 perhibetur
477 1420 624 1500 mactator
639 1417 810 1480 Platonis
821 1427 950 1498 proptor
966 1437 1053 1500 ρνσνν
1067 1418 1200 1480 breviter
1214 1428 1327 1482 cuncta
1340 1422 1397 1484 iste
1410 1424 1540 1487 recolui.

265 1520 336 1589 Etsi
357 1540 398 1587 ex
420 1519 601 1605 biographo
623 1518 707 1585 haec
728 1518 910 1585 Ionicarum
932 1518 1093 1584 successio
1115 1518 1260 1586 delibata
1281 1527 1340 1606 est,
1363 1521 1540 1604 quodcum

180 1624 335 1690 aliatum
357 1623 415 1688 illa
435 1621 478 1690 de
500 1622 648 1706 Diogene
669 1622 875 1686 Auaalmoais
896 1623 977 1686 aher
999 1623 1126 1687 auditor
1147 1619 1198 1708 [cf.
1215 1620 1352 1690 Kirsche
1373 1623 1447 1712 167]
1469 1646 1544 1693 sua·

181 1726 271 1810 dent,
293 1731 402 1792 tamen
424 1744 491 1791 non
512 1723 573 1791 fuit
593 1723 650 1791 ille
670 1723 815 1807 vulgara
836 1723 1036 1791 eruditionis.
1068 1724 1159 1790 velut
1179 1724 1221 1789 de
1235 1723 1479 1795 Anaximandro
1493 1730 1542 1796 sic

182 1827 325 1912 loquitur
346 1833 381 1892 ut
395 1827 613 1910 Anaxagoran
634 1824 729 1891 simul
752 1824 917 1893 obversari
938 1826 1120 1892 videantur.
1153 1845 1229 1892 nam
1249 1831 1409 1912 ρνὶποίρὶα
1430 1834 1543 1916 rupu-

182 1934 281 1996 lorum
306 1932 443 2013 inficta,
470 1950 538 1995 non
562 1931 715 2012 intumos
746 1927 871 2013 posuit,
897 1928 984 2012 quod
1014 1926 1274 2012 Theophrastum
1303 1930 1542 2013 quodammodo

180 2033 360 2120 praeivisse
381 2032 472 2099 dieas
493 2031 533 2099 ol.
555 2030 632 2096 ind
658 2031 779 2114 [chler
799 2029 834 2096 1⁴
856 2029 962 2113 193¹}
993 2035 1091 2113 atque
1123 2030 1271 2113 proxima
1302 2035 1544 2103 immorabitur

181 2139 312 2203 mundos
339 2138 465 2218 ρὶρνιονσ
490 2135 588 2218 [Plnt.
611 2131 729 2198 Soron.
752 2135 773 2199 2
798 2134 867 2205 τοὺς
899 2134 1029 2203 ἅπαντας
1055 2132 1191 2217 ἀπείρους
1222 2131 1306 2205 όντας
1342 2136 1484 2223 κόσμους]
1513 2150 1544 2205 at

181 2258 389 2324 quaecumque
415 2239 448 2300 ia
477 2239 522 2300 cis
548 2238 693 2300 amantur
719 2235 895 2320 [Theophr.
917 2235 992 2301 suh
1014 2233 1182 2317 Hippol.6
1202 2245 1214 2296 l
1237 2237 1305 2306 τοὺς
1332 2237 1472 2323 οὐρανοὺς
1493 2245 1543 2308 sal

180 2343 247 2412 τοὺς
275 2342 307 2405 ἐν
335 2339 434 2410 αὐτοῖς
460 2339 600 2422 κόσμους]
626 2357 739 2420 cosque
767 2339 898 2404 mundos
927 2339 1020 2402 modo
1046 2338 1177 2400 dissolri
1202 2339 1294 2402 modo
1321 2342 1432 2406 ttaucs
1457 2347 1545 2427 pipat

183 2444 267 2528 [Aac
288 2444 377 2509 133
399 2442 445 2506 διὸ
471 2441 520 2505 καὶ
541 2441 695 2524 γεννᾶσθαι
722 2440 858 2525 ἀπείρους
885 2442 1012 2524 κόσμους
1038 2441 1085 2503 καὶ
1108 2441 1194 2503 πολιν
1215 2441 1402 2527 φθείρεσθαι]
1426 2458 1545 2529 quauta
1596 2488 1599 2493 -

181 2550 309 2631 quisqrro
328 2553 429 2610 aetate
442 2564 503 2607 sua
516 2563 641 2608 marrae
654 2545 789 2625 potuerit
806 2542 982 2628 [Theophr.
998 2542 1037 2607 lr.
1049 2544 1069 2606 2
1085 2542 1160 2607 κατὰ
1172 2544 1226 2627 τὴν
1240 2547 1293 2607 τοῦ
1307 2545 1415 2629 χρόνοο
1428 2550 1521 2634 τάξιν]
1534 2552 1542 2584 ¹

181 2647 429 2734 Theophrastus
459 2646 568 2711 colore
594 2644 641 2710 ita
669 2644 771 2710 tincta
798 2651 885 2731 sunt,
920 2653 957 2710 ut
983 2643 1074 2727 origo
1101 2645 1191 2709 nullo
1218 2646 1314 2711 modo
1342 2648 1442 2717 dubia
1469 2674 1545 2721 esse

180 2750 293 2836 possit.
337 2746 587 2814 Anaximenis
608 2746 789 2814 doctrinam
811 2768 873 2812 uos
895 2760 996 2812 tameo
1022 2748 1062 2811 alt
1084 2750 1161 2829 ipsis
1182 2748 1404 2832 [deis]'aereu
1424 2736 1573 2835 [σπη’

180 2855 237 2917 red
257 2856 345 2935 ipsos
366 2872 406 2915 oc
427 2871 501 2915 aare
522 2860 609 2916 ortos
630 2852 763 2914 aedidit
786 2869 975 2935 comparare
1001 2850 1077 2917 lieet
1098 2869 1170 2916 eum
1192 2850 1323 2935 Hippol.
1343 2855 1359 2919 I
1379 2856 1397 2920 l
1419 2868 1432 2915 1
1455 2857 1486 2927 tt
1507 2857 1544 2923 ei

181 2956 284 3039 [aare]
298 2956 336 3019 τὰ
347 2954 483 3038 γινόμενα
496 2954 546 3018 καὶ
561 2953 597 3018 τὰ
611 2954 748 3038 γεγονότα
762 2953 812 3018 καὶ
830 2954 868 3018 τὰ
881 2954 1006 3039 ἐσόμενα
1025 2954 1074 3017 καὶ
1091 2953 1179 3024 haohe
1193 2955 1242 3019 acl
1257 2955 1325 3020 haia
1339 2955 1480 3041 γίνεσθαι.
1500 2956 1546 3024 do

182 3057 244 3124 deo
259 3077 281 3123 a
295 3056 474 3139 Diogene
489 3054 657 3141 proposito
673 3054 739 3120 dixi
754 3055 828 3121 Jen.
840 3054 1029 3122 Literaturn.
1046 3057 1130 3123 1878
1144 3058 1206 3141 pil
1221 3056 1260 3124 ol.
1272 3057 1410 3124 Krische
1424 3078 1459 3142 p.
1470 3059 1545 3126 lto.

180 3161 276 3225 deum
291 3166 470 3225 creatorem
486 3158 585 3224 etiam
597 3157 814 3240 Anaxagorae
829 3164 862 3223 et
875 3157 1036 3224 Archelao
1051 3158 1163 3225 tribuit
1178 3178 1250 3224 cum
1264 3180 1398 3242 quornm
1414 3160 1546 3245 placitis

180 3260 395 3329 conferendus
417 3265 468 3327 est
482 3260 670 3327 Alexander
691 3259 734 3325 de
756 3258 844 3326 mixt.
867 3282 899 3345 p.
918 3261 1053 3325 1401219
1077 3260 1104 3324 ot
1127 3262 1161 3324 a
1182 3261 1278 3326 αὐτῶν
1301 3261 1335 3325 οὐ
1358 3261 1417 3325 aad
1437 3263 1545 3332 ἄλλους

180 3364 214 3446 [l.
238 3363 292 3428 οὐκ
313 3362 464 3447 ἀτόμονς],
487 3363 685 3447 ὁμοιομερῆ
708 3361 741 3425 δέ
761 3365 825 3427 τινά
845 3385 932 3449 φασιν
955 3363 1060 3447 ἄπειρα
1082 3361 1155 3427 εἶναι
1177 3366 1310 3444 σώματα,
1332 3361 1362 3432 ἐξ
1384 3363 1426 3425 ὧν
1448 3364 1546 3446 ἡτῶν

179 3466 329 3551 αἰσθητῶν
355 3466 463 3550 γένεσις
491 3465 636 3546 σωμάτων
663 3464 797 3547 γινομένη
825 3466 900 3529 κατὰ
929 3466 1073 3550 σόγκρισιν
1095 3465 1144 3528 καὶ
1167 3465 1312 3529 σύνθεσιν.
1350 3463 1427 3529 inde
1452 3470 1547 3547 patet

178 3566 395 3650 Augustinum
415 3565 466 3632 bis
486 3567 523 3630 τὰ
546 3568 707 3650 ὁμοιομερῆ
730 3563 813 3631 falso
835 3569 1001 3646 particulis
1022 3570 1103 3631 iuter
1124 3586 1158 3629 re
1177 3565 1331 3630 statuas
1352 3564 1546 3652 reddidisse,

179 3689 251 3735 cum
274 3676 361 3737 reete
383 3670 566 3752 ἀνομογονεῖς
587 3666 640 3737 τὰς
661 3668 756 3752 ἀρχὰς
777 3666 906 3733 illorum
927 3667 1015 3733 dicat
1037 3667 1180 3752 Simplic.
1196 3668 1289 3754 phys.
1305 3667 1329 3733 t.
1345 3668 1384 3732 Ἰ·
1399 3668 1430 3733 2.
1456 3667 1547 3737 unde

106 3814 109 3819 ,
178 3770 306 3838 Zellero
328 3771 363 3837 Ι*
380 3771 445 3837 880
471 3769 690 3846 dirrhailr'hur,
722 3787 807 3852 quae
834 3776 885 3836 est
909 3769 1052 3837 deterior
1081 3771 1194 3856 lectio,
1227 3768 1358 3855 placuit
1407 3775 1442 3835 at
1471 3789 1546 3836 cum

179 3872 314 3940 iteretur
335 3894 425 3942 error
447 3880 480 3940 et
495 3869 661 3938 Ciceronis
682 3890 803 3954 magna
824 3873 913 3957 apud
927 3873 1141 3956 Augustinnm
1163 3872 1357 3939 auctoritate
1371 3879 1547 3939 excusetur

179 3973 233 4057 [cf.
256 3996 288 4059 p.
305 3975 399 4059 120¹]
423 3974 445 4060 ¹,
474 3994 517 4041 ne
538 3972 660 4038 frustra
683 3973 740 4039 ille
764 3973 861 4040 luerit
888 3994 1012 4041 vereor.
1056 3981 1181 4041 tantum
1207 3975 1249 4041 de
1271 3973 1361 4039 hisce
1383 3973 1547 4058 excerptis

179 4077 442 4162 compendiariis,
471 4096 557 4161 quaa
584 4082 620 4142 ut
646 4082 722 4142 sunt
748 4075 940 4160 scriptorum
968 4077 1131 4144 erroribus
1159 4075 1411 4159 haudquaquam
1440 4075 1546 4162 liberi,

179 4184 289 4246 tamen
312 4179 528 4264 Theophrasti
550 4177 778 4244 auctoritatem
801 4198 843 4245 ne
864 4177 922 4244 illa
943 4178 1073 4263 quidem
1095 4177 1299 4246 dissimulare
1322 4185 1454 4262 queunt

253 4385 260 4415 ¹
279 4388 362 4437 latina
379 4386 539 4438 subobscura
556 4393 624 4435 sunt.
661 4400 722 4436 nam
740 4400 799 4434 sua
821 4384 860 4448 (ut
877 4386 946 4437 iufra
963 4384 1017 4436 suia
1036 4391 1062 4435 ut
1076 4383 1204 4448 propriis)
1221 4384 1391 4449 premendum
1414 4388 1547 4449 autquasi

180 4486 300 4536 gracum
322 4469 459 4542 hpsaptvou
477 4468 566 4539 χρόνον
585 4474 698 4523 vomuit.
725 4487 772 4523 noc
790 4488 895 4538 possum
914 4473 1015 4523 Zallero
1033 4468 1065 4522 1⁴
1079 4467 1146 4522 215¹
1165 4485 1217 4522 uon
1237 4471 1357 4535 obloqui,
1384 4474 1428 4535 qui
1446 4471 1546 4525 Demo·

180 4561 272 4609 eniteas
290 4559 443 4610 mundorum
466 4559 606 4609 infinitates
629 4558 769 4623 significari
793 4560 883 4610 credit.
918 4559 964 4609 aad
986 4561 1141 4623 interpretor
1165 4556 1266 4625 infiniti
1289 4565 1351 4608 suat
1374 4556 1470 4607 mundi
1492 4556 1547 4609 alio

180 4643 270 4708 οἱᾰαον,
289 4653 390 4710 quanta
408 4644 502 4712 cuique
520 4653 595 4696 aetas
614 4659 734 4697 οοασεσνσ
753 4654 800 4707 ert,
818 4644 972 4709 recipiente.
996 4645 1060 4694 haec
1079 4645 1147 4693 enim
1166 4653 1205 4694 est
1222 4643 1436 4695 Anaximandrea
1455 4647 1546 4711 opinio

179 4729 218 4782 ῐνα
236 4731 253 4801 ἡ
271 4731 363 4800 ulutate
381 4729 417 4801 μὴ
437 4729 550 4801 ἐπιλείπῃ
570 4734 602 4783 cl.
621 4734 705 4783 Zeller
723 4735 740 4783 l.
758 4749 780 4783 c.
800 4730 877 4786 214⁸.

249 4814 411 4870 'Ciceronis
437 4820 549 4870 studium
571 4836 627 4869 cnm
651 4820 704 4870 alla
730 4821 799 4869 illius
828 4821 919 4871 indicis
944 4825 997 4867 tum
1024 4817 1191 4882 Pythagoraa
1214 4817 1325 4880 probant
1349 4835 1416 4882 qnae
1438 4820 1546 4872 Tuscul.

180 4902 256 4955 var
274 4908 399 4956 nituntur.
