3464 5586
180 304 242 368 104
392 305 457 354 VIII
493 305 543 354 DE
562 300 818 355 THEOPHRASTI
837 301 1071 352 PHYSICORUM
1090 301 1326 353 OPINIONIBUS

178 475 287 540 aliena
312 472 520 540 immiscuerit
546 492 589 538 au
615 468 765 538 librarius
786 468 984 553 Xenophani
1013 469 1221 553 praecedenti
1245 470 1432 537 concinnius
1453 471 1540 555 prin·

179 576 296 661 cipium
324 576 522 643 formaverit.
572 575 816 659 Tbeophrastus
841 572 939 656 igitur
963 571 1034 655 ipse
1059 572 1298 657 Xenophanem
1322 594 1394 639 cum
1420 574 1540 640 Anaxi·

179 680 305 745 mandri
327 680 396 747 sive
418 686 529 746 aetate
543 716 585 726 —
599 683 635 743 ut
658 676 749 743 Sotio
764 677 872 742 Laert.
888 675 936 739 IX
952 674 993 740 18
1015 675 1076 738 κατ’
1101 674 1324 762 Ἀναξίμανδρον
1347 675 1383 761 ἧν
1406 676 1540 742 —sivo

179 782 329 847 doctrina
351 781 402 870 [cf.
426 781 587 850 Susemihl
610 780 770 863 Philolog.
792 779 870 844 Ann.
894 777 955 843 VH
978 776 1052 864 299]
1074 779 1294 864 composuisse
1315 779 1457 865 videtur,
1480 780 1540 846 sed

179 884 221 950 de
245 884 401 951 hocloco
424 886 535 952 videro
557 882 700 949 iuferius.

265 987 314 1051 Ex
343 987 468 1071 integro
494 987 536 1053 de
562 985 774 1071 Physicorum
798 978 1003 1069 opinionibus
1025 985 1188 1052 volumine
1215 993 1371 1070 excerpta
1396 1004 1468 1051 esse
1495 984 1541 1051 vi·

180 1089 306 1173 dentur,
330 1110 413 1173 outae
434 1088 619 1156 Aristotelis
641 1089 835 1173 interpretes
856 1088 997 1154 tradunt.
1040 1086 1125 1153 inter
1152 1109 1233 1170 quos
1254 1088 1394 1173 plurima
1415 1093 1448 1153 et
1469 1107 1541 1170 gra·

180 1191 314 1257 vissima
325 1192 508 1275 fragmenta
519 1190 783 1275 Simpliciussive
794 1191 865 1274 ipse
876 1189 1037 1273 excerpsit
1048 1190 1117 1257 sive
1128 1198 1282 1274 excerpta
1296 1191 1339 1257 ab
1353 1189 1540 1256 Alexandro

180 1295 353 1360 transtulit.
388 1295 441 1378 qui
464 1294 541 1377 quia
554 1293 739 1360 Aristotelis
754 1292 895 1378 Physica
917 1292 1135 1374 explicaturus
1153 1292 1309 1379 plurimus
1324 1292 1423 1359 estin
1438 1292 1542 1359 Theo·

181 1397 304 1479 phrasti
338 1396 411 1463 libri
441 1395 605 1480 laudibus,
639 1395 747 1461 multis
773 1395 866 1479 locis,
896 1394 993 1460 etiam
1025 1394 1072 1459 eis
1102 1396 1217 1479 quibus
1255 1416 1320 1460 non
1346 1394 1541 1479 nominatur,

182 1498 375 1582 Opinionum
398 1498 537 1582 vestigia
558 1497 714 1581 adgnovit
736 1498 795 1564 Ch.
810 1498 849 1562 A.
866 1495 1055 1561 andisius
1077 1505 1202 1581 quaest.
1217 1499 1323 1565 Eleat.
1345 1519 1375 1581 p.
1393 1499 1433 1563 17
1456 1516 1542 1563 eum-

181 1622 244 1684 que
271 1609 400 1668 secutus
429 1601 462 1666 in
490 1600 657 1667 Analectis
686 1599 940 1687 Theophrasteis
968 1599 1007 1663 H.
1038 1599 1212 1667 Usenerus.
1257 1601 1373 1666 horum
1398 1600 1541 1665 vivomm

181 1703 298 1769 iudicio
322 1705 382 1771 etsi
404 1725 469 1770 non
492 1703 573 1768 nulli
593 1702 747 1786 refragati
770 1709 845 1768 sunt
866 1702 953 1769 baud
976 1724 1027 1770 me
1048 1703 1208 1789 paenituit
1230 1702 1442 1770 subscribere.
1465 1722 1540 1769 nam

181 1829 244 1889 quo
271 1806 377 1872 acrius
398 1807 431 1871 in
454 1804 639 1871 interiorem
662 1805 878 1889 Theophrasti
900 1804 1151 1872 familiaritatem
1179 1827 1230 1873 me
1256 1806 1472 1889 insinuarem,
1499 1825 1539 1871 eo

182 1909 285 1990 magis
307 1909 434 1975 illorum
459 1907 641 1991 opinionem
664 1907 884 1974 confirmatam
899 1907 1058 1974 videbam.
1092 1916 1345 1975 consentaneum
1367 1915 1418 1974 est
1435 1926 1541 1992 pauca

182 2011 288 2075 minus
309 2016 396 2076 recte
420 2010 603 2095 observata,
626 2013 721 2094 plura
743 2008 841 2075 dubia
862 2029 944 2075 esse.
979 2031 1057 2094 ergo
1078 2031 1120 2077 ne
1142 2011 1219 2095 qnid
1237 2031 1291 2078 me
1304 2010 1407 2076 invito
1422 2009 1541 2077 erroris

182 2113 312 2180 lecturis
346 2112 594 2179 subnasceretnr
621 2113 869 2197 Theophrastus
901 2119 990 2178 certa
1021 2121 1078 2180 aut
1103 2113 1270 2180 verisimili
1295 2112 1542 2179 ratiocinatione

182 2216 317 2298 adgnita
338 2215 477 2281 diductis
497 2215 613 2282 litteris
636 2214 791 2299 expressi,
814 2214 972 2297 simulque
993 2216 1190 2282 imitatorum
1209 2214 1394 2281 testimonia
1415 2215 1542 2298 potiora

183 2323 216 2386 in
231 2319 298 2384 imo
313 2337 441 2401 quaque
464 2318 584 2401 pagina
605 2317 788 2385 subnotavi.
823 2317 856 2381 in
878 2317 1022 2400 reliquiis
1045 2318 1256 2403 disponendis
1271 2319 1451 2385 Usenerum
1472 2317 1542 2384 sere

182 2444 299 2506 sequor
325 2440 389 2486 non
418 2440 481 2503 quo
509 2420 617 2486 omnia
645 2441 717 2486 eum
745 2425 833 2485 recte
860 2418 1028 2487 ordinasse
1051 2421 1180 2489 credam
1207 2421 1265 2486 sed
1292 2421 1368 2503 quia
1395 2419 1541 2504 putidum

183 2525 265 2590 duco
288 2524 322 2587 in
344 2522 491 2589 leviculis
513 2524 565 2588 vel
587 2522 693 2589 dubiis
715 2520 758 2587 ab
779 2521 911 2604 egregio
934 2522 1112 2607 exemplari
1134 2523 1323 2589 recedere.¹

269 2628 359 2694 Siout
373 2645 485 2691 verum
501 2631 571 2690 erat
590 2625 848 2708 Theophrastum
864 2624 1024 2708 primodo
1040 2624 1221 2708 primordiis
1236 2623 1319 2689 libro
1337 2645 1395 2708 per
1417 2631 1541 2710 tempo·

182 2750 252 2794 rum
272 2728 341 2795 fere
363 2726 479 2794 seriem
499 2726 670 2793 decurrere
690 2733 726 2792 ut
740 2727 773 2791 in
789 2727 959 2793 Platonem
975 2727 1091 2794 ceteris
1107 2726 1329 2811 perfectiorem
1344 2727 1508 2793 desineret
1518 2726 1541 2810 ²,

182 2831 230 2896 ita
253 2851 318 2896 non
340 2828 494 2896 credibile
516 2832 666 2913 neglecta
688 2829 875 2914 opinionum
902 2829 1094 2911 cognatione
1116 2830 1158 2895 ad
1184 2829 1337 2895 amussim
1363 2835 1543 2913 temporum

183 2933 270 2998 filum
298 2938 502 3016 persecutum
530 2951 611 2998 esse.
655 2932 753 2997 immo
780 2953 852 2997 cum
879 2931 1116 2998 successionum
1143 2932 1285 3014 aliquam
1308 2932 1466 2998 rationem
1488 2932 1545 2998 ba·

182 3034 305 3118 bevet³,
327 3033 467 3100 fortasse
481 3033 711 3099 Alexandrinis
733 3055 774 3100 ea
795 3033 996 3119 potissimum
1017 3053 1053 3099 ve
1068 3033 1242 3119 imitabilis,
1264 3036 1373 3101 varias
1389 3034 1543 3119 deinceps

182 3136 322 3201 familias
338 3136 466 3202 Ionicos
481 3136 614 3200 Eleatae
636 3142 817 3200 atomorum
839 3134 987 3200 doctores
1001 3135 1044 3200 ad
1059 3137 1229 3202 Platonem
1251 3157 1353 3220 usque
1370 3136 1544 3204 deduxisse

181 3238 309 3304 videtur
335 3236 422 3301 hand
455 3236 577 3301 veritus
600 3236 779 3320 Diogenem
806 3236 1035 3319 Apolloniaten
1064 3244 1097 3304 et
1126 3238 1320 3305 Archelaum
1350 3240 1402 3306 vel
1429 3246 1544 3305 contra

182 3347 308 3405 aetates
328 3338 470 3422 physicis
492 3339 665 3405 adnectere
696 3338 735 3404 cf.
751 3337 979 3404 Panzerbieter
998 3339 1092 3422 Diog.
1108 3341 1216 3424 Apoll.
1231 3341 1269 3408 fr.
1286 3364 1317 3426 p.
1332 3344 1361 3408 7.
1384 3348 1543 3425 angustae

182 3442 267 3506 enim
290 3441 406 3505 mentis
428 3447 500 3505 erat
520 3442 669 3523 neglecta
691 3440 878 3523 dogmatum
902 3442 1138 3508 necessitudine
1153 3443 1346 3510 exteriorem
1361 3451 1540 3527 temporum

181 3541 455 3608 continuationem
482 3543 574 3625 quasi
605 3541 781 3625 prinoipem
811 3542 916 3624 legem
944 3543 1148 3610 custodire⁴
1191 3545 1234 3610 ad
1263 3544 1478 3628 Theophrasti
1507 3545 1542 3610 in

254 3679 260 3709 ¹
279 3684 305 3730 in
318 3681 490 3745 Simplicianis
504 3681 634 3730 Usenerus
646 3681 776 3730 Brundisii
789 3682 901 3733 Aldinae
915 3685 1033 3748 exemplo
1046 3684 1164 3734 utebatur
1177 3701 1245 3734 nunc
1258 3685 1290 3734 ab
1302 3685 1446 3734 Academia
1457 3683 1539 3733 Bero-

182 3770 272 3818 lincnsi
291 3769 437 3828 adservato,
456 3768 500 3817 ubi
518 3771 595 3818 tutum
613 3768 729 3817 codicum
748 3767 872 3834 C[ollegii
890 3772 952 3820 novi
972 3768 1129 3821 Oxoniensis
1148 3769 1212 3835 244]
1230 3781 1256 3822 ct
1274 3772 1298 3822 A
1313 3781 1338 3821 et
1350 3773 1375 3821 D
1394 3773 1541 3834 ignotorum

181 3857 356 3920 discrepantia
373 3857 502 3921 adscripta
520 3865 565 3906 est.
594 3872 626 3906 ex
646 3856 759 3905 eiusdem
777 3858 904 3908 schedulis
918 3866 1022 3921 quartus
1035 3860 1184 3908 innotuerat
1196 3857 1341 3922 O[ceanus]
1354 3861 1543 3908 Laurentianus

181 3944 223 3993 ille
243 3942 308 3994 851.
327 3943 401 3993 nobis
420 3947 566 3994 accuratior
583 3952 685 4008 praesto
704 3951 760 3992 erat
777 3944 893 3994 codicum
913 3947 1012 3995 notitia.
1041 3945 1199 3996 Torstrilrius
1212 3947 1280 3995 enim
1296 3947 1452 3996 Academiae
1472 3949 1542 3996 iussu

181 4030 305 4095 Simplicii
324 4031 437 4095 Physica
455 4031 569 4080 editurus
588 4047 664 4094 quem
682 4030 834 4093 adparatum
853 4033 1004 4094 collegerat,
1029 4035 1051 4081 le
1069 4039 1128 4096 poet
1146 4033 1213 4080 illius
1233 4033 1370 4095 lugendam
1389 4042 1496 4083 mortem
1514 4039 1542 4083 ln

180 4126 280 4167 nostras
300 4133 390 4167 manus
409 4133 545 4167 concessus
564 4128 610 4168 est.
630 4118 689 4167 iude
708 4116 815 4167 afferam
835 4121 984 4168 varictatcm
1004 4119 1120 4168 codicum
1140 4120 1308 4168 Laurentiani
1328 4118 1362 4170 85
1376 4129 1383 4165 ι
1396 4119 1453 4181 (Β),
1472 4121 1542 4168 Lau·

180 4213 244 4252 rent.
258 4202 293 4255 85
306 4214 318 4250 ι
332 4200 392 4267 (D),
411 4205 536 4254 Marclan.
556 4202 607 4256 229
622 4203 676 4267 (E),
700 4205 826 4254 Marcian.
847 4201 898 4255 *227
911 4204 952 4266 (P)
971 4214 997 4255 et
1015 4207 1122 4268 singulis
1141 4206 1204 4254 locis
1222 4206 1342 4255 Ambros.
1357 4206 1411 4256 Ed
1429 4207 1473 4255 inl.
1487 4205 1542 4266 (A).

180 4291 279 4340 Aldina
296 4291 360 4340 mibi
378 4293 426 4340 erit
444 4308 468 4338 α.
493 4294 607 4355 potiores
626 4299 686 4340 sunt
703 4290 727 4339 D
739 4292 761 4340 E
772 4290 803 4348 B,
823 4290 962 4340 deteriores
981 4293 1002 4341 F
1013 4294 1036 4342 H
1047 4308 1070 4343 a.

251 4374 261 4406 ⁹
280 4380 310 4427 cs.
329 4379 359 4427 fr.
378 4377 394 4428 9
416 4375 474 4433 τοὺς
496 4374 586 4434 ἄλλους
609 4374 788 4446 τροιοτορήσας
807 4371 920 4434 (τούτοις
945 4378 1020 4446 φησὶν
1034 4374 1215 4446 ζἐπιγενόμενος
1239 4375 1346 4431 Πλάτων
1368 4383 1400 4446 τῇ
1418 4377 1465 4444 μὲν
1482 4373 1542 4446 δόξῃ

179 4464 223 4514 καὶ
241 4469 272 4532 τῇ
291 4462 391 4529 δυνάμει
409 4462 535 4532 πρότερος,
552 4469 604 4521 τοῖς
622 4463 648 4516 δὲ
666 4462 763 4533 χρόνοις
780 4460 881 4533 ὕστερος
899 4463 960 4518 ach)

251 4549 261 4581 ³
285 4552 316 4601 cI.
339 4552 369 4600 fr.
389 4552 404 4603 6
438 4555 517 4616 ipsius
544 4554 623 4603 verba
655 4549 737 4620 robccp
759 4552 941 4618 [Xenophani]
968 4549 991 4604 δ’
1022 4551 1191 4619 ἐπιγενόμενος
1213 4547 1368 4621 Παρμενίδης
1392 4548 1505 4620 Πόρητος
1528 4549 1542 4603 δ

177 4632 304 4706 'Elem
322 4646 455 4702 praeterea
472 4640 502 4688 tr.
525 4639 546 4689 I.
566 4638 589 4690 2.
609 4638 634 4691 3.
653 4641 677 4692 4,
697 4640 721 4692 5.
742 4642 772 4694 o·
790 4643 926 4706 praecipue
946 4640 989 4713 8„

250 4722 404 4790 ⁴Simplicii
427 4726 505 4776 rerba
528 4729 554 4776 in
578 4728 651 4792 phys.
671 4730 687 4777 l.
702 4725 782 4778 7125
805 4723 869 4794 αὕτη
893 4726 937 4794 μὲν
962 4726 978 4795 ἡ
1002 4724 1121 4793 obstupe<
1144 4724 1274 4795 πιρίληψις
1296 4731 1348 4776 τῶν
1371 4725 1541 4793 ἱστορημένων

180 4812 226 4875 {sic
244 4814 269 4862 D
280 4815 302 4863 li
313 4813 347 4876 F]
365 4811 419 4879 περὶ
438 4811 524 4882 ἀρχῶν
543 4811 572 4863 ob
591 4813 656 4865 κατὰ
669 4813 772 4883 χρόνους
784 4812 958 4882 ἀναγραφτῖσα,
977 4811 1040 4865 uldel
1057 4814 1122 4865 nard
1135 4814 1182 4883 τὴν
1193 4816 1239 4882 τῆς
1251 4811 1324 4882 δόξης
1337 4814 1475 4882 συγγένειαν
1488 4831 1542 4864 non

179 4901 261 4949 solum
271 4900 397 4968 Simplicii
411 4902 456 4952 sed
469 4904 546 4952 ctiam
558 4904 730 4970 Theophrasti
744 4903 869 4951 rationem
883 4900 1025 4952 describere
1038 4912 1153 4967 possunt.
1174 4904 1204 4952 cf.
1215 4902 1323 4952 Krische
1336 4903 1430 4952 forscb.
1444 4919 1469 4968 p.
1482 4901 1540 4953 166.
