<?xml version="1.0" encoding="UTF-8"?>
<!DOCTYPE html PUBLIC "-//W3C//DTD XHTML 1.0 Transitional//EN"
    "http://www.w3.org/TR/xhtml1/DTD/xhtml1-transitional.dtd">
<html xmlns="http://www.w3.org/1999/xhtml" xml:lang="en" lang="en">
 <head>
  <title>
</title>
<meta http-equiv="Content-Type" content="text/html;charset=utf-8" />
  <meta name='ocr-system' content='tesseract 3.04.00' />
  <meta name='ocr-capabilities' content='ocr_page ocr_carea ocr_par ocr_line ocrx_word'/>
</head>
<body>
  <div class='ocr_page' id='page_1' title='image "./doxographigraec00dielgoog/doxographigraec00dielgoog_0110.png"; bbox 0 0 3442 5588; ppageno 0'>
   <div class='ocr_carea' id='block_1_1' title="bbox 658 304 1586 372">
    <p class='ocr_par' dir='ltr' id='par_1_1' title="bbox 658 304 1586 372">
     <span class='ocr_line' id='line_1_1' title="bbox 658 304 1586 372; baseline -0.001 -14"><span class='ocrx_word' id='word_1_1' title='bbox 658 307 935 358; x_wconf 75' lang='lat' dir='ltr'><strong>rsonasounuu</strong></span> <span class='ocrx_word' id='word_1_2' title='bbox 1329 322 1333 331; x_wconf 62' lang='grc'><strong><em>«</em></strong></span> <span class='ocrx_word' id='word_1_3' title='bbox 1431 307 1471 372; x_wconf 75' lang='lat'><strong>87</strong></span> <span class='ocrx_word' id='word_1_4' title='bbox 1579 304 1586 312; x_wconf 87' lang='lat'><strong>·</strong></span> 
     </span>
    </p>
   </div>
   <div class='ocr_carea' id='block_1_2' title="bbox 100 476 1473 2198">
    <p class='ocr_par' dir='ltr' id='par_1_2' title="bbox 100 476 1473 2198">
     <span class='ocr_line' id='line_1_2' title="bbox 113 476 1473 561; baseline -0.001 -19"><span class='ocrx_word' id='word_1_5' title='bbox 113 478 174 544; x_wconf 88' lang='lat' dir='ltr'><strong>hoo</strong></span> <span class='ocrx_word' id='word_1_6' title='bbox 200 476 402 561; x_wconf 88' lang='lat' dir='ltr'><strong>potissimum</strong></span> <span class='ocrx_word' id='word_1_7' title='bbox 429 476 568 558; x_wconf 88' lang='lat' dir='ltr'><strong>elegisse</strong></span> <span class='ocrx_word' id='word_1_8' title='bbox 594 485 627 542; x_wconf 91' lang='lat' dir='ltr'><strong>et</strong></span> <span class='ocrx_word' id='word_1_9' title='bbox 656 497 715 541; x_wconf 92' lang='lat' dir='ltr'><strong>usn</strong></span> <span class='ocrx_word' id='word_1_10' title='bbox 738 476 885 543; x_wconf 78' lang='lat' dir='ltr'>sanxisse</span> <span class='ocrx_word' id='word_1_11' title='bbox 908 477 1067 542; x_wconf 85' lang='lat' dir='ltr'><strong>videntur.</strong></span> <span class='ocrx_word' id='word_1_12' title='bbox 1112 477 1182 559; x_wconf 91' lang='lat' dir='ltr'><strong>ipse</strong></span> <span class='ocrx_word' id='word_1_13' title='bbox 1203 483 1311 542; x_wconf 88' lang='lat' dir='ltr'><strong>autem</strong></span> <span class='ocrx_word' id='word_1_14' title='bbox 1335 477 1473 560; x_wconf 77' lang='lat' dir='ltr'><strong>scriptor</strong></span> 
     </span>
     <span class='ocr_line' id='line_1_3' title="bbox 113 576 1473 663; baseline 0 -19"><span class='ocrx_word' id='word_1_15' title='bbox 113 580 301 645; x_wconf 77' lang='lat' dir='ltr'>sollemnem</span> <span class='ocrx_word' id='word_1_16' title='bbox 329 578 456 644; x_wconf 88' lang='lat' dir='ltr'><strong>titulum</strong></span> <span class='ocrx_word' id='word_1_17' title='bbox 480 576 601 661; x_wconf 82' lang='grc' dir='ltr'><strong>Ἀρείου</strong></span> <span class='ocrx_word' id='word_1_18' title='bbox 623 578 751 660; x_wconf 83' lang='grc' dir='ltr'><strong>Διδύμου</strong></span> <span class='ocrx_word' id='word_1_19' title='bbox 778 577 1001 663; x_wconf 73' lang='lat' dir='ltr'><strong>inscripserat,</strong></span> <span class='ocrx_word' id='word_1_20' title='bbox 1031 578 1117 643; x_wconf 92' lang='lat' dir='ltr'><strong>unde</strong></span> <span class='ocrx_word' id='word_1_21' title='bbox 1144 598 1201 641; x_wconf 90' lang='lat' dir='ltr'><strong>suo</strong></span> <span class='ocrx_word' id='word_1_22' title='bbox 1229 578 1298 644; x_wconf 89' lang='lat' dir='ltr'><strong>iure</strong></span> <span class='ocrx_word' id='word_1_23' title='bbox 1319 578 1473 661; x_wconf 81' lang='lat' dir='ltr'><strong>epitoma·</strong></span> 
     </span>
     <span class='ocr_line' id='line_1_4' title="bbox 114 679 1472 764; baseline 0.001 -20"><span class='ocrx_word' id='word_1_24' title='bbox 114 679 237 744; x_wconf 89' lang='lat' dir='ltr'><strong>toribus</strong></span> <span class='ocrx_word' id='word_1_25' title='bbox 266 681 427 763; x_wconf 80' lang='lat' dir='ltr'><strong>posterius</strong></span> <span class='ocrx_word' id='word_1_26' title='bbox 453 701 571 746; x_wconf 92' lang='lat' dir='ltr'><strong>nomeu</strong></span> <span class='ocrx_word' id='word_1_27' title='bbox 601 688 635 745; x_wconf 90' lang='lat' dir='ltr'><strong>ut</strong></span> <span class='ocrx_word' id='word_1_28' title='bbox 658 680 836 764; x_wconf 80' lang='lat' dir='ltr'><strong>principale</strong></span> <span class='ocrx_word' id='word_1_29' title='bbox 859 682 1012 747; x_wconf 86' lang='lat' dir='ltr'><strong>exhibere</strong></span> <span class='ocrx_word' id='word_1_30' title='bbox 1035 680 1132 745; x_wconf 91' lang='lat' dir='ltr'><strong>licuit.</strong></span> <span class='ocrx_word' id='word_1_31' title='bbox 1177 699 1252 745; x_wconf 86' lang='lat' dir='ltr'><strong>nam</strong></span> <span class='ocrx_word' id='word_1_32' title='bbox 1275 679 1472 745; x_wconf 84' lang='lat' dir='ltr'><strong>Graecorum</strong></span> 
     </span>
     <span class='ocr_line' id='line_1_5' title="bbox 112 781 1472 867; baseline -0.001 -21"><span class='ocrx_word' id='word_1_33' title='bbox 112 800 200 846; x_wconf 91' lang='lat' dir='ltr'><strong>more</strong></span> <span class='ocrx_word' id='word_1_34' title='bbox 223 781 410 863; x_wconf 87' lang='lat' dir='ltr'><strong>primarium</strong></span> <span class='ocrx_word' id='word_1_35' title='bbox 432 802 551 847; x_wconf 81' lang='lat' dir='ltr'><strong>nomen</strong></span> <span class='ocrx_word' id='word_1_36' title='bbox 574 781 685 847; x_wconf 91' lang='lat' dir='ltr'><strong>ultimo</strong></span> <span class='ocrx_word' id='word_1_37' title='bbox 710 784 780 848; x_wconf 93' lang='lat' dir='ltr'><strong>loco</strong></span> <span class='ocrx_word' id='word_1_38' title='bbox 803 789 940 867; x_wconf 89' lang='lat' dir='ltr'><strong>apparet</strong></span> <span class='ocrx_word' id='word_1_39' title='bbox 963 790 997 847; x_wconf 90' lang='lat' dir='ltr'><strong>ut</strong></span> <span class='ocrx_word' id='word_1_40' title='bbox 1019 782 1053 847; x_wconf 94' lang='lat' dir='ltr'><strong>in</strong></span> <span class='ocrx_word' id='word_1_41' title='bbox 1075 782 1125 847; x_wconf 91' lang='lat' dir='ltr'><strong>his</strong></span> <span class='ocrx_word' id='word_1_42' title='bbox 1148 782 1277 850; x_wconf 81' lang='grc' dir='ltr'><strong>Φλάυιος</strong></span> <span class='ocrx_word' id='word_1_43' title='bbox 1294 781 1472 866; x_wconf 81' lang='grc' dir='ltr'><strong>Ἰώοηππος,</strong></span> 
     </span>
     <span class='ocr_line' id='line_1_6' title="bbox 112 882 1471 970; baseline 0.001 -23"><span class='ocrx_word' id='word_1_44' title='bbox 112 882 240 952; x_wconf 78' lang='grc' dir='ltr'><strong>Κάσσιος</strong></span> <span class='ocrx_word' id='word_1_45' title='bbox 266 883 358 961; x_wconf 88' lang='grc' dir='ltr'><strong>Δίων,</strong></span> <span class='ocrx_word' id='word_1_46' title='bbox 386 882 544 968; x_wconf 78' lang='grc' dir='ltr'><strong>Οὐαλέριος</strong></span> <span class='ocrx_word' id='word_1_47' title='bbox 562 883 802 970; x_wconf 85' lang='grc' dir='ltr'><strong>Ἄρπονροιτίων,</strong></span> <span class='ocrx_word' id='word_1_48' title='bbox 834 887 971 970; x_wconf 75' lang='grc' dir='ltr'><strong>,λαέρτιος</strong></span> <span class='ocrx_word' id='word_1_49' title='bbox 993 885 1146 967; x_wconf 74' lang='grc' dir='ltr'><strong>Διογένης,</strong></span> <span class='ocrx_word' id='word_1_50' title='bbox 1174 882 1304 968; x_wconf 83' lang='grc' dir='ltr'><strong>Τιβέριος</strong></span> <span class='ocrx_word' id='word_1_51' title='bbox 1328 882 1471 955; x_wconf 75' lang='grc' dir='ltr'>Κλαύδιος</span> 
     </span>
     <span class='ocr_line' id='line_1_7' title="bbox 107 984 1470 1072; baseline 0.002 -24"><span class='ocrx_word' id='word_1_52' title='bbox 107 984 245 1056; x_wconf 81' lang='grc' dir='ltr'><strong>Ἀττικὸς</strong></span> <span class='ocrx_word' id='word_1_53' title='bbox 256 986 400 1071; x_wconf 84' lang='grc' dir='ltr'><strong>Ἡρώδης.</strong></span> <span class='ocrx_word' id='word_1_54' title='bbox 434 984 508 1051; x_wconf 91' lang='lat' dir='ltr'><strong>hinc</strong></span> <span class='ocrx_word' id='word_1_55' title='bbox 523 987 684 1072; x_wconf 87' lang='lat' dir='ltr'><strong>Didymus</strong></span> <span class='ocrx_word' id='word_1_56' title='bbox 706 988 882 1071; x_wconf 90' lang='lat' dir='ltr'><strong>legitimum</strong></span> <span class='ocrx_word' id='word_1_57' title='bbox 905 1008 1033 1071; x_wconf 83' lang='lat' dir='ltr'><strong>nomen,</strong></span> <span class='ocrx_word' id='word_1_58' title='bbox 1050 985 1170 1071; x_wconf 86' lang='grc' dir='ltr'><strong>Ἄρειος</strong></span> <span class='ocrx_word' id='word_1_59' title='bbox 1192 985 1293 1069; x_wconf 85' lang='lat' dir='ltr'><strong>patris</strong></span> <span class='ocrx_word' id='word_1_60' title='bbox 1314 987 1470 1052; x_wconf 88' lang='lat' dir='ltr'><strong>adscitum</strong></span> 
     </span>
     <span class='ocr_line' id='line_1_8' title="bbox 111 1087 1472 1172; baseline 0.001 -19"><span class='ocrx_word' id='word_1_61' title='bbox 111 1108 293 1172; x_wconf 80' lang='lat' dir='ltr'><strong>cognomen</strong></span> <span class='ocrx_word' id='word_1_62' title='bbox 319 1087 456 1155; x_wconf 84' lang='lat' dir='ltr'><strong>ridetur.</strong></span> <span class='ocrx_word' id='word_1_63' title='bbox 502 1089 552 1154; x_wconf 93' lang='lat' dir='ltr'><strong>cni</strong></span> <span class='ocrx_word' id='word_1_64' title='bbox 583 1088 698 1154; x_wconf 90' lang='lat' dir='ltr'><strong>rationi</strong></span> <span class='ocrx_word' id='word_1_65' title='bbox 726 1110 768 1155; x_wconf 90' lang='lat' dir='ltr'><strong>ne</strong></span> <span class='ocrx_word' id='word_1_66' title='bbox 790 1090 1006 1155; x_wconf 85' lang='lat' dir='ltr'><strong>Romanorum</strong></span> <span class='ocrx_word' id='word_1_67' title='bbox 1029 1089 1158 1172; x_wconf 89' lang='lat' dir='ltr'><strong>quidem</strong></span> <span class='ocrx_word' id='word_1_68' title='bbox 1181 1108 1259 1153; x_wconf 91' lang='lat' dir='ltr'><strong>usus</strong></span> <span class='ocrx_word' id='word_1_69' title='bbox 1279 1094 1314 1152; x_wconf 91' lang='lat' dir='ltr'><strong>ut</strong></span> <span class='ocrx_word' id='word_1_70' title='bbox 1336 1088 1401 1153; x_wconf 86' lang='lat' dir='ltr'><strong>dixi</strong></span> <span class='ocrx_word' id='word_1_71' title='bbox 1424 1110 1472 1154; x_wconf 93' lang='lat' dir='ltr'><strong>re-</strong></span> 
     </span>
     <span class='ocr_line' id='line_1_9' title="bbox 108 1189 1470 1277; baseline 0 -21"><span class='ocrx_word' id='word_1_72' title='bbox 108 1198 281 1275; x_wconf 81' lang='lat' dir='ltr'><strong>pugnaret.</strong></span> <span class='ocrx_word' id='word_1_73' title='bbox 326 1197 361 1256; x_wconf 74' lang='lat' dir='ltr'><strong>at</strong></span> <span class='ocrx_word' id='word_1_74' title='bbox 391 1198 552 1274; x_wconf 80' lang='lat' dir='ltr'><strong>repugnat</strong></span> <span class='ocrx_word' id='word_1_75' title='bbox 577 1191 790 1277; x_wconf 81' lang='lat' dir='ltr'><strong>Etymologic.</strong></span> <span class='ocrx_word' id='word_1_76' title='bbox 814 1192 855 1258; x_wconf 87' lang='lat' dir='ltr'><strong>M.</strong></span> <span class='ocrx_word' id='word_1_77' title='bbox 883 1214 913 1276; x_wconf 88' lang='lat' dir='ltr'><strong>p.</strong></span> <span class='ocrx_word' id='word_1_78' title='bbox 938 1194 1012 1275; x_wconf 80' lang='lat'>139,</span> <span class='ocrx_word' id='word_1_79' title='bbox 1035 1194 1050 1255; x_wconf 96' lang='grc'><strong>1</strong></span> <span class='ocrx_word' id='word_1_80' title='bbox 1075 1189 1195 1275; x_wconf 84' lang='grc' dir='ltr'><strong>Ἄρειος</strong></span> <span class='ocrx_word' id='word_1_81' title='bbox 1222 1194 1238 1255; x_wconf 82' lang='grc'><strong>5</strong></span> <span class='ocrx_word' id='word_1_82' title='bbox 1261 1189 1470 1276; x_wconf 77' lang='grc' dir='ltr'><strong>Ἄλεξοινδρεὺς</strong></span> 
     </span>
     <span class='ocr_line' id='line_1_10' title="bbox 105 1291 1469 1380; baseline 0.003 -24"><span class='ocrx_word' id='word_1_83' title='bbox 105 1294 266 1378; x_wconf 77' lang='grc' dir='ltr'><strong>φιλόσοφος</strong></span> <span class='ocrx_word' id='word_1_84' title='bbox 289 1294 319 1357; x_wconf 83' lang='grc' dir='ltr'><strong>ἐν</strong></span> <span class='ocrx_word' id='word_1_85' title='bbox 341 1291 549 1378; x_wconf 74' lang='grc' dir='ltr'><strong>ἑορτῇἌρεος</strong></span> <span class='ocrx_word' id='word_1_86' title='bbox 572 1295 693 1380; x_wconf 83' lang='grc' dir='ltr'><strong>ἐεέχίλη.</strong></span> <span class='ocrx_word' id='word_1_87' title='bbox 727 1297 772 1358; x_wconf 79' lang='grc' dir='ltr'><strong>διὸ</strong></span> <span class='ocrx_word' id='word_1_88' title='bbox 795 1297 887 1365; x_wconf 78' lang='grc' dir='ltr'><strong>οὕτως</strong></span> <span class='ocrx_word' id='word_1_89' title='bbox 907 1296 1082 1377; x_wconf 84' lang='grc' dir='ltr'><strong>ὠνόμασται.</strong></span> <span class='ocrx_word' id='word_1_90' title='bbox 1117 1302 1238 1378; x_wconf 83' lang='lat' dir='ltr'><strong>quanta</strong></span> <span class='ocrx_word' id='word_1_91' title='bbox 1253 1293 1334 1359; x_wconf 84' lang='lat' dir='ltr'><strong>fides</strong></span> <span class='ocrx_word' id='word_1_92' title='bbox 1348 1302 1469 1378; x_wconf 76' lang='lat' dir='ltr'><strong>etymo</strong></span> 
     </span>
     <span class='ocr_line' id='line_1_11' title="bbox 104 1394 1468 1483; baseline 0.001 -24"><span class='ocrx_word' id='word_1_93' title='bbox 104 1395 183 1479; x_wconf 93' lang='lat' dir='ltr'><strong>logo</strong></span> <span class='ocrx_word' id='word_1_94' title='bbox 206 1394 359 1461; x_wconf 88' lang='lat' dir='ltr'><strong>habenda</strong></span> <span class='ocrx_word' id='word_1_95' title='bbox 381 1396 432 1479; x_wconf 89' lang='lat' dir='ltr'><strong>sit,</strong></span> <span class='ocrx_word' id='word_1_96' title='bbox 454 1395 578 1479; x_wconf 88' lang='lat' dir='ltr'><strong>ignoro.</strong></span> <span class='ocrx_word' id='word_1_97' title='bbox 602 1418 717 1462; x_wconf 93' lang='lat' dir='ltr'><strong>moneo</strong></span> <span class='ocrx_word' id='word_1_98' title='bbox 741 1405 848 1463; x_wconf 89' lang='lat' dir='ltr'><strong>autem</strong></span> <span class='ocrx_word' id='word_1_99' title='bbox 871 1416 913 1461; x_wconf 89' lang='lat' dir='ltr'><strong>ne</strong></span> <span class='ocrx_word' id='word_1_100' title='bbox 936 1397 998 1461; x_wconf 92' lang='lat' dir='ltr'><strong>hoc</strong></span> <span class='ocrx_word' id='word_1_101' title='bbox 1021 1398 1091 1463; x_wconf 93' lang='lat' dir='ltr'><strong>loco</strong></span> <span class='ocrx_word' id='word_1_102' title='bbox 1112 1397 1154 1462; x_wconf 87' lang='lat' dir='ltr'><strong>ad</strong></span> <span class='ocrx_word' id='word_1_103' title='bbox 1169 1396 1283 1462; x_wconf 92' lang='lat' dir='ltr'><strong>Heinei</strong></span> <span class='ocrx_word' id='word_1_104' title='bbox 1300 1397 1468 1483; x_wconf 84' lang='lat' dir='ltr'><strong>rationem,</strong></span> 
     </span>
     <span class='ocr_line' id='line_1_12' title="bbox 104 1496 1468 1584; baseline 0.001 -23"><span class='ocrx_word' id='word_1_105' title='bbox 104 1497 161 1579; x_wconf 88' lang='lat' dir='ltr'><strong>qui</strong></span> <span class='ocrx_word' id='word_1_106' title='bbox 184 1505 293 1563; x_wconf 87' lang='lat' dir='ltr'><strong>tamen</strong></span> <span class='ocrx_word' id='word_1_107' title='bbox 308 1496 378 1563; x_wconf 86' lang='lat' dir='ltr'><strong>eius</strong></span> <span class='ocrx_word' id='word_1_108' title='bbox 400 1497 558 1564; x_wconf 88' lang='lat' dir='ltr'><strong>rationem</strong></span> <span class='ocrx_word' id='word_1_109' title='bbox 582 1499 702 1565; x_wconf 83' lang='lat' dir='ltr'><strong>habere</strong></span> <span class='ocrx_word' id='word_1_110' title='bbox 725 1500 837 1584; x_wconf 84' lang='lat' dir='ltr'><strong>noluit,</strong></span> <span class='ocrx_word' id='word_1_111' title='bbox 861 1498 1015 1582; x_wconf 87' lang='lat' dir='ltr'><strong>abutaris,</strong></span> <span class='ocrx_word' id='word_1_112' title='bbox 1036 1520 1076 1564; x_wconf 87' lang='lat' dir='ltr'><strong>ex</strong></span> <span class='ocrx_word' id='word_1_113' title='bbox 1091 1498 1242 1581; x_wconf 83' lang='lat' dir='ltr'><strong>genetivo</strong></span> <span class='ocrx_word' id='word_1_114' title='bbox 1257 1497 1371 1583; x_wconf 77' lang='grc' dir='ltr'>Ἀρείου</span> <span class='ocrx_word' id='word_1_115' title='bbox 1387 1501 1468 1563; x_wconf 73' lang='lat' dir='ltr'><strong>not-</strong></span> 
     </span>
     <span class='ocr_line' id='line_1_13' title="bbox 104 1598 1467 1685; baseline 0.001 -22"><span class='ocrx_word' id='word_1_116' title='bbox 104 1625 163 1681; x_wconf 87' lang='grc' dir='ltr'><strong>μου</strong></span> <span class='ocrx_word' id='word_1_117' title='bbox 185 1620 252 1665; x_wconf 94' lang='lat' dir='ltr'><strong>non</strong></span> <span class='ocrx_word' id='word_1_118' title='bbox 274 1607 361 1666; x_wconf 87' lang='lat' dir='ltr'><strong>certo</strong></span> <span class='ocrx_word' id='word_1_119' title='bbox 384 1599 468 1666; x_wconf 88' lang='lat' dir='ltr'><strong>effici</strong></span> <span class='ocrx_word' id='word_1_120' title='bbox 490 1621 586 1684; x_wconf 85' lang='lat' dir='ltr'><strong>posse</strong></span> <span class='ocrx_word' id='word_1_121' title='bbox 608 1608 713 1665; x_wconf 89' lang='lat' dir='ltr'><strong>utrum</strong></span> <span class='ocrx_word' id='word_1_122' title='bbox 729 1622 847 1666; x_wconf 91' lang='lat' dir='ltr'><strong>nomen</strong></span> <span class='ocrx_word' id='word_1_123' title='bbox 863 1600 958 1666; x_wconf 83' lang='lat' dir='ltr'><strong>fuerit</strong></span> <span class='ocrx_word' id='word_1_124' title='bbox 974 1598 1095 1685; x_wconf 84' lang='grc' dir='ltr'><strong>Ἄρειος</strong></span> <span class='ocrx_word' id='word_1_125' title='bbox 1112 1601 1236 1683; x_wconf 77' lang='grc' dir='ltr'><strong>Δίδυμος</strong></span> <span class='ocrx_word' id='word_1_126' title='bbox 1257 1601 1278 1667; x_wconf 90' lang='lat' dir='ltr'><strong>i.</strong></span> <span class='ocrx_word' id='word_1_127' title='bbox 1295 1621 1323 1667; x_wconf 85' lang='lat' dir='ltr'><strong>e.</strong></span> <span class='ocrx_word' id='word_1_128' title='bbox 1343 1603 1467 1683; x_wconf 80' lang='grc' dir='ltr'><strong>Δίδυμος</strong></span> 
     </span>
     <span class='ocr_line' id='line_1_14' title="bbox 103 1701 1467 1787; baseline 0.004 -21"><span class='ocrx_word' id='word_1_129' title='bbox 103 1707 121 1766; x_wconf 85' lang='grc' dir='ltr'><strong>δ</strong></span> <span class='ocrx_word' id='word_1_130' title='bbox 146 1705 193 1766; x_wconf 81' lang='grc' dir='ltr'><strong>καὶ</strong></span> <span class='ocrx_word' id='word_1_131' title='bbox 210 1701 330 1786; x_wconf 87' lang='grc' dir='ltr'><strong>Ἄρειος</strong></span> <span class='ocrx_word' id='word_1_132' title='bbox 357 1723 401 1767; x_wconf 91' lang='lat' dir='ltr'><strong>an</strong></span> <span class='ocrx_word' id='word_1_133' title='bbox 417 1701 537 1787; x_wconf 87' lang='grc' dir='ltr'><strong>Ἄρειος</strong></span> <span class='ocrx_word' id='word_1_134' title='bbox 559 1703 685 1784; x_wconf 82' lang='grc' dir='ltr'><strong>Διδύμοο</strong></span> <span class='ocrx_word' id='word_1_135' title='bbox 713 1703 982 1785; x_wconf 89' lang='lat' dir='ltr'><strong>quemadmodum</strong></span> <span class='ocrx_word' id='word_1_136' title='bbox 1012 1703 1159 1769; x_wconf 88' lang='lat' dir='ltr'><strong>Herodes</strong></span> <span class='ocrx_word' id='word_1_137' title='bbox 1181 1702 1306 1769; x_wconf 83' lang='lat' dir='ltr'><strong>Atticus</strong></span> <span class='ocrx_word' id='word_1_138' title='bbox 1331 1741 1366 1751; x_wconf 91' lang='lat'><em>—</em></span> <span class='ocrx_word' id='word_1_139' title='bbox 1391 1705 1467 1772; x_wconf 87' lang='lat' dir='ltr'><strong>licet</strong></span> 
     </span>
     <span class='ocr_line' id='line_1_15' title="bbox 102 1804 1467 1892; baseline 0.001 -21"><span class='ocrx_word' id='word_1_140' title='bbox 102 1805 190 1871; x_wconf 90' lang='lat' dir='ltr'><strong>enim</strong></span> <span class='ocrx_word' id='word_1_141' title='bbox 214 1811 377 1889; x_wconf 84' lang='lat' dir='ltr'><strong>repetere,</strong></span> <span class='ocrx_word' id='word_1_142' title='bbox 406 1805 483 1888; x_wconf 85' lang='lat' dir='ltr'><strong>quia</strong></span> <span class='ocrx_word' id='word_1_143' title='bbox 506 1804 664 1871; x_wconf 91' lang='lat' dir='ltr'><strong>eiusmodi</strong></span> <span class='ocrx_word' id='word_1_144' title='bbox 686 1806 816 1887; x_wconf 84' lang='lat' dir='ltr'><strong>gemina</strong></span> <span class='ocrx_word' id='word_1_145' title='bbox 837 1805 1065 1871; x_wconf 83' lang='lat' dir='ltr'><strong>nominasent</strong></span> <span class='ocrx_word' id='word_1_146' title='bbox 1087 1806 1251 1871; x_wconf 84' lang='lat' dir='ltr'><strong>rarissima</strong></span> <span class='ocrx_word' id='word_1_147' title='bbox 1273 1845 1314 1853; x_wconf 86' lang='lat'><em>-</em></span> <span class='ocrx_word' id='word_1_148' title='bbox 1336 1815 1467 1892; x_wconf 88' lang='lat' dir='ltr'><strong>praeter</strong></span> 
     </span>
     <span class='ocr_line' id='line_1_16' title="bbox 101 1907 1466 1994; baseline 0.003 -22"><span class='ocrx_word' id='word_1_149' title='bbox 101 1909 294 1974; x_wconf 85' lang='lat' dir='ltr'><strong>sollemnem</strong></span> <span class='ocrx_word' id='word_1_150' title='bbox 320 1907 458 1974; x_wconf 84' lang='lat' dir='ltr'><strong>formam</strong></span> <span class='ocrx_word' id='word_1_151' title='bbox 485 1915 620 1972; x_wconf 90' lang='lat' dir='ltr'><strong>vocatur</strong></span> <span class='ocrx_word' id='word_1_152' title='bbox 646 1908 744 1971; x_wconf 89' lang='lat' dir='ltr'><strong>etiam</strong></span> <span class='ocrx_word' id='word_1_153' title='bbox 763 1907 896 1992; x_wconf 73' lang='lat' dir='ltr'><strong>‘llpoitpr</strong></span> <span class='ocrx_word' id='word_1_154' title='bbox 915 1907 1070 1983; x_wconf 80' lang='grc' dir='ltr'><strong>Ἀττικοῦ,</strong></span> <span class='ocrx_word' id='word_1_155' title='bbox 1097 1908 1183 1992; x_wconf 86' lang='lat' dir='ltr'><strong>quod</strong></span> <span class='ocrx_word' id='word_1_156' title='bbox 1211 1911 1308 1992; x_wconf 88' lang='lat' dir='ltr'><strong>paulo</strong></span> <span class='ocrx_word' id='word_1_157' title='bbox 1339 1910 1466 1994; x_wconf 86' lang='lat' dir='ltr'><strong>plenius</strong></span> 
     </span>
     <span class='ocr_line' id='line_1_17' title="bbox 101 2009 1465 2096; baseline 0.004 -23"><span class='ocrx_word' id='word_1_158' title='bbox 101 2011 222 2093; x_wconf 88' lang='lat' dir='ltr'><strong>legitur</strong></span> <span class='ocrx_word' id='word_1_159' title='bbox 249 2012 348 2076; x_wconf 88' lang='lat' dir='ltr'><strong>etiam</strong></span> <span class='ocrx_word' id='word_1_160' title='bbox 367 2011 500 2096; x_wconf 82' lang='grc' dir='ltr'><strong>Ἡρώδης</strong></span> <span class='ocrx_word' id='word_1_161' title='bbox 526 2015 576 2073; x_wconf 79' lang='grc' dir='ltr'><strong>τοῦ</strong></span> <span class='ocrx_word' id='word_1_162' title='bbox 597 2009 766 2073; x_wconf 62' lang='lat' dir='ltr'><strong>&#39;irrisos&#39;</strong></span> <span class='ocrx_word' id='word_1_163' title='bbox 812 2015 882 2074; x_wconf 91' lang='lat' dir='ltr'><strong>utut</strong></span> <span class='ocrx_word' id='word_1_164' title='bbox 910 2010 951 2076; x_wconf 92' lang='lat' dir='ltr'><strong>de</strong></span> <span class='ocrx_word' id='word_1_165' title='bbox 978 2011 1039 2075; x_wconf 88' lang='lat' dir='ltr'><strong>hac</strong></span> <span class='ocrx_word' id='word_1_166' title='bbox 1069 2031 1103 2076; x_wconf 92' lang='lat' dir='ltr'><strong>re</strong></span> <span class='ocrx_word' id='word_1_167' title='bbox 1131 2012 1189 2076; x_wconf 84' lang='lat' dir='ltr'><strong>uiri</strong></span> <span class='ocrx_word' id='word_1_168' title='bbox 1214 2011 1299 2076; x_wconf 90' lang='lat' dir='ltr'><strong>docti</strong></span> <span class='ocrx_word' id='word_1_169' title='bbox 1323 2018 1465 2079; x_wconf 86' lang='lat' dir='ltr'><strong>statuent</strong></span> 
     </span>
     <span class='ocr_line' id='line_1_18' title="bbox 100 2111 1464 2198; baseline -0.001 -19"><span class='ocrx_word' id='word_1_170' title='bbox 100 2121 194 2179; x_wconf 89' lang='lat' dir='ltr'><strong>-ot</strong></span> <span class='ocrx_word' id='word_1_171' title='bbox 216 2113 425 2180; x_wconf 87' lang='lat' dir='ltr'><strong>vehementer</strong></span> <span class='ocrx_word' id='word_1_172' title='bbox 447 2113 542 2197; x_wconf 87' lang='lat' dir='ltr'><strong>cupio</strong></span> <span class='ocrx_word' id='word_1_173' title='bbox 564 2112 767 2178; x_wconf 86' lang='lat' dir='ltr'><strong>accuratiora</strong></span> <span class='ocrx_word' id='word_1_174' title='bbox 789 2131 830 2177; x_wconf 80' lang='lat' dir='ltr'><strong>ex</strong></span> <span class='ocrx_word' id='word_1_175' title='bbox 845 2111 1105 2198; x_wconf 89' lang='lat' dir='ltr'><strong>inscriptionibus</strong></span> <span class='ocrx_word' id='word_1_176' title='bbox 1121 2114 1229 2180; x_wconf 89' lang='lat' dir='ltr'><strong>doceri</strong></span> <span class='ocrx_word' id='word_1_177' title='bbox 1245 2154 1285 2162; x_wconf 90' lang='lat'><em>-</em></span> <span class='ocrx_word' id='word_1_178' title='bbox 1302 2114 1464 2181; x_wconf 89' lang='lat' dir='ltr'><strong>Meinekei</strong></span> 
     </span>
    </p>
   </div>
   <div class='ocr_carea' id='block_1_3' title="bbox 90 2364 1464 4951">
    <p class='ocr_par' dir='ltr' id='par_1_3' title="bbox 97 2364 1464 2962">
     <span class='ocr_line' id='line_1_19' title="bbox 135 2364 1464 2438; baseline 0 -17"><span class='ocrx_word' id='word_1_179' title='bbox 135 2369 162 2432; x_wconf 81' lang='lat'><strong>3)</strong></span> <span class='ocrx_word' id='word_1_180' title='bbox 180 2367 291 2427; x_wconf 76' lang='grc' dir='ltr'><strong>Λικίνιος</strong></span> <span class='ocrx_word' id='word_1_181' title='bbox 308 2366 406 2438; x_wconf 92' lang='grc' dir='ltr'><strong>Ἄρειος</strong></span> <span class='ocrx_word' id='word_1_182' title='bbox 425 2364 534 2436; x_wconf 65' lang='grc' dir='ltr'><strong>Ταρσεὺς</strong></span> <span class='ocrx_word' id='word_1_183' title='bbox 559 2371 743 2434; x_wconf 82' lang='lat' dir='ltr'><strong>Asclepiadeus</strong></span> <span class='ocrx_word' id='word_1_184' title='bbox 768 2372 942 2420; x_wconf 79' lang='lat' dir='ltr'><strong>Andromach.</strong></span> <span class='ocrx_word' id='word_1_185' title='bbox 966 2389 1006 2436; x_wconf 89' lang='lat' dir='ltr'><strong>ap.</strong></span> <span class='ocrx_word' id='word_1_186' title='bbox 1031 2373 1089 2423; x_wconf 87' lang='lat' dir='ltr'><strong>Gal.</strong></span> <span class='ocrx_word' id='word_1_187' title='bbox 1109 2374 1176 2423; x_wconf 84' lang='lat' dir='ltr'><strong>XIII</strong></span> <span class='ocrx_word' id='word_1_188' title='bbox 1194 2370 1246 2424; x_wconf 90' lang='grc'><strong>480</strong></span> <span class='ocrx_word' id='word_1_189' title='bbox 1269 2371 1325 2433; x_wconf 92' lang='lat' dir='ltr'><strong>[ubi</strong></span> <span class='ocrx_word' id='word_1_190' title='bbox 1346 2374 1464 2434; x_wconf 86' lang='lat' dir='ltr'><strong>vulgatur</strong></span> 
     </span>
     <span class='ocr_line' id='line_1_20' title="bbox 98 2444 1462 2525; baseline 0 -16"><span class='ocrx_word' id='word_1_191' title='bbox 98 2455 224 2509; x_wconf 84' lang='grc' dir='ltr'><strong>Λιιιιενίου</strong></span> <span class='ocrx_word' id='word_1_192' title='bbox 242 2453 362 2525; x_wconf 73' lang='grc' dir='ltr'><strong>Ἀρείου)</strong></span> <span class='ocrx_word' id='word_1_193' title='bbox 391 2460 484 2508; x_wconf 81' lang='lat' dir='ltr'><strong>Licinii</strong></span> <span class='ocrx_word' id='word_1_194' title='bbox 504 2460 579 2507; x_wconf 87' lang='lat' dir='ltr'><strong>Bassi</strong></span> <span class='ocrx_word' id='word_1_195' title='bbox 598 2460 646 2507; x_wconf 84' lang='lat' dir='ltr'><strong>fuit</strong></span> <span class='ocrx_word' id='word_1_196' title='bbox 664 2459 774 2517; x_wconf 74' lang='lat' dir='ltr'><strong>emimus,</strong></span> <span class='ocrx_word' id='word_1_197' title='bbox 798 2458 881 2507; x_wconf 85' lang='lat' dir='ltr'><strong>eidem</strong></span> <span class='ocrx_word' id='word_1_198' title='bbox 906 2461 974 2508; x_wconf 83' lang='lat' dir='ltr'><strong>errirn</strong></span> <span class='ocrx_word' id='word_1_199' title='bbox 993 2462 1160 2509; x_wconf 78' lang='lat' dir='ltr'><strong>Dioscorides</strong></span> <span class='ocrx_word' id='word_1_200' title='bbox 1184 2462 1316 2509; x_wconf 78' lang='lat' dir='ltr'><strong>materiam</strong></span> <span class='ocrx_word' id='word_1_201' title='bbox 1339 2444 1462 2509; x_wconf 81' lang='lat' dir='ltr'><strong>medicem</strong></span> 
     </span>
     <span class='ocr_line' id='line_1_21' title="bbox 99 2539 1462 2614; baseline -0.001 -18"><span class='ocrx_word' id='word_1_202' title='bbox 99 2547 231 2596; x_wconf 76' lang='lat' dir='ltr'><strong>dedicavit</strong></span> <span class='ocrx_word' id='word_1_203' title='bbox 249 2548 280 2596; x_wconf 80' lang='lat' dir='ltr'><strong>cf.</strong></span> <span class='ocrx_word' id='word_1_204' title='bbox 300 2547 359 2597; x_wconf 85' lang='lat' dir='ltr'><strong>Gal.</strong></span> <span class='ocrx_word' id='word_1_205' title='bbox 379 2546 447 2596; x_wconf 87' lang='lat' dir='ltr'><strong>XIII</strong></span> <span class='ocrx_word' id='word_1_206' title='bbox 465 2543 516 2597; x_wconf 83' lang='grc'><strong>587</strong></span> <span class='ocrx_word' id='word_1_207' title='bbox 541 2542 575 2599; x_wconf 79' lang='grc' dir='ltr'><strong>ὡς</strong></span> <span class='ocrx_word' id='word_1_208' title='bbox 593 2541 619 2593; x_wconf 80' lang='grc' dir='ltr'><strong>δὲ</strong></span> <span class='ocrx_word' id='word_1_209' title='bbox 637 2539 798 2611; x_wconf 77' lang='grc' dir='ltr'><strong>Διοσκορίδης</strong></span> <span class='ocrx_word' id='word_1_210' title='bbox 816 2541 830 2592; x_wconf 85' lang='grc' dir='ltr'><strong>δ</strong></span> <span class='ocrx_word' id='word_1_211' title='bbox 848 2539 957 2610; x_wconf 76' lang='grc' dir='ltr'><strong>Ταρσεὺς</strong></span> <span class='ocrx_word' id='word_1_212' title='bbox 976 2542 1069 2595; x_wconf 82' lang='grc' dir='ltr'><strong>ίδωιιεν</strong></span> <span class='ocrx_word' id='word_1_213' title='bbox 1087 2542 1178 2614; x_wconf 85' lang='grc' dir='ltr'><strong>Ἄρείιρ</strong></span> <span class='ocrx_word' id='word_1_214' title='bbox 1196 2550 1233 2613; x_wconf 81' lang='grc' dir='ltr'><strong>τῷ</strong></span> <span class='ocrx_word' id='word_1_215' title='bbox 1252 2541 1462 2614; x_wconf 78' lang='grc' dir='ltr'><strong>Ἄσκληπιιιδείιρ.</strong></span> 
     </span>
     <span class='ocr_line' id='line_1_22' title="bbox 99 2626 1461 2700; baseline -0.002 -15"><span class='ocrx_word' id='word_1_216' title='bbox 99 2635 158 2685; x_wconf 71' lang='lat' dir='ltr'><strong>aar.</strong></span> <span class='ocrx_word' id='word_1_217' title='bbox 171 2635 226 2684; x_wconf 87' lang='lat' dir='ltr'><strong>XII</strong></span> <span class='ocrx_word' id='word_1_218' title='bbox 239 2630 301 2693; x_wconf 74' lang='lat'><strong>829,</strong></span> <span class='ocrx_word' id='word_1_219' title='bbox 314 2633 381 2683; x_wconf 86' lang='lat' dir='ltr'><strong>XIII</strong></span> <span class='ocrx_word' id='word_1_220' title='bbox 397 2630 446 2684; x_wconf 75' lang='lat'><strong>182</strong></span> <span class='ocrx_word' id='word_1_221' title='bbox 464 2633 508 2681; x_wconf 88' lang='lat' dir='ltr'><strong>nbi</strong></span> <span class='ocrx_word' id='word_1_222' title='bbox 528 2630 557 2680; x_wconf 80' lang='grc' dir='ltr'><strong>ἐκ</strong></span> <span class='ocrx_word' id='word_1_223' title='bbox 575 2635 627 2681; x_wconf 83' lang='grc' dir='ltr'><strong>τῶν</strong></span> <span class='ocrx_word' id='word_1_224' title='bbox 645 2626 744 2698; x_wconf 81' lang='grc' dir='ltr'><strong>Ἀρείου</strong></span> <span class='ocrx_word' id='word_1_225' title='bbox 758 2626 966 2700; x_wconf 76' lang='grc' dir='ltr'><strong>Ἄυιιληιιιοιόείου</strong></span> <span class='ocrx_word' id='word_1_226' title='bbox 986 2651 1032 2697; x_wconf 82' lang='grc' dir='ltr'><strong>μου</strong></span> <span class='ocrx_word' id='word_1_227' title='bbox 1046 2635 1149 2698; x_wconf 83' lang='lat' dir='ltr'><strong>vulgato</strong></span> <span class='ocrx_word' id='word_1_228' title='bbox 1169 2627 1357 2700; x_wconf 83' lang='grc' dir='ltr'><strong>Ἄοιιληπίαδου</strong></span> <span class='ocrx_word' id='word_1_229' title='bbox 1374 2635 1461 2697; x_wconf 86' lang='lat' dir='ltr'><strong>legen-</strong></span> 
     </span>
     <span class='ocr_line' id='line_1_23' title="bbox 100 2717 1460 2784; baseline -0.002 -13"><span class='ocrx_word' id='word_1_230' title='bbox 100 2723 170 2771; x_wconf 85' lang='lat' dir='ltr'><strong>dnm.</strong></span> <span class='ocrx_word' id='word_1_231' title='bbox 193 2722 330 2771; x_wconf 80' lang='lat' dir='ltr'><strong>Tarsensis</strong></span> <span class='ocrx_word' id='word_1_232' title='bbox 349 2728 456 2769; x_wconf 77' lang='lat' dir='ltr'><strong>vocatur</strong></span> <span class='ocrx_word' id='word_1_233' title='bbox 475 2720 533 2769; x_wconf 84' lang='lat' dir='ltr'><strong>Gal.</strong></span> <span class='ocrx_word' id='word_1_234' title='bbox 551 2720 617 2769; x_wconf 88' lang='lat' dir='ltr'><strong>XIII</strong></span> <span class='ocrx_word' id='word_1_235' title='bbox 637 2717 696 2779; x_wconf 75' lang='lat'><strong>247,</strong></span> <span class='ocrx_word' id='word_1_236' title='bbox 717 2720 770 2768; x_wconf 90' lang='lat' dir='ltr'><strong>XII</strong></span> <span class='ocrx_word' id='word_1_237' title='bbox 790 2718 849 2771; x_wconf 83' lang='grc'><strong>636.</strong></span> <span class='ocrx_word' id='word_1_238' title='bbox 868 2718 987 2783; x_wconf 82' lang='lat' dir='ltr'><strong>[Soram]</strong></span> <span class='ocrx_word' id='word_1_239' title='bbox 1006 2721 1038 2768; x_wconf 92' lang='lat' dir='ltr'><strong>V.</strong></span> <span class='ocrx_word' id='word_1_240' title='bbox 1057 2721 1178 2784; x_wconf 87' lang='lat' dir='ltr'><strong>Hippocr.</strong></span> <span class='ocrx_word' id='word_1_241' title='bbox 1201 2719 1209 2769; x_wconf 95' lang='lat' dir='ltr'><strong>l</strong></span> <span class='ocrx_word' id='word_1_242' title='bbox 1233 2738 1257 2784; x_wconf 90' lang='lat' dir='ltr'><strong>p.</strong></span> <span class='ocrx_word' id='word_1_243' title='bbox 1271 2718 1361 2779; x_wconf 71' lang='grc'><strong>4495</strong></span> <span class='ocrx_word' id='word_1_244' title='bbox 1380 2722 1460 2770; x_wconf 90' lang='lat' dir='ltr'><strong>West.</strong></span> 
     </span>
     <span class='ocr_line' id='line_1_24' title="bbox 99 2806 1460 2872; baseline 0.001 -14"><span class='ocrx_word' id='word_1_245' title='bbox 99 2825 176 2871; x_wconf 85' lang='lat' dir='ltr'><strong>quern</strong></span> <span class='ocrx_word' id='word_1_246' title='bbox 191 2809 318 2858; x_wconf 84' lang='lat' dir='ltr'><strong>Herodoti</strong></span> <span class='ocrx_word' id='word_1_247' title='bbox 338 2806 430 2856; x_wconf 84' lang='lat' dir='ltr'><strong>medici</strong></span> <span class='ocrx_word' id='word_1_248' title='bbox 450 2814 547 2869; x_wconf 84' lang='lat' dir='ltr'><strong>patrem</strong></span> <span class='ocrx_word' id='word_1_249' title='bbox 566 2807 646 2855; x_wconf 83' lang='lat' dir='ltr'><strong>eredit</strong></span> <span class='ocrx_word' id='word_1_250' title='bbox 658 2808 728 2856; x_wconf 75' lang='lat' dir='ltr'><strong>Hans</strong></span> <span class='ocrx_word' id='word_1_251' title='bbox 741 2808 772 2856; x_wconf 85' lang='lat' dir='ltr'><strong>de</strong></span> <span class='ocrx_word' id='word_1_252' title='bbox 787 2808 848 2871; x_wconf 87' lang='lat' dir='ltr'><strong>phil.</strong></span> <span class='ocrx_word' id='word_1_253' title='bbox 861 2818 939 2872; x_wconf 83' lang='lat' dir='ltr'><strong>scept.</strong></span> <span class='ocrx_word' id='word_1_254' title='bbox 952 2823 1058 2857; x_wconf 84' lang='lat' dir='ltr'><strong>success.</strong></span> <span class='ocrx_word' id='word_1_255' title='bbox 1078 2825 1102 2871; x_wconf 92' lang='lat' dir='ltr'><strong>p.</strong></span> <span class='ocrx_word' id='word_1_256' title='bbox 1117 2807 1158 2860; x_wconf 83' lang='grc'><strong>76.</strong></span> <span class='ocrx_word' id='word_1_257' title='bbox 1172 2816 1198 2857; x_wconf 88' lang='lat' dir='ltr'><strong>at</strong></span> <span class='ocrx_word' id='word_1_258' title='bbox 1209 2808 1343 2871; x_wconf 83' lang='lat' dir='ltr'><strong>Diogenes</strong></span> <span class='ocrx_word' id='word_1_259' title='bbox 1355 2809 1396 2858; x_wconf 86' lang='lat' dir='ltr'><strong>IX</strong></span> <span class='ocrx_word' id='word_1_260' title='bbox 1411 2807 1460 2859; x_wconf 90' lang='grc'><strong>116</strong></span> 
     </span>
     <span class='ocr_line' id='line_1_25' title="bbox 97 2890 871 2962; baseline 0 -18"><span class='ocrx_word' id='word_1_261' title='bbox 97 2896 179 2946; x_wconf 77' lang='lat' dir='ltr'><strong>habet</strong></span> <span class='ocrx_word' id='word_1_262' title='bbox 196 2890 312 2962; x_wconf 85' lang='grc' dir='ltr'><strong>Ἄριίως.</strong></span> <span class='ocrx_word' id='word_1_263' title='bbox 341 2901 474 2959; x_wconf 83' lang='lat' dir='ltr'><strong>praeterea</strong></span> <span class='ocrx_word' id='word_1_264' title='bbox 492 2894 571 2941; x_wconf 91' lang='lat' dir='ltr'><strong>multo</strong></span> <span class='ocrx_word' id='word_1_265' title='bbox 591 2901 645 2942; x_wconf 87' lang='lat' dir='ltr'><strong>erat</strong></span> <span class='ocrx_word' id='word_1_266' title='bbox 663 2903 746 2943; x_wconf 88' lang='lat' dir='ltr'><strong>aetate</strong></span> <span class='ocrx_word' id='word_1_267' title='bbox 767 2896 871 2944; x_wconf 83' lang='lat' dir='ltr'><strong>inferior</strong></span> 
     </span>
    </p>

    <p class='ocr_par' dir='ltr' id='par_1_4' title="bbox 95 2980 1458 3120">
     <span class='ocr_line' id='line_1_26' title="bbox 131 2980 1458 3056; baseline 0.002 -24"><span class='ocrx_word' id='word_1_268' title='bbox 131 2983 161 3042; x_wconf 87' lang='grc'><strong>4)</strong></span> <span class='ocrx_word' id='word_1_269' title='bbox 181 2985 288 3032; x_wconf 84' lang='lat' dir='ltr'><strong>Areus</strong></span> <span class='ocrx_word' id='word_1_270' title='bbox 307 2983 395 3032; x_wconf 81' lang='lat' dir='ltr'><strong>rhetor</strong></span> <span class='ocrx_word' id='word_1_271' title='bbox 412 2997 429 3030; x_wconf 91' lang='lat' dir='ltr'><strong>a</strong></span> <span class='ocrx_word' id='word_1_272' title='bbox 447 2981 609 3056; x_wconf 24' lang='lat' dir='ltr'><strong>Qtulntiliauo</strong></span> <span class='ocrx_word' id='word_1_273' title='bbox 628 2981 669 3030; x_wconf 93' lang='lat'><strong>111</strong></span> <span class='ocrx_word' id='word_1_274' title='bbox 692 2980 701 3030; x_wconf 98' lang='lat' dir='ltr'><strong>l</strong></span> <span class='ocrx_word' id='word_1_275' title='bbox 724 2980 807 3043; x_wconf 74' lang='lat' dir='ltr'><strong>1o[ct“.</strong></span> <span class='ocrx_word' id='word_1_276' title='bbox 827 2982 853 3032; x_wconf 93' lang='lat'><strong>11</strong></span> <span class='ocrx_word' id='word_1_277' title='bbox 876 2980 906 3033; x_wconf 85' lang='lat'><strong>15</strong></span> <span class='ocrx_word' id='word_1_278' title='bbox 925 2980 961 3044; x_wconf 78' lang='lat' dir='ltr'><strong>tt]</strong></span> <span class='ocrx_word' id='word_1_279' title='bbox 991 2984 1057 3032; x_wconf 79' lang='lat' dir='ltr'><strong>inter</strong></span> <span class='ocrx_word' id='word_1_280' title='bbox 1080 2985 1248 3047; x_wconf 85' lang='lat' dir='ltr'><strong>Apollonium</strong></span> <span class='ocrx_word' id='word_1_281' title='bbox 1272 2985 1405 3035; x_wconf 81' lang='lat' dir='ltr'><strong>Molonem</strong></span> <span class='ocrx_word' id='word_1_282' title='bbox 1434 2996 1458 3035; x_wconf 88' lang='lat' dir='ltr'><strong>et</strong></span> 
     </span>
     <span class='ocr_line' id='line_1_27' title="bbox 95 3071 425 3120; baseline -0.012 0"><span class='ocrx_word' id='word_1_283' title='bbox 95 3071 243 3120; x_wconf 65' lang='lat' dir='ltr'><strong>Caecilium</strong></span> <span class='ocrx_word' id='word_1_284' title='bbox 262 3076 425 3120; x_wconf 85' lang='lat' dir='ltr'><strong>enumeratus</strong></span> 
     </span>
    </p>

    <p class='ocr_par' dir='ltr' id='par_1_5' title="bbox 129 3152 1051 3223">
     <span class='ocr_line' id='line_1_28' title="bbox 129 3152 1051 3223; baseline -0.001 -17"><span class='ocrx_word' id='word_1_285' title='bbox 129 3156 158 3218; x_wconf 90' lang='grc'><strong>5)</strong></span> <span class='ocrx_word' id='word_1_286' title='bbox 176 3152 267 3223; x_wconf 80' lang='grc' dir='ltr'><strong>Ἄρειος</strong></span> <span class='ocrx_word' id='word_1_287' title='bbox 285 3153 299 3206; x_wconf 82' lang='grc' dir='ltr'><strong>δ</strong></span> <span class='ocrx_word' id='word_1_288' title='bbox 317 3152 414 3222; x_wconf 83' lang='grc' dir='ltr'><strong>ψοίλτης</strong></span> <span class='ocrx_word' id='word_1_289' title='bbox 432 3153 580 3204; x_wconf 75' lang='lat' dir='ltr'><strong>Stratonice</strong></span> <span class='ocrx_word' id='word_1_290' title='bbox 599 3156 714 3216; x_wconf 83' lang='lat' dir='ltr'><strong>aeqnahs</strong></span> <span class='ocrx_word' id='word_1_291' title='bbox 735 3155 830 3206; x_wconf 82' lang='lat' dir='ltr'><strong>Athen.</strong></span> <span class='ocrx_word' id='word_1_292' title='bbox 851 3156 917 3206; x_wconf 91' lang='lat' dir='ltr'><strong>VIII</strong></span> <span class='ocrx_word' id='word_1_293' title='bbox 936 3172 960 3220; x_wconf 90' lang='lat' dir='ltr'><strong>p.</strong></span> <span class='ocrx_word' id='word_1_294' title='bbox 974 3153 1051 3206; x_wconf 69' lang='lat'><strong>352³</strong></span> 
     </span>
    </p>

    <p class='ocr_par' dir='ltr' id='par_1_6' title="bbox 133 3238 714 3311">
     <span class='ocr_line' id='line_1_29' title="bbox 133 3238 714 3311; baseline -0.012 -15"><span class='ocrx_word' id='word_1_295' title='bbox 133 3246 161 3306; x_wconf 86' lang='grc'><strong>6)</strong></span> <span class='ocrx_word' id='word_1_296' title='bbox 177 3239 278 3311; x_wconf 79' lang='grc' dir='ltr'><strong>Ἄρειος</strong></span> <span class='ocrx_word' id='word_1_297' title='bbox 296 3242 322 3293; x_wconf 78' lang='grc' dir='ltr'><strong>ἐν</strong></span> <span class='ocrx_word' id='word_1_298' title='bbox 340 3246 391 3297; x_wconf 88' lang='grc' dir='ltr'><strong>τοῖς</strong></span> <span class='ocrx_word' id='word_1_299' title='bbox 410 3238 492 3290; x_wconf 76' lang='grc' dir='ltr'><strong>ἔπεσιν</strong></span> <span class='ocrx_word' id='word_1_300' title='bbox 510 3243 587 3290; x_wconf 85' lang='lat' dir='ltr'><strong>l’aus.</strong></span> <span class='ocrx_word' id='word_1_301' title='bbox 606 3242 619 3290; x_wconf 94' lang='lat'>1</span> <span class='ocrx_word' id='word_1_302' title='bbox 642 3241 672 3292; x_wconf 84' lang='lat'><strong>13</strong></span> <span class='ocrx_word' id='word_1_303' title='bbox 692 3251 714 3289; x_wconf 84' lang='lat' dir='ltr'><strong>ra</strong></span> 
     </span>
    </p>

    <p class='ocr_par' dir='ltr' id='par_1_7' title="bbox 93 3322 1457 3471">
     <span class='ocr_line' id='line_1_30' title="bbox 133 3322 1457 3400; baseline 0.003 -19"><span class='ocrx_word' id='word_1_304' title='bbox 133 3330 160 3392; x_wconf 83' lang='grc'><strong>7)</strong></span> <span class='ocrx_word' id='word_1_305' title='bbox 175 3327 366 3398; x_wconf 71' lang='grc' dir='ltr'><strong>Ἀσκληπιάδης</strong></span> <span class='ocrx_word' id='word_1_306' title='bbox 384 3327 397 3379; x_wconf 80' lang='grc' dir='ltr'><strong>ὁ</strong></span> <span class='ocrx_word' id='word_1_307' title='bbox 415 3331 461 3378; x_wconf 78' lang='grc' dir='ltr'><strong>τοῦ</strong></span> <span class='ocrx_word' id='word_1_308' title='bbox 477 3322 597 3394; x_wconf 82' lang='grc' dir='ltr'><strong>Ἀρείου</strong></span> <span class='ocrx_word' id='word_1_309' title='bbox 615 3328 641 3378; x_wconf 86' lang='grc' dir='ltr'><strong>ἐν</strong></span> <span class='ocrx_word' id='word_1_310' title='bbox 659 3334 695 3396; x_wconf 77' lang='grc' dir='ltr'><strong>τῷ</strong></span> <span class='ocrx_word' id='word_1_311' title='bbox 715 3329 769 3396; x_wconf 82' lang='grc' dir='ltr'><strong>περὶ</strong></span> <span class='ocrx_word' id='word_1_312' title='bbox 787 3325 931 3397; x_wconf 76' lang='grc' dir='ltr'><strong>Δημητρίου</strong></span> <span class='ocrx_word' id='word_1_313' title='bbox 948 3331 994 3379; x_wconf 79' lang='grc' dir='ltr'><strong>τοῦ</strong></span> <span class='ocrx_word' id='word_1_314' title='bbox 1012 3324 1151 3398; x_wconf 81' lang='grc' dir='ltr'><strong>Φαληρέως</strong></span> <span class='ocrx_word' id='word_1_315' title='bbox 1170 3334 1340 3400; x_wconf 74' lang='grc' dir='ltr'><strong>συγγράμματι</strong></span> <span class='ocrx_word' id='word_1_316' title='bbox 1362 3337 1457 3386; x_wconf 80' lang='lat' dir='ltr'><strong>Athen.</strong></span> 
     </span>
     <span class='ocr_line' id='line_1_31' title="bbox 93 3418 263 3471; baseline -0.018 0"><span class='ocrx_word' id='word_1_317' title='bbox 93 3421 166 3471; x_wconf 83' lang='lat' dir='ltr'><strong>xm</strong></span> <span class='ocrx_word' id='word_1_318' title='bbox 185 3418 263 3471; x_wconf 79' lang='grc'><strong>5675</strong></span> 
     </span>
    </p>

    <p class='ocr_par' dir='ltr' id='par_1_8' title="bbox 131 3495 910 3572">
     <span class='ocr_line' id='line_1_32' title="bbox 131 3495 910 3572; baseline -0.01 -15"><span class='ocrx_word' id='word_1_319' title='bbox 131 3505 159 3568; x_wconf 87' lang='grc'><strong>8)</strong></span> <span class='ocrx_word' id='word_1_320' title='bbox 176 3501 275 3572; x_wconf 81' lang='grc' dir='ltr'><strong>Ἄρειος</strong></span> <span class='ocrx_word' id='word_1_321' title='bbox 294 3499 448 3553; x_wconf 64' lang='lat' dir='ltr'><strong>commotos</strong></span> <span class='ocrx_word' id='word_1_322' title='bbox 467 3501 493 3550; x_wconf 75' lang='lat' dir='ltr'><strong>ts</strong></span> <span class='ocrx_word' id='word_1_323' title='bbox 510 3506 542 3568; x_wconf 72' lang='grc' dir='ltr'><strong>τῇ</strong></span> <span class='ocrx_word' id='word_1_324' title='bbox 562 3495 701 3568; x_wconf 71' lang='grc' dir='ltr'><strong>Τευθρανίᾳ</strong></span> <span class='ocrx_word' id='word_1_325' title='bbox 719 3504 796 3552; x_wconf 83' lang='lat' dir='ltr'><strong>Pons.</strong></span> <span class='ocrx_word' id='word_1_326' title='bbox 816 3502 826 3549; x_wconf 97' lang='lat' dir='ltr'><strong>l</strong></span> <span class='ocrx_word' id='word_1_327' title='bbox 851 3501 877 3552; x_wconf 94' lang='lat' dir='ltr'><strong>ll</strong></span> <span class='ocrx_word' id='word_1_328' title='bbox 898 3513 910 3549; x_wconf 80' lang='lat' dir='ltr'><strong>a</strong></span> 
     </span>
    </p>

    <p class='ocr_par' dir='ltr' id='par_1_9' title="bbox 132 3584 1370 3659">
     <span class='ocr_line' id='line_1_33' title="bbox 132 3584 1370 3659; baseline 0.002 -15"><span class='ocrx_word' id='word_1_329' title='bbox 132 3593 158 3654; x_wconf 84' lang='grc'><strong>9)</strong></span> <span class='ocrx_word' id='word_1_330' title='bbox 174 3588 276 3659; x_wconf 88' lang='grc' dir='ltr'><strong>Ἄρειος</strong></span> <span class='ocrx_word' id='word_1_331' title='bbox 292 3587 424 3658; x_wconf 82' lang='grc' dir='ltr'><strong>Δωρίωνος</strong></span> <span class='ocrx_word' id='word_1_332' title='bbox 443 3584 572 3645; x_wconf 73' lang='grc' dir='ltr'><strong>Παιανιεὺς</strong></span> <span class='ocrx_word' id='word_1_333' title='bbox 591 3589 688 3639; x_wconf 91' lang='lat' dir='ltr'><strong>archon</strong></span> <span class='ocrx_word' id='word_1_334' title='bbox 709 3591 873 3639; x_wconf 80' lang='lat' dir='ltr'><strong>Atheniensis</strong></span> <span class='ocrx_word' id='word_1_335' title='bbox 892 3600 950 3654; x_wconf 93' lang='lat' dir='ltr'><strong>post</strong></span> <span class='ocrx_word' id='word_1_336' title='bbox 968 3607 991 3640; x_wconf 87' lang='lat' dir='ltr'><strong>a.</strong></span> <span class='ocrx_word' id='word_1_337' title='bbox 1011 3588 1044 3640; x_wconf 78' lang='lat'><strong>27</strong></span> <span class='ocrx_word' id='word_1_338' title='bbox 1063 3608 1086 3640; x_wconf 79' lang='lat' dir='ltr'><strong>a</strong></span> <span class='ocrx_word' id='word_1_339' title='bbox 1107 3594 1167 3643; x_wconf 87' lang='lat' dir='ltr'><strong>Chr.</strong></span> <span class='ocrx_word' id='word_1_340' title='bbox 1187 3596 1216 3644; x_wconf 90' lang='lat' dir='ltr'><strong>C.</strong></span> <span class='ocrx_word' id='word_1_341' title='bbox 1233 3596 1253 3644; x_wconf 92' lang='lat'><strong>1.</strong></span> <span class='ocrx_word' id='word_1_342' title='bbox 1266 3596 1298 3646; x_wconf 86' lang='lat' dir='ltr'><strong>G.</strong></span> <span class='ocrx_word' id='word_1_343' title='bbox 1317 3594 1370 3647; x_wconf 79' lang='grc'><strong>478</strong></span> 
     </span>
    </p>

    <p class='ocr_par' dir='ltr' id='par_1_10' title="bbox 115 3676 1280 3746">
     <span class='ocr_line' id='line_1_34' title="bbox 115 3676 1280 3746; baseline 0 -19"><span class='ocrx_word' id='word_1_344' title='bbox 115 3679 160 3743; x_wconf 97' lang='grc'><strong>10)</strong></span> <span class='ocrx_word' id='word_1_345' title='bbox 177 3676 277 3746; x_wconf 80' lang='grc' dir='ltr'><strong>Ἄρειος</strong></span> <span class='ocrx_word' id='word_1_346' title='bbox 296 3694 417 3728; x_wconf 87' lang='lat' dir='ltr'><strong>romanus</strong></span> <span class='ocrx_word' id='word_1_347' title='bbox 436 3679 551 3726; x_wconf 72' lang='lat' dir='ltr'><strong>centurio</strong></span> <span class='ocrx_word' id='word_1_348' title='bbox 571 3676 673 3740; x_wconf 85' lang='lat' dir='ltr'><strong>Ioseph.</strong></span> <span class='ocrx_word' id='word_1_349' title='bbox 693 3676 763 3725; x_wconf 77' lang='lat' dir='ltr'><strong>arch.</strong></span> <span class='ocrx_word' id='word_1_350' title='bbox 782 3677 862 3726; x_wconf 91' lang='lat' dir='ltr'><strong>XVII</strong></span> <span class='ocrx_word' id='word_1_351' title='bbox 884 3676 914 3727; x_wconf 90' lang='lat'><strong>10</strong></span> <span class='ocrx_word' id='word_1_352' title='bbox 933 3687 952 3739; x_wconf 82' lang='lat' dir='ltr'><strong>t,</strong></span> <span class='ocrx_word' id='word_1_353' title='bbox 971 3679 1029 3728; x_wconf 89' lang='lat' dir='ltr'><strong>bell.</strong></span> <span class='ocrx_word' id='word_1_354' title='bbox 1049 3680 1105 3729; x_wconf 87' lang='lat' dir='ltr'><strong>lud.</strong></span> <span class='ocrx_word' id='word_1_355' title='bbox 1126 3683 1151 3731; x_wconf 96' lang='lat' dir='ltr'><strong>ll</strong></span> <span class='ocrx_word' id='word_1_356' title='bbox 1171 3680 1217 3735; x_wconf 73' lang='grc'><strong>43</strong></span> <span class='ocrx_word' id='word_1_357' title='bbox 1235 3681 1251 3733; x_wconf 92' lang='grc'><strong>5</strong></span> <span class='ocrx_word' id='word_1_358' title='bbox 1271 3692 1280 3728; x_wconf 83' lang='grc'><strong>1</strong></span> 
     </span>
    </p>

    <p class='ocr_par' dir='ltr' id='par_1_11' title="bbox 116 3762 533 3834">
     <span class='ocr_line' id='line_1_35' title="bbox 116 3762 533 3834; baseline -0.014 -15"><span class='ocrx_word' id='word_1_359' title='bbox 116 3768 158 3829; x_wconf 91' lang='grc'><strong>11)</strong></span> <span class='ocrx_word' id='word_1_360' title='bbox 174 3762 276 3834; x_wconf 84' lang='grc' dir='ltr'><strong>Ἄρειος</strong></span> <span class='ocrx_word' id='word_1_361' title='bbox 294 3775 370 3816; x_wconf 91' lang='lat' dir='ltr'><strong>notus</strong></span> <span class='ocrx_word' id='word_1_362' title='bbox 389 3767 533 3815; x_wconf 82' lang='lat' dir='ltr'><strong>haereticus</strong></span> 
     </span>
    </p>

    <p class='ocr_par' dir='ltr' id='par_1_12' title="bbox 117 3846 1192 3921">
     <span class='ocr_line' id='line_1_36' title="bbox 117 3846 1192 3921; baseline 0 -15"><span class='ocrx_word' id='word_1_363' title='bbox 117 3853 158 3916; x_wconf 80' lang='lat'><strong>12)</strong></span> <span class='ocrx_word' id='word_1_364' title='bbox 180 3851 293 3921; x_wconf 72' lang='grc' dir='ltr'><strong>Αὐρηλία</strong></span> <span class='ocrx_word' id='word_1_365' title='bbox 312 3847 430 3902; x_wconf 82' lang='grc' dir='ltr'><strong>Συλλεῖνιι</strong></span> <span class='ocrx_word' id='word_1_366' title='bbox 448 3846 547 3917; x_wconf 87' lang='grc' dir='ltr'><strong>Ἄρείου</strong></span> <span class='ocrx_word' id='word_1_367' title='bbox 566 3852 595 3900; x_wconf 84' lang='lat' dir='ltr'><strong>C.</strong></span> <span class='ocrx_word' id='word_1_368' title='bbox 609 3853 630 3901; x_wconf 92' lang='lat'><strong>1.</strong></span> <span class='ocrx_word' id='word_1_369' title='bbox 644 3853 675 3902; x_wconf 85' lang='lat' dir='ltr'><strong>G.</strong></span> <span class='ocrx_word' id='word_1_370' title='bbox 689 3850 758 3902; x_wconf 87' lang='grc'><strong>3419</strong></span> <span class='ocrx_word' id='word_1_371' title='bbox 777 3855 853 3902; x_wconf 86' lang='lat' dir='ltr'><strong>inser.</strong></span> <span class='ocrx_word' id='word_1_372' title='bbox 872 3851 1068 3917; x_wconf 88' lang='lat' dir='ltr'><strong>Philadelphiae</strong></span> <span class='ocrx_word' id='word_1_373' title='bbox 1086 3857 1192 3906; x_wconf 82' lang='lat' dir='ltr'><strong>inventa</strong></span> 
     </span>
    </p>

    <p class='ocr_par' dir='ltr' id='par_1_13' title="bbox 115 3937 723 4009">
     <span class='ocr_line' id='line_1_37' title="bbox 115 3937 723 4009; baseline -0.008 -17"><span class='ocrx_word' id='word_1_374' title='bbox 115 3941 156 4002; x_wconf 87' lang='grc'><strong>13)</strong></span> <span class='ocrx_word' id='word_1_375' title='bbox 173 3938 273 4009; x_wconf 81' lang='grc' dir='ltr'><strong>Ἄρειος</strong></span> <span class='ocrx_word' id='word_1_376' title='bbox 292 3940 353 3991; x_wconf 89' lang='lat' dir='ltr'><strong>ibid.</strong></span> <span class='ocrx_word' id='word_1_377' title='bbox 373 3937 450 3991; x_wconf 75' lang='lat'><strong>3823.</strong></span> <span class='ocrx_word' id='word_1_378' title='bbox 470 3940 601 4003; x_wconf 86' lang='lat' dir='ltr'><strong>Cotyaeae</strong></span> <span class='ocrx_word' id='word_1_379' title='bbox 622 3948 723 4003; x_wconf 88' lang='lat' dir='ltr'><strong>reperta</strong></span> 
     </span>
    </p>

    <p class='ocr_par' dir='ltr' id='par_1_14' title="bbox 92 4018 1456 4181">
     <span class='ocr_line' id='line_1_38' title="bbox 117 4018 1456 4098; baseline 0.004 -19"><span class='ocrx_word' id='word_1_380' title='bbox 117 4030 159 4091; x_wconf 90' lang='grc'><strong>14)</strong></span> <span class='ocrx_word' id='word_1_381' title='bbox 176 4025 275 4096; x_wconf 86' lang='grc' dir='ltr'><strong>Ἄρειος</strong></span> <span class='ocrx_word' id='word_1_382' title='bbox 292 4024 426 4095; x_wconf 75' lang='grc' dir='ltr'><strong>Ὁμηρικὸς</strong></span> <span class='ocrx_word' id='word_1_383' title='bbox 448 4024 553 4092; x_wconf 77' lang='grc' dir='ltr'><strong>ποιητὴς</strong></span> <span class='ocrx_word' id='word_1_384' title='bbox 576 4023 606 4074; x_wconf 77' lang='grc' dir='ltr'><strong>ἐκ</strong></span> <span class='ocrx_word' id='word_1_385' title='bbox 625 4018 754 4089; x_wconf 47' lang='grc' dir='ltr'><strong>’,Μουσείου</strong></span> <span class='ocrx_word' id='word_1_386' title='bbox 779 4027 990 4076; x_wconf 75' lang='lat' dir='ltr'><strong>Orelli-Hennes</strong></span> <span class='ocrx_word' id='word_1_387' title='bbox 1011 4028 1050 4077; x_wconf 91' lang='lat' dir='ltr'><strong>lII</strong></span> <span class='ocrx_word' id='word_1_388' title='bbox 1070 4046 1094 4093; x_wconf 89' lang='lat' dir='ltr'><strong>p.</strong></span> <span class='ocrx_word' id='word_1_389' title='bbox 1112 4028 1173 4091; x_wconf 77' lang='lat'>124,</span> <span class='ocrx_word' id='word_1_390' title='bbox 1198 4033 1288 4082; x_wconf 82' lang='lat' dir='ltr'><strong>Kaihel</strong></span> <span class='ocrx_word' id='word_1_391' title='bbox 1308 4037 1456 4098; x_wconf 81' lang='lat' dir='ltr'><strong>epigramm.</strong></span> 
     </span>
     <span class='ocr_line' id='line_1_39' title="bbox 92 4113 314 4181; baseline -0.005 -15"><span class='ocrx_word' id='word_1_392' title='bbox 92 4135 118 4166; x_wconf 89' lang='lat' dir='ltr'><strong>n.</strong></span> <span class='ocrx_word' id='word_1_393' title='bbox 136 4115 204 4168; x_wconf 90' lang='grc'><strong>1009</strong></span> <span class='ocrx_word' id='word_1_394' title='bbox 224 4135 248 4181; x_wconf 87' lang='grc' dir='ltr'><strong>ρ.</strong></span> <span class='ocrx_word' id='word_1_395' title='bbox 261 4113 314 4166; x_wconf 79' lang='grc'><strong>425</strong></span> 
     </span>
    </p>

    <p class='ocr_par' dir='ltr' id='par_1_15' title="bbox 115 4197 1338 4271">
     <span class='ocr_line' id='line_1_40' title="bbox 115 4197 1338 4271; baseline 0.005 -19"><span class='ocrx_word' id='word_1_396' title='bbox 115 4201 159 4263; x_wconf 90' lang='grc'><strong>15)</strong></span> <span class='ocrx_word' id='word_1_397' title='bbox 177 4197 273 4270; x_wconf 89' lang='grc' dir='ltr'><strong>Ἄρηος</strong></span> <span class='ocrx_word' id='word_1_398' title='bbox 285 4198 424 4269; x_wconf 73' lang='grc' dir='ltr'><strong>τ-Ἀρειος</strong></span> <span class='ocrx_word' id='word_1_399' title='bbox 442 4217 531 4266; x_wconf 82' lang='lat' dir='ltr'><strong>papyr.</strong></span> <span class='ocrx_word' id='word_1_400' title='bbox 550 4211 650 4264; x_wconf 83' lang='lat' dir='ltr'><strong>aegypt.</strong></span> <span class='ocrx_word' id='word_1_401' title='bbox 670 4205 754 4254; x_wconf 89' lang='lat' dir='ltr'><strong>Notio.</strong></span> <span class='ocrx_word' id='word_1_402' title='bbox 774 4211 799 4252; x_wconf 88' lang='lat' dir='ltr'><strong>et</strong></span> <span class='ocrx_word' id='word_1_403' title='bbox 817 4213 880 4252; x_wconf 77' lang='lat' dir='ltr'><strong>extr.</strong></span> <span class='ocrx_word' id='word_1_404' title='bbox 901 4205 926 4253; x_wconf 93' lang='lat' dir='ltr'><strong>d.</strong></span> <span class='ocrx_word' id='word_1_405' title='bbox 946 4219 1073 4256; x_wconf 85' lang='lat' dir='ltr'><strong>manuscr.</strong></span> <span class='ocrx_word' id='word_1_406' title='bbox 1093 4208 1186 4257; x_wconf 87' lang='lat' dir='ltr'><strong>XVIII</strong></span> <span class='ocrx_word' id='word_1_407' title='bbox 1206 4205 1221 4256; x_wconf 75' lang='lat'><strong>‘2</strong></span> <span class='ocrx_word' id='word_1_408' title='bbox 1241 4225 1264 4271; x_wconf 90' lang='lat' dir='ltr'><strong>p.</strong></span> <span class='ocrx_word' id='word_1_409' title='bbox 1279 4207 1338 4260; x_wconf 84' lang='lat'><strong>331.</strong></span> 
     </span>
    </p>

    <p class='ocr_par' dir='ltr' id='par_1_16' title="bbox 90 4288 1457 4951">
     <span class='ocr_line' id='line_1_41' title="bbox 169 4288 1456 4355; baseline 0.005 -15"><span class='ocrx_word' id='word_1_410' title='bbox 169 4288 176 4319; x_wconf 91' lang='lat'>¹</span> <span class='ocrx_word' id='word_1_411' title='bbox 196 4292 228 4340; x_wconf 84' lang='lat' dir='ltr'><strong>de</strong></span> <span class='ocrx_word' id='word_1_412' title='bbox 253 4292 330 4341; x_wconf 81' lang='lat' dir='ltr'><strong>variis</strong></span> <span class='ocrx_word' id='word_1_413' title='bbox 353 4292 442 4340; x_wconf 80' lang='lat' dir='ltr'><strong>formis</strong></span> <span class='ocrx_word' id='word_1_414' title='bbox 466 4294 519 4355; x_wconf 88' lang='lat' dir='ltr'><strong>ogit</strong></span> <span class='ocrx_word' id='word_1_415' title='bbox 541 4299 684 4355; x_wconf 87' lang='lat' dir='ltr'><strong>postremus</strong></span> <span class='ocrx_word' id='word_1_416' title='bbox 706 4291 888 4354; x_wconf 84' lang='lat' dir='ltr'><strong>Dittenberger</strong></span> <span class='ocrx_word' id='word_1_417' title='bbox 910 4293 1049 4342; x_wconf 84' lang='lat' dir='ltr'><strong>Archaeol.</strong></span> <span class='ocrx_word' id='word_1_418' title='bbox 1074 4295 1102 4344; x_wconf 83' lang='lat' dir='ltr'><strong>Z.</strong></span> <span class='ocrx_word' id='word_1_419' title='bbox 1129 4296 1244 4346; x_wconf 87' lang='lat' dir='ltr'><strong>XXXIV</strong></span> <span class='ocrx_word' id='word_1_420' title='bbox 1265 4295 1298 4347; x_wconf 85' lang='grc'><strong>59</strong></span> <span class='ocrx_word' id='word_1_421' title='bbox 1321 4307 1347 4346; x_wconf 86' lang='lat' dir='ltr'><strong>et</strong></span> <span class='ocrx_word' id='word_1_422' title='bbox 1369 4300 1456 4347; x_wconf 83' lang='lat' dir='ltr'><strong>Herm.</strong></span> 
     </span>
     <span class='ocr_line' id='line_1_42' title="bbox 96 4375 1456 4446; baseline 0.005 -20"><span class='ocrx_word' id='word_1_423' title='bbox 96 4377 164 4426; x_wconf 85' lang='lat' dir='ltr'><strong>XIII</strong></span> <span class='ocrx_word' id='word_1_424' title='bbox 183 4375 226 4428; x_wconf 80' lang='lat'><strong>67.</strong></span> <span class='ocrx_word' id='word_1_425' title='bbox 246 4386 324 4427; x_wconf 82' lang='lat' dir='ltr'><strong>antea</strong></span> <span class='ocrx_word' id='word_1_426' title='bbox 336 4377 439 4440; x_wconf 81' lang='lat' dir='ltr'><strong>Iloeper</strong></span> <span class='ocrx_word' id='word_1_427' title='bbox 451 4380 480 4427; x_wconf 90' lang='lat' dir='ltr'><strong>Z.</strong></span> <span class='ocrx_word' id='word_1_428' title='bbox 499 4380 516 4428; x_wconf 81' lang='lat' dir='ltr'><strong>t.</strong></span> <span class='ocrx_word' id='word_1_429' title='bbox 535 4379 731 4428; x_wconf 83' lang='lat' dir='ltr'><strong>Alterthumsw.</strong></span> <span class='ocrx_word' id='word_1_430' title='bbox 753 4377 818 4431; x_wconf 77' lang='grc'><strong>1852</strong></span> <span class='ocrx_word' id='word_1_431' title='bbox 837 4377 889 4430; x_wconf 88' lang='grc'><strong>434</strong></span> <span class='ocrx_word' id='word_1_432' title='bbox 898 4396 937 4442; x_wconf 88' lang='lat' dir='ltr'><strong>sq.</strong></span> <span class='ocrx_word' id='word_1_433' title='bbox 961 4384 1004 4443; x_wconf 89' lang='lat' dir='ltr'><strong>qui</strong></span> <span class='ocrx_word' id='word_1_434' title='bbox 1029 4388 1113 4430; x_wconf 79' lang='lat' dir='ltr'><strong>tamen</strong></span> <span class='ocrx_word' id='word_1_435' title='bbox 1133 4383 1198 4432; x_wconf 82' lang='lat' dir='ltr'><strong>falsa</strong></span> <span class='ocrx_word' id='word_1_436' title='bbox 1220 4383 1363 4433; x_wconf 86' lang='lat' dir='ltr'><strong>admiscuit.</strong></span> <span class='ocrx_word' id='word_1_437' title='bbox 1387 4387 1456 4446; x_wconf 88' lang='lat' dir='ltr'><strong>quod</strong></span> 
     </span>
     <span class='ocr_line' id='line_1_43' title="bbox 93 4460 1456 4533; baseline 0.005 -20"><span class='ocrx_word' id='word_1_438' title='bbox 93 4465 121 4514; x_wconf 90' lang='lat' dir='ltr'><strong>in</strong></span> <span class='ocrx_word' id='word_1_439' title='bbox 140 4465 228 4528; x_wconf 86' lang='lat' dir='ltr'><strong>elogio</strong></span> <span class='ocrx_word' id='word_1_440' title='bbox 242 4479 259 4512; x_wconf 86' lang='grc' dir='ltr'><strong>ιι</strong></span> <span class='ocrx_word' id='word_1_441' title='bbox 272 4464 429 4515; x_wconf 84' lang='lat' dir='ltr'><strong>Philostrato</strong></span> <span class='ocrx_word' id='word_1_442' title='bbox 448 4475 551 4516; x_wconf 84' lang='lat' dir='ltr'><strong>serrato</strong></span> <span class='ocrx_word' id='word_1_443' title='bbox 567 4469 598 4516; x_wconf 91' lang='lat' dir='ltr'><strong>V.</strong></span> <span class='ocrx_word' id='word_1_444' title='bbox 611 4467 638 4517; x_wconf 89' lang='lat' dir='ltr'><strong>S.</strong></span> <span class='ocrx_word' id='word_1_445' title='bbox 658 4483 681 4528; x_wconf 90' lang='grc' dir='ltr'><strong>ρ.</strong></span> <span class='ocrx_word' id='word_1_446' title='bbox 696 4463 746 4518; x_wconf 84' lang='grc'><strong>566</strong></span> <span class='ocrx_word' id='word_1_447' title='bbox 765 4460 876 4515; x_wconf 73' lang='grc' dir='ltr'><strong>Ἀττικοῦ</strong></span> <span class='ocrx_word' id='word_1_448' title='bbox 889 4461 1003 4533; x_wconf 81' lang='grc' dir='ltr'><strong>Ἠρώὸης</strong></span> <span class='ocrx_word' id='word_1_449' title='bbox 1022 4472 1204 4532; x_wconf 85' lang='lat' dir='ltr'><strong>transpositum</strong></span> <span class='ocrx_word' id='word_1_450' title='bbox 1222 4479 1268 4522; x_wconf 87' lang='lat' dir='ltr'><strong>est.</strong></span> <span class='ocrx_word' id='word_1_451' title='bbox 1288 4487 1362 4519; x_wconf 80' lang='lat' dir='ltr'><strong>versu</strong></span> <span class='ocrx_word' id='word_1_452' title='bbox 1381 4473 1456 4520; x_wconf 82' lang='lat' dir='ltr'><strong>effec-</strong></span> 
     </span>
     <span class='ocr_line' id='line_1_44' title="bbox 93 4547 1457 4620; baseline 0.007 -22"><span class='ocrx_word' id='word_1_453' title='bbox 93 4563 149 4600; x_wconf 86' lang='lat' dir='ltr'><strong>tum</strong></span> <span class='ocrx_word' id='word_1_454' title='bbox 167 4553 276 4613; x_wconf 81' lang='lat' dir='ltr'><strong>uidetur,</strong></span> <span class='ocrx_word' id='word_1_455' title='bbox 296 4555 344 4602; x_wconf 91' lang='lat' dir='ltr'><strong>nisi</strong></span> <span class='ocrx_word' id='word_1_456' title='bbox 363 4547 471 4609; x_wconf 79' lang='grc' dir='ltr'><strong>Ἀττικὸς</strong></span> <span class='ocrx_word' id='word_1_457' title='bbox 485 4548 600 4620; x_wconf 82' lang='grc' dir='ltr'><strong>Ἡρώδης</strong></span> <span class='ocrx_word' id='word_1_458' title='bbox 620 4554 757 4602; x_wconf 82' lang='lat' dir='ltr'><strong>rescribere</strong></span> <span class='ocrx_word' id='word_1_459' title='bbox 777 4562 897 4616; x_wconf 87' lang='lat' dir='ltr'><strong>praestat.</strong></span> <span class='ocrx_word' id='word_1_460' title='bbox 917 4555 948 4603; x_wconf 80' lang='lat' dir='ltr'><strong>ci.</strong></span> <span class='ocrx_word' id='word_1_461' title='bbox 962 4557 1081 4619; x_wconf 85' lang='lat' dir='ltr'><strong>exempla</strong></span> <span class='ocrx_word' id='word_1_462' title='bbox 1093 4556 1292 4619; x_wconf 85' lang='lat' dir='ltr'><strong>Ditteubergeri.</strong></span> <span class='ocrx_word' id='word_1_463' title='bbox 1324 4557 1373 4606; x_wconf 90' lang='lat' dir='ltr'><strong>hoc</strong></span> <span class='ocrx_word' id='word_1_464' title='bbox 1393 4561 1457 4608; x_wconf 79' lang='lat' dir='ltr'><strong>iuter</strong></span> 
     </span>
     <span class='ocr_line' id='line_1_45' title="bbox 93 4632 1455 4706; baseline 0.005 -19"><span class='ocrx_word' id='word_1_465' title='bbox 93 4654 183 4689; x_wconf 82' lang='lat' dir='ltr'><strong>omncs</strong></span> <span class='ocrx_word' id='word_1_466' title='bbox 207 4648 309 4689; x_wconf 83' lang='lat' dir='ltr'><strong>constat</strong></span> <span class='ocrx_word' id='word_1_467' title='bbox 323 4632 424 4706; x_wconf 80' lang='grc' dir='ltr'><strong>Ἡρώδη</strong></span> <span class='ocrx_word' id='word_1_468' title='bbox 447 4635 565 4690; x_wconf 77' lang='grc' dir='ltr'><strong>Ἄττικόν</strong></span> <span class='ocrx_word' id='word_1_469' title='bbox 590 4640 717 4691; x_wconf 81' lang='lat' dir='ltr'><strong>Graecum</strong></span> <span class='ocrx_word' id='word_1_470' title='bbox 743 4642 870 4690; x_wconf 83' lang='lat' dir='ltr'><strong>nsmhrem</strong></span> <span class='ocrx_word' id='word_1_471' title='bbox 893 4641 997 4690; x_wconf 79' lang='lat' dir='ltr'><strong>dixisse.</strong></span> <span class='ocrx_word' id='word_1_472' title='bbox 1034 4646 1061 4691; x_wconf 81' lang='lat' dir='ltr'><strong>tu</strong></span> <span class='ocrx_word' id='word_1_473' title='bbox 1086 4643 1218 4691; x_wconf 84' lang='lat' dir='ltr'><strong>ridIcuhun</strong></span> <span class='ocrx_word' id='word_1_474' title='bbox 1247 4659 1358 4692; x_wconf 87' lang='lat' dir='ltr'><strong>errorem</strong></span> <span class='ocrx_word' id='word_1_475' title='bbox 1384 4645 1455 4694; x_wconf 90' lang='lat' dir='ltr'><strong>Butt-</strong></span> 
     </span>
     <span class='ocr_line' id='line_1_46' title="bbox 92 4722 1455 4797; baseline 0.006 -24"><span class='ocrx_word' id='word_1_476' title='bbox 92 4740 216 4774; x_wconf 79' lang='lat' dir='ltr'><strong>mannum</strong></span> <span class='ocrx_word' id='word_1_477' title='bbox 236 4725 282 4776; x_wconf 86' lang='lat' dir='ltr'><strong>Gr.</strong></span> <span class='ocrx_word' id='word_1_478' title='bbox 302 4726 346 4776; x_wconf 83' lang='lat' dir='ltr'><strong>Gr.</strong></span> <span class='ocrx_word' id='word_1_479' title='bbox 361 4724 454 4777; x_wconf 73' lang='grc'><strong>11436</strong></span> <span class='ocrx_word' id='word_1_480' title='bbox 472 4728 575 4776; x_wconf 84' lang='lat' dir='ltr'><strong>induxit</strong></span> <span class='ocrx_word' id='word_1_481' title='bbox 593 4726 688 4777; x_wconf 77' lang='lat' dir='ltr'><strong>Suridae</strong></span> <span class='ocrx_word' id='word_1_482' title='bbox 708 4734 797 4790; x_wconf 88' lang='lat' dir='ltr'><strong>stupor</strong></span> <span class='ocrx_word' id='word_1_483' title='bbox 814 4722 938 4783; x_wconf 66' lang='lat' dir='ltr'><strong>dictricte&lt;</strong></span> <span class='ocrx_word' id='word_1_484' title='bbox 957 4723 1135 4796; x_wconf 80' lang='grc' dir='ltr'><strong>Ἀλεξανδρεὺς,</strong></span> <span class='ocrx_word' id='word_1_485' title='bbox 1155 4726 1221 4797; x_wconf 75' lang='grc' dir='ltr'><strong>Θρᾲξ</strong></span> <span class='ocrx_word' id='word_1_486' title='bbox 1240 4727 1259 4778; x_wconf 83' lang='grc' dir='ltr'><strong>δ’</strong></span> <span class='ocrx_word' id='word_1_487' title='bbox 1280 4729 1390 4781; x_wconf 72' lang='grc' dir='ltr'><strong>ἀπὸτοῦ</strong></span> <span class='ocrx_word' id='word_1_488' title='bbox 1409 4749 1455 4781; x_wconf 82' lang='grc' dir='ltr'><strong>ποι-</strong></span> 
     </span>
     <span class='ocr_line' id='line_1_47' title="bbox 90 4803 1454 4887; baseline 0.009 -29"><span class='ocrx_word' id='word_1_489' title='bbox 90 4808 150 4874; x_wconf 82' lang='grc' dir='ltr'><strong>τρός</strong></span> <span class='ocrx_word' id='word_1_490' title='bbox 167 4803 254 4877; x_wconf 67' lang='grc' dir='ltr'><strong>Τήρου</strong></span> <span class='ocrx_word' id='word_1_491' title='bbox 272 4805 356 4878; x_wconf 72' lang='grc' dir='ltr'><strong>Τἠρος</strong></span> <span class='ocrx_word' id='word_1_492' title='bbox 374 4807 484 4878; x_wconf 73' lang='grc' dir='ltr'><strong>τοῦνομα</strong></span> <span class='ocrx_word' id='word_1_493' title='bbox 502 4811 612 4880; x_wconf 69' lang='grc' dir='ltr'><strong>κληθείς,</strong></span> <span class='ocrx_word' id='word_1_494' title='bbox 631 4815 674 4863; x_wconf 90' lang='lat' dir='ltr'><strong>ubl</strong></span> <span class='ocrx_word' id='word_1_495' title='bbox 693 4809 775 4884; x_wconf 69' lang='grc' dir='ltr'><strong>’λῆρος</strong></span> <span class='ocrx_word' id='word_1_496' title='bbox 794 4813 914 4876; x_wconf 88' lang='lat' dir='ltr'><strong>(debebat</strong></span> <span class='ocrx_word' id='word_1_497' title='bbox 932 4817 1023 4867; x_wconf 80' lang='lat' dir='ltr'><strong>saltem</strong></span> <span class='ocrx_word' id='word_1_498' title='bbox 1042 4812 1137 4887; x_wconf 74' lang='grc' dir='ltr'><strong>Τήρης)</strong></span> <span class='ocrx_word' id='word_1_499' title='bbox 1166 4819 1262 4869; x_wconf 88' lang='lat' dir='ltr'><strong>dudum</strong></span> <span class='ocrx_word' id='word_1_500' title='bbox 1287 4819 1361 4870; x_wconf 85' lang='lat' dir='ltr'><strong>obolo</strong></span> <span class='ocrx_word' id='word_1_501' title='bbox 1383 4830 1454 4869; x_wconf 86' lang='lat' dir='ltr'><strong>uota·</strong></span> 
     </span>
     <span class='ocr_line' id='line_1_48' title="bbox 92 4899 1416 4951; baseline 0.007 -3"><span class='ocrx_word' id='word_1_502' title='bbox 92 4906 148 4948; x_wconf 82' lang='lat' dir='ltr'><strong>tum</strong></span> <span class='ocrx_word' id='word_1_503' title='bbox 166 4907 222 4949; x_wconf 81' lang='lat' dir='ltr'><strong>erat</strong></span> <span class='ocrx_word' id='word_1_504' title='bbox 240 4899 273 4949; x_wconf 82' lang='lat' dir='ltr'><strong>ab</strong></span> <span class='ocrx_word' id='word_1_505' title='bbox 293 4900 497 4951; x_wconf 82' lang='lat' dir='ltr'><strong>liemstorhusio.</strong></span> <span class='ocrx_word' id='word_1_506' title='bbox 1415 4900 1416 4903; x_wconf 51' lang='lat'>&#39;</span> 
     </span>
    </p>
   </div>
   <div class='ocr_carea' id='block_1_4' title="bbox 0 0 1726 5588">
    <p class='ocr_par' dir='ltr' id='par_1_17' title="bbox 0 0 1726 5588">
     <span class='ocr_line' id='line_1_49' title="bbox 0 0 1726 5588; baseline 0 7"><span class='ocrx_word' id='word_1_507' title='bbox 0 0 1726 5588; x_wconf 95' lang='lat' dir='ltr'><strong> </strong></span> 
     </span>
    </p>
   </div>
  </div>
 </body>
</html>
