3442 5588
681 318 956 371 PROLEGOMENA

264 601 338 656 m
373 601 423 656 lili
441 601 608 656 nnuman
626 599 829 657 ennummlt
847 600 1158 658 Pmosounoltutt
1175 602 1361 659 malarouta

215 813 266 878 De
287 811 440 878 Hermiae
461 809 778 900 philosophi-aetate
808 810 910 876 multa
937 818 988 876 ost
1009 812 1238 877 controversia.
1284 814 1494 896 plurimorum

131 914 286 998 suffragia
304 914 376 980 tulit
400 913 438 979 G.
456 912 555 978 Casei
573 912 736 977 sententia
751 912 838 994 [hist
854 912 952 977 litter.
968 914 1077 997 script.
1094 915 1171 979 eccl.
1187 915 1290 997 1185]
1313 917 1366 998 qui
1382 925 1495 983 eontra

132 1015 340 1082 Lambeeium
362 1013 544 1101 [comment.
565 1012 606 1078 de
629 1012 705 1078 bibl.
728 1012 821 1079 Caes.
837 1013 975 1079 Vindob.
1000 1014 1053 1080 lib.
1070 1015 1131 1080 VH
1154 1036 1185 1099 p.
1202 1014 1254 1103 54]
1279 1016 1494 1084 Sozomenum

131 1118 288 1184 historiae
323 1117 561 1184 ecclesiasticae
595 1115 783 1199 scriptorem
813 1116 978 1182 Hermiam
1014 1115 1113 1215 ¹luisse
1145 1118 1331 1202 opinantem
1361 1122 1493 1186 sacculo

130 1219 224 1286 alteri
253 1219 440 1285 Irrisionem
466 1217 621 1283 attribuit.
666 1223 845 1285 ceterorum
872 1218 1026 1301 suffragia
1049 1220 1179 1301 collegit
1202 1217 1277 1286 Otto
1300 1222 1494 1289 novissimus

130 1322 236 1388 editor
262 1319 375 1408 [Corp.
399 1321 564 1404 apologet.
586 1319 694 1386 christ.
718 1340 803 1388 saec.
823 1322 856 1384 ll
881 1322 945 1386 vol.
962 1321 1010 1385 IX
1032 1321 1100 1387 Ion.
1125 1322 1208 1387 1872
1235 1323 1493 1412 p.xxx111sqq.],

130 1424 186 1507 qui
208 1431 371 1490 extremos
393 1444 419 1487 s.
434 1423 467 1488 II
489 1442 592 1489 annos
616 1423 741 1507 etipse
763 1421 956 1505 significavit
977 1445 1009 1508 p.
1025 1445 1110 1488 xnvr.
1144 1425 1244 1488 movit
1266 1425 1340 1490 illos
1355 1428 1492 1510 primum

131 1524 360 1610 philosophi
383 1544 563 1607 cognomen
586 1544 607 1590 a
627 1524 768 1591 librariis
790 1525 944 1591 traditum
967 1525 1043 1609 quia
1064 1525 1122 1591 illa
1144 1526 1283 1592 maxime
1306 1536 1415 1595 aetate
1438 1531 1493 1613 qui

129 1628 399 1713 philosophorum
422 1627 544 1693 scholis
569 1627 690 1693 relictis
717 1627 907 1710 transfugae
929 1628 972 1693 ad
994 1628 1187 1693 christianos
1209 1637 1368 1694 venerant
1391 1631 1493 1714 philo-

130 1729 226 1814 sophi
247 1749 367 1796 nomen
388 1736 424 1794 ut
446 1729 566 1796 erroris
580 1736 693 1796 notam
708 1750 747 1796 ac
761 1729 950 1796 memoriam
964 1730 1183 1796 retinuissent.
1217 1749 1256 1796 eo
1277 1732 1406 1798 nomine
1424 1734 1492 1799 noti

130 1838 205 1898 sunt
235 1832 377 1898 Iustinus
407 1832 636 1916 Athenagoras
665 1832 824 1898 Aristides
855 1834 1042 1897 Pantaenus
1072 1831 1183 1897 Melito
1212 1833 1369 1899 Heraclas
1398 1832 1491 1917 [Otto

129 1956 161 2020 p.
178 1935 306 2017 xxxiv}
352 1942 418 2000 tum
444 1935 506 2000 nisi
533 1935 663 2017 vigente
692 1934 892 2000 ethnicorum
921 1954 1029 2000 errore
1057 1934 1181 1999 nullam
1208 1934 1255 1999 ait
1281 1935 1346 1999 vim
1369 1935 1492 2004 habere

130 2037 359 2122 philosophiae
385 2036 577 2103 irrisionem.
620 2042 655 2103 at
681 2043 716 2102 ut
741 2042 830 2103 recte
855 2036 937 2103 haec
966 2037 1139 2103 observata
1161 2036 1239 2121 sint,
1263 2038 1381 2102 aetatis
1402 2040 1492 2104 nulla

130 2144 220 2205 certa
249 2137 376 2204 elicitur
403 2146 491 2205 nota.
534 2158 611 2204 nam
638 2138 865 2223 philosophiae
892 2146 925 2204 et
951 2138 1136 2223 philosophi
1159 2158 1279 2204 nomen
1301 2139 1396 2204 simul
1419 2162 1491 2206 cum

131 2240 230 2325 pallio
258 2247 383 2308 mature
411 2242 454 2307 ad
476 2242 671 2308 christianae
700 2241 831 2324 pietatis
852 2240 886 2306 in
909 2240 1090 2307 secessibus
1112 2240 1275 2307 studiosos
1296 2243 1425 2308 transiit
1445 2244 1492 2309 ita

131 2349 167 2407 nt
188 2343 339 2409 monachi
355 2344 527 2429 Byzantini
542 2344 686 2427 legitimo
702 2343 802 2409 verbo
817 2344 1120 2426 philosopharentur.
1156 2343 1227 2426 quis
1242 2364 1338 2428 porro
1353 2345 1492 2429 spondet

130 2444 265 2529 abipso
288 2445 444 2530 scriptore
467 2446 594 2512 titulum
616 2444 797 2530 profectum
819 2466 901 2530 esse,
926 2467 991 2513 non
1007 2467 1029 2512 a
1043 2445 1183 2512 librariis
1204 2445 1321 2529 quibus
1342 2445 1492 2512 Hermias

130 2547 293 2612 Ammonii
314 2553 408 2631 pater
430 2545 481 2633 [cl.
503 2545 636 2633 Ἑρμείου
658 2550 851 2634 φιλοσόφου
873 2550 929 2615 Αι.
950 2549 1050 2614 schol.
1069 2549 1131 2633 pt)
1147 2545 1212 2634 Br.]
1235 2569 1276 2613 ex
1298 2547 1491 2614 scholastico

130 2670 190 2715 usu
205 2656 301 2715 notus
317 2650 408 2715 erat?
429 2650 559 2733 gravior
573 2650 701 2716 videtur
716 2652 820 2718 altera
835 2671 943 2717 causa.
974 2656 1009 2715 at
1029 2650 1182 2732 antiquae
1204 2649 1369 2732 religionis
1391 2671 1492 2734 nsque

130 2753 173 2817 ad
200 2751 313 2817 ultima
339 2751 541 2835 antiquitatis
572 2759 719 2837 tempora
746 2760 879 2820 tenaces
901 2753 1030 2838 patroni
1052 2759 1086 2819 et
1108 2752 1300 2818 exstiterunt
1323 2759 1355 2818 et
1377 2753 1491 2835 quovis

129 2853 321 2938 suspicionis
344 2855 576 2919 calumniarum
598 2855 788 2921 iniuriamm
810 2875 930 2939 genere
955 2853 1067 2920 vexari
1094 2852 1252 2919 solebant.
1297 2854 1382 2920 adde
1404 2854 1492 2936 quod

130 2975 228 3039 supra
269 2957 379 3021 monui
412 2956 639 3022 scholasticam
680 2957 894 3023 cruditionem
933 2956 1126 3039 omninoque
1160 2955 1342 3021 liberalium
1373 2957 1491 3022 artium

129 3058 237 3124 studia
256 3058 408 3141 antiquas
430 3058 602 3125 memorias
628 3058 725 3125 etiam
748 3060 782 3124 in
805 3058 1053 3125 christianorum
1076 3057 1202 3124 circulis
1223 3059 1403 3124 retinuisse.
1438 3079 1492 3124 ne·

128 3181 191 3243 que
218 3161 305 3227 enim
328 3160 460 3226 ultimae
482 3160 711 3245 philosophiae
741 3161 806 3227 vim
828 3167 926 3243 atque
947 3159 1173 3226 auctoritatem
1195 3168 1283 3227 recte
1306 3160 1492 3226 aestimavit

129 3260 204 3328 Otto
230 3264 251 3328 Ι.
274 3283 301 3328 c.
327 3284 358 3347 p.
377 3283 466 3326 xnrx:
498 3283 629 3344 namque
655 3265 795 3339 saeculo,
825 3262 942 3345 inquit,
970 3265 1076 3343 quinto
1102 3266 1234 3345 pentiles
1264 3267 1330 3327 sice
1356 3261 1490 3346 ‘poponi’

128 3384 228 3446 papas
250 3365 440 3446 quaerebant
459 3369 570 3428 utiam
592 3387 675 3430 anno
690 3368 754 3430 423
767 3369 823 3428 ola
838 3367 904 3428 ulla
920 3384 1025 3427 eorrrnr
1039 3368 1169 3446 ceslipia
1186 3369 1318 3447 amplius
1334 3375 1492 3429 enatarent

127 3468 290 3543 (lheoclos.
309 3469 345 3531 11
364 3469 397 3530 ln
418 3468 492 3532 aon.
517 3469 627 3533 Theoti.
644 3469 721 3533 XVI
741 3468 792 3542 10,
812 3467 886 3552 22),
909 3477 937 3530 et
956 3470 1053 3547 pauci
1076 3475 1192 3530 tanturn
1214 3477 1399 3549 supererant
1417 3470 1491 3549 plu'-

129 3571 248 3652 losoplrn'
269 3571 549 3650 ncoplatonici,
571 3573 604 3632 in
626 3571 816 3634 umbraculis
838 3570 994 3632 latitantes
1016 3580 1044 3632 et
1065 3579 1155 3633 secto
1170 3572 1296 3632 saeculo
1319 3568 1362 3654 (a.
1378 3567 1455 3654 529)
1471 3590 1492 3632 a

128 3674 303 3737 Iustiniana
320 3674 338 3735 1
356 3674 484 3736 Athenis
506 3674 614 3734 ultimo
637 3692 742 3735 eorum
763 3674 886 3753 rssupio
909 3673 1040 3753 uspulai.
1076 3673 1156 3734 idem
1172 3674 1342 3752 imperator
1355 3676 1490 3754 poponis

128 3778 180 3856 pul
202 3783 387 3856 supererunt
413 3775 596 3855 baptismam
623 3775 761 3838 obtrusit.
806 3774 863 3840 sed
890 3773 977 3840 enim
1005 3773 1092 3855 quod
1119 3771 1323 3837 umbratilem
1351 3772 1491 3855 philoso-

129 3875 240 3958 phiam
262 3876 318 3942 ille
342 3875 526 3959 obiurgavit
546 3874 580 3939 id
602 3874 636 3940 in
659 3895 771 3940 omnes
792 3875 982 3959 posterioris
1009 3875 1129 3939 aetatu
1150 3873 1276 3939 litteras
1299 3874 1394 3939 cadit.
1432 3874 1491 3940 sed

128 3977 277 4059 regnavit
298 3977 424 4043 illorum
451 3978 619 4043 doctorum
646 3977 819 4062 disciplina
845 3984 881 4041 ut
909 3995 950 4041 cx
977 3995 1042 4040 una
1071 3975 1231 4040 Ammonii
1259 3975 1490 4059 discipulorum

127 4077 310 4162 frequentia
331 4080 504 4163 intellegas
526 4080 624 4145 etiam
647 4079 814 4162 aliquanto
836 4084 911 4163 post
933 4077 1034 4144 fatale
1056 4078 1138 4142 illud
1155 4077 1325 4142 Iustiniani
1348 4076 1490 4142 exilium.

127 4200 233 4263 neque
255 4181 328 4264 ipsa
352 4181 557 4265 antiquorum
579 4180 846 4267 philosophomm
873 4180 1027 4263 dogmata
1049 4179 1167 4263 agitari
1190 4178 1257 4243 illic
1279 4179 1384 4244 desita
1406 4185 1490 4262 sunt,

128 4281 215 4364 quod
238 4289 271 4348 et
286 4282 418 4350 Stobaei
442 4284 563 4366 eclogis
584 4283 788 4367 apertissime
812 4282 968 4366 probatur
990 4289 1023 4347 et
1038 4280 1195 4365 Simplicii
1217 4281 1412 4365 testimonio,
1436 4280 1490 4362 qui

127 4383 204 4448 dum
227 4390 373 4450 veterum
394 4383 601 4471 physicorum
621 4385 842 4452 diversitatem
864 4384 1006 4469 explicat
1022 4383 1056 4448 in
1072 4383 1202 4468 Physl
1224 4383 1245 4448 f.
1264 4386 1301 4448 l'
1316 4385 1357 4448 26
1380 4385 1414 4447 οὐ
1431 4386 1489 4469 χρὴ

127 4486 169 4565 δέ,
191 4485 305 4570 inquit,
327 4489 394 4557 τοὺς
408 4488 550 4572 τοσαύτης
566 4489 724 4558 ἀκούοντας
746 4490 886 4572 διαφορᾶς
908 4486 1034 4568 νομίζειν
1057 4487 1266 4569 ἑναντιολορίας
1288 4484 1361 4548 εἶναι
1385 4486 1491 4555 ταύτας

126 4594 184 4652 τῶν
206 4593 465 4674 φιλοσοφησάντων
489 4591 559 4673 ὅπερ
581 4592 655 4660 τινὲς
676 4596 738 4659 ταῖς
761 4592 917 4675 ἱστορικαῖς
946 4588 1047 4670 μόναις
1071 4591 1249 4672 ἀναγραφαῖς
1271 4589 1491 4673 ἐντυγχάνοντες

126 4693 174 4754 καὶ
198 4693 287 4775 μηδὲν
311 4697 369 4754 τῶν
391 4692 554 4774 λεγομένοιν
578 4693 719 4762 συνιέντες
741 4693 886 4764 ὀνειδίζειν
901 4692 1082 4776 ἐπιχειροῦσι
1098 4690 1189 4752 καίτοι
1206 4689 1317 4772 μυρίοις
1333 4691 1488 4775 σχίσμασιν

126 4795 207 4858 αὐτοὶ
231 4794 453 4879 κατεσχισμένον
476 4794 510 4856 οὐ
532 4795 597 4877 περὶ
616 4795 667 4863 τὰς
682 4794 806 4879 φυσικὰς
821 4794 916 4879 ἀρχάς
938 4791 1061 4879 (τούτων
1076 4792 1130 4875 γὰρ
1146 4791 1216 4853 οὐδὲ
1230 4789 1300 4874 ὄναρ
1316 4791 1490 4872 ἐπαΐουσιν),

126 4898 201 4961 ἀλλὰ
222 4898 286 4982 περὶ
310 4898 362 4980 τὴν
385 4896 554 4981 καθαίρεσιν
569 4901 622 4980 τῆς
637 4896 719 4966 θείας
734 4899 891 4982 ὑπεροχῆς.
933 4894 1177 4961 christianorum
1200 4892 1401 4975 iniquitatem
1427 4913 1493 4958 non

1214 4995 1281 5061 ll*
