3464 5586
247 328 309 401 342
729 335 829 384 λεια
847 332 950 384 mc.
963 332 991 381 11
1006 327 1121 381 ιυι-ιι

399 394 1374 493 PLUTARCMECM
1393 425 1451 479 νει

921 591 937 643 6
995 569 1193 656 Ἀρχέλαος
1221 569 1345 652 μύδρους
1367 564 1475 651 έφησεν
1497 565 1569 628 εἶναι

954 675 1021 743 τούς
1044 673 1177 757 ἀστέρας,
1199 669 1357 754 διαπύρους
1380 667 1423 732 δέ.

923 788 939 841 7
996 772 1272 858 Ἀναξίμανδρος
1302 772 1453 855 πιλήματα
1483 769 1569 854 ἀέρος

955 877 1125 960 τροχοειδῆ,
1158 876 1248 958 πυρὸς
1281 871 1404 957 ἔμπλεα,
1436 874 1510 935 κατά
1543 895 1569 934 τι

957 977 1044 1061 μέρος
1058 977 1117 1041 ἀπὸ
1133 976 1259 1060 στομίων
1276 976 1432 1041 ἐκπνέοντα
1447 973 1567 1058 φλύγας.
1589 996 1602 1032 ε

922 1098 939 1150 8
1001 1079 1225 1163 Παρμενίδης
1260 1081 1309 1143 καὶ
1340 1076 1569 1161 Ἡράκλειτος

957 1183 1106 1267 πιλήματα
1129 1182 1219 1265 πυρδς
1240 1182 1277 1244 τὰ
1298 1179 1399 1265 άστρα.

336 1292 427 1356 Παλιν
449 1294 482 1356 δὲ
505 1295 521 1356 δ
543 1293 631 1362 αύτδς
654 1293 773 1376 ἀφανεῖς
796 1291 848 1373 μὲν
866 1290 906 1353 λί·
924 1308 940 1360 9
1002 1284 1199 1372 (Διογένης)
1222 1285 1486 1372 συμπεριφέρεσθαι
1513 1281 1571 1369 [δὲ]

294 1394 374 1473 θους,
398 1395 552 1463 πίπτοντας
574 1395 607 1457 δὲ
628 1395 766 1463 πολλάκις
787 1393 835 1456 ἐπὶ
853 1393 906 1476 τἠν
958 1393 1017 1458 τοῖς
1038 1393 1173 1474 φανεροῖς
1194 1388 1309 1474 ἄστροις
1333 1389 1452 1474 ἀφανεῖς
1470 1386 1571 1456 λίθους

293 1500 346 1578 γῆν
369 1492 541 1582 σβέννυσθαι
568 1496 702 1581 καθάπερ
731 1497 780 1559 τὸν
802 1495 833 1558 έν
856 1491 907 1557 Αἰ·
958 1491 1006 1554 καὶ
1029 1489 1092 1576 παρ’
1119 1491 1191 1556 αύτδ
1214 1489 1287 1556 τοῦτ’
1316 1490 1497 1572 ἀνωνύμους·
1525 1488 1606 1551 vti-10

293 1600 343 1680 γὸς
364 1603 505 1682 ποταμοῖς
520 1602 680 1684 πυροειδῶς
695 1596 907 1683 κατενεχθέντα
958 1615 1080 1662 πτοντας
1113 1595 1146 1656 δὲ
1177 1595 1316 1663 πολλάκις
1354 1593 1401 1656 ἐπὶ
1434 1595 1486 1676 της
1518 1596 1571 1676 γῆς

261 1700 403 1785 οάστέρα
426 1702 566 1787 πέτρινον.
960 1695 1132 1781 σβέννυσθαι
1166 1697 1300 1780 καθάπερ
1335 1697 1384 1759 τὸν
1414 1694 1444 1757 ἐν
1481 1690 1571 1776 Αἰγδς

959 1802 1100 1880 ποταμοῖς
1159 1799 1301 1883 πυρωδῶς
1359 1794 1571 1881 κατενεχθέντα

960 1897 1067 1983 ἀστέρα
1089 1900 1230 1984 πέτρινον.

919 2015 951 2068 10
999 1997 1224 2086 Ἀναξιμένης
1265 2001 1384 2087 πυρίνην
1425 2000 1477 2084 μέν
1518 2000 1606 2083 τὴνιυ

959 2101 1045 2185 φύσιν
1067 2107 1125 2166 τῶν
1148 2103 1272 2189 ἀστρων,
1294 2104 1439 2190 περιέχειν
1461 2102 1495 2166 δέ
1511 2125 1573 2165 τινα

960 2204 1009 2266 καὶ
1036 2207 1132 2289 γεώδη
1160 2209 1283 2289 στύματα
1305 2205 1573 2290 σομπεριφερύμενα

960 2306 1071 2376 τούτοις
1093 2309 1214 2392 ἀόρατα.

336 2413 577 2497 Ἐμπεδοκλῆς
604 2415 671 2484 τοὺς
699 2415 751 2499 μὲν
774 2417 950 2485 ἀπλανεῖςιι
1007 2410 1280 2503 (Ἐμπεδοκλῆς)
1312 2412 1386 2502 [καὶ]
1418 2417 1485 2486 τούς
1522 2416 1574 2498 μὲν

299 2516 421 2600 ἀστέρας
449 2516 636 2581 συνδεδέσθαι
663 2522 705 2601 τῷ
729 2518 911 2603 κρυστάλλῳ,
964 2516 1101 2585 ἀπλανεῖς
1143 2519 1265 2604 ἀστέρας
1307 2518 1494 2583 συνδεδέσθαι
1529 2523 1572 2603 τῷ
1585 2539 1610 2577 το

300 2619 365 2688 τοὺς
389 2620 421 2682 δὲ
444 2620 591 2703 πλανήτας
612 2619 756 2684 ἀνεῖσθαι.
962 2621 1147 2705 κρυστάλλῳ,
1175 2622 1243 2691 τούς
1270 2622 1303 2685 δὲ
1328 2624 1475 2706 πλανήτας
1501 2624 1574 2685 άνεῖ-

963 2721 1043 2785 σθαι.

341 2825 486 2888 Πλάτων
509 2823 542 2888 ἐκ
565 2824 617 2906 μὲν
640 2829 692 2888 τού
706 2825 842 2890 πλείστου
862 2827 909 2909 μέ·
924 2844 954 2896 12
1008 2828 1156 2892 Πλάτων
1178 2829 1212 2893 ἐκ
1234 2832 1286 2913 μὲν
1308 2834 1360 2893 τοῦ
1375 2832 1509 2893 πλείστου
1526 2831 1573 2912 μέ-

266 2949 288 2985 ιο
301 2952 366 3012 ρους
381 2928 525 3012 πυρίνους,
547 2926 721 3012 μετέχοντας
742 2928 838 2993 δὲκαὶ
853 2933 911 2993 τῶν
964 2956 1030 3016 ρους
1045 2933 1189 3016 πυρίνους,
1212 2934 1387 3018 μετέχοντας
1403 2933 1436 2996 δὲ
1452 2933 1500 2996 καὶ
1516 2938 1574 2996 τῶν

298 3030 393 3093 ἀλλων
417 3027 570 3112 στοιχείων
593 3029 699 3113 κόλλης
722 3030 815 3113 δίκην.
962 3034 1060 3098 ἄλλων
1083 3035 1244 3119 στοιχείων.

963 3166 1038 3173 —n-—
1048 3166 1138 3174 ‚.„.-....

294 3221 303 3269 l
327 3218 425 3286 ἀφανεῖς
444 3218 552 3280 E(A)C=
571 3214 676 3284 λέῐῑῑΒ
997 3224 1013 3276 6
1037 3224 1142 3275 dubium
1164 3223 1207 3273 hio
1229 3224 1354 3275 Heracliti
1380 3227 1474 3276 lemma
1501 3227 1532 3275 cf.
1557 3224 1618 3275 17⁴

291 3304 493 3375 θσβεννύναιΒ
962 3314 1046 3363 Ζείίετ
1068 3309 1094 3362 1⁸
1110 3309 1170 3373 560,
1187 3308 1212 3361 2.
1238 3311 1360 3363 Schuster
1382 3330 1406 3377 p.
1421 3310 1466 3364 37¹
1492 3309 1505 3378 Η
1530 3311 1547 3362 8
1569 3311 1617 3376 §9

292 3397 307 3444 9
328 3390 434 3444 Πλάτων
453 3393 584 3455 EG(A)C:
609 3389 668 3442 εἶναι
691 3390 717 3442 δὲ
736 3393 758 3442 Β
962 3400 1065 3449 additur
1086 3406 1145 3464 post
1165 3396 1270 3466 διάπυροι
1288 3397 1331 3462 §5
1352 3397 1365 3465 Π
1388 3398 1420 3450 10
1437 3397 1558 3449 πίπτοντα
1580 3402 1617 3450 A:

277 3484 304 3532 ll
327 3478 456 3548 στοιχείων
476 3481 568 3530 om.E
964 3488 1064 3536 correxi
1094 3483 1106 3551 Η
1137 3484 1170 3538 15
1194 3487 1226 3536 de
1250 3484 1312 3549 §10
1336 3489 1367 3537 τί.
1390 3489 1461 3537 Ptol.
1484 3504 1509 3552 p.
1524 3484 1574 3540 136
1604 3484 1616 3551 ΙΙ

966 3572 998 3625 16
1016 3571 1137 3641 περιέχειν
1152 3573 1194 3634 (F)
1218 3580 1244 3623 et
1265 3573 1398 3624 Meineke:
1422 3572 1538 3641 παρέχειν
1557 3575 1578 3624 C
1604 3570 1617 3641 Η

967 3657 997 3710 19
1015 3657 1029 3722 ξ
1044 3658 1076 3710 11
1095 3660 1198 3711 additur
1209 3668 1269 3726 pout
1282 3658 1338 3712 132
1356 3658 1474 3728 διάκρισιν
1493 3656 1506 3727 Η
1527 3659 1561 3712 23
1575 3662 1618 3728 μέ-

963 3762 1020 3814 ρους
1039 3747 1092 3808 (F):
1112 3745 1197 3813 γένους
1214 3748 1235 3797 C

256 3898 486 3951 TESTIMONIA
504 3898 713 3949 PLUTARCHI
962 3894 1131 3945 ALIORUM
1149 3894 1200 3943 Ex
1219 3893 1331 3944 AETIO
1351 3894 1545 3944 EXCERPTA

290 3981 324 4036 13
344 3982 377 4035 12
401 3979 503 4039 Achill.
527 3986 543 4034 Ι.
559 4003 580 4034 c.
604 3979 733 4035 Πλάτων
755 3981 781 4034 δέ
806 3982 836 4035 ἐκ
858 3988 910 4035 τῶν
997 3981 1013 4032 7
1034 3976 1297 4037 Theodorot.1v17
1315 3976 1367 4031 δδὲ
1384 3975 1619 4048 Ἀναξίμανδρος

255 4071 382 4139 τεσσάρων
401 4069 539 4140 στοιχείων,
557 4068 671 4122 πλείστου
690 4069 716 4123 δὲ
735 4070 818 4140 πυράς.
961 4067 1107 4135 συστήματα
1138 4066 1201 4119 ἅττα
1228 4070 1273 4118 τοῦ
1300 4065 1372 4135 ἀέρος
1398 4065 1446 4135 ἔφη
1469 4065 1619 4136 τρνχνεῑύῶτ

963 4151 1118 4222 πεπιλημένοι
1150 4153 1225 4223 πυρδς
1256 4152 1352 4221 ἔμπλεα
1378 4151 1438 4204 εἶναι
1466 4153 1515 4205 ἀπό
1544 4171 1618 4205 τινων

962 4240 1072 4308 στομίων
1090 4240 1192 4310 ἀφιέντα
1211 4242 1255 4299 τὰς
1272 4239 1373 4310 φλόγας.

998 4329 1014 4381 9
1033 4325 1108 4385 Idem
1120 4331 1159 4380 1v
1175 4328 1206 4380 18
1223 4325 1372 4397 Διογένης
1390 4327 1416 4380 δὲ
1436 4328 1478 4379 καὶ
1492 4327 1619 4395 ἐμπίπτειν

962 4415 996 4473 τίς
1014 4415 1061 4484 τὴν
1079 4418 1127 4484 γῆν
1148 4433 1215 4475 τινας
1236 4414 1333 4468 τούτων
1356 4415 1434 4485 ἔφησε
1456 4417 1499 4468 καί
1522 4416 1619 4485 σβεννυ-

963 4502 1052 4569 μένους
1070 4500 1216 4572 ἐλέγχεσθαι
1234 4501 1271 4554 δτι
1290 4502 1368 4557 λίθων
1387 4502 1471 4573 ἔχουσι
1486 4501 1556 4571 φύσιν
1575 4505 1619 4555 καὶ

963 4591 1068 4659 μάρτυρι
1086 4594 1178 4659 χρῆται
1196 4596 1233 4660 τῷ
1253 4590 1278 4642 ἐν
1298 4588 1372 4659 Αίγὸς
1391 4597 1512 4657 ποταμοῖς
1523 4608 1618 4660 πυροει-

962 4676 1013 4736 δῶς
1032 4675 1206 4746 κατενεχθέντι
1224 4678 1293 4730 ποτέ.

997 4764 1031 4819 18
1050 4764 1082 4817 12
1101 4763 1177 4821 Idem
1195 4770 1212 4817 1.
1225 4784 1247 4818 c.
1265 4763 1318 4817 δδὲ
1336 4761 1467 4817 Πλάτων
1482 4765 1517 4823 ὡς
1531 4764 1619 4817 ἐπίπαν

963 4853 1008 4921 μέν
1025 4851 1128 4910 τούτους
1145 4853 1175 4904 έκ
1192 4857 1236 4904 τού
1251 4851 1326 4921 πυρδς
1339 4854 1489 4916 συνεστάναι,
1508 4853 1620 4923 μετέχειν

963 4939 989 4994 δέ
1009 4939 1052 4991 καὶ
1070 4945 1123 4992 τῶν
1140 4939 1225 4991 ἄλλων
1243 4940 1372 5009 στοιχείων
1390 4940 1472 5009 φησίν.
