3464 5586
257 343 321 409 320
694 345 797 396 λυπιι
815 344 918 397 mc.
931 345 945 396 1
957 341 991 396 οε
1003 352 1062 394 ⁴-s
1079 340 1114 397 οι
1128 353 1186 393 ι-ι

364 449 572 499 imminent
588 412 1380 504 Micia
1396 449 1448 504 ιιι
1460 447 1515 502 τοι

298 586 331 647 τδ
354 586 429 648 κατὰ
451 586 585 670 στάθμην
608 587 712 651 καὶτὸ
742 589 817 651 κατὰ
842 571 911 673 παρ·
964 576 1040 654 κατά
1060 589 1195 673 στάθμην
1217 591 1266 654 καὶ
1286 589 1320 652 τδ
1339 590 1415 653 κατὰ
1428 588 1578 674 παρέγκλι-

300 688 434 771 έγκλισιν.
964 713 1008 756 σιν
1030 691 1050 734 *
1072 690 1133 733 **
1159 691 1215 757 εἰσὶ
1242 692 1275 756 δέ
1301 714 1375 761 τινες
1401 691 1428 754 οἳ
1455 692 1504 754 καὶ
1533 691 1578 755 τέ

963 817 1065 879 ταρτυν
1084 792 1161 865 εἶδος
1176 793 1322 878 εἰσάγουσι
1336 794 1370 858 τὸ
1385 791 1445 858 καί
1466 792 1578 872 οὐσίαν,

964 896 1035 980 ὅπερ
1058 896 1118 960 ἐστὶ
1140 896 1174 959 τό
1197 897 1273 960 κατὰ
1294 895 1414 979 γένεσιν.
1440 894 1523 959 άλλοι
1544 897 1577 960 δὲ

963 999 1012 1063 καὶ
1054 1000 1107 1083 τὴν
1149 999 1332 1084 διανοητικὴν
1375 997 1608 1083 προστιθέασι,ο

964 1100 1051 1186 μέχρι
1072 1101 1127 1186 γάρ
1148 1105 1207 1164 τῶν
1229 1101 1316 1164 πέντε
1336 1101 1514 1188 προῦβησαν.

929 1209 945 1264 5
1006 1203 1192 1289 Διόδωρος
1219 1201 1377 1288 δ’Κρόνος
1404 1205 1575 1289 κεκινῆσθαι

965 1305 1018 1389 μέν
1039 1330 1077 1383 τι,
1099 1306 1241 1371 κινεῖσθαι
1264 1307 1298 1370 δὲ
1319 1307 1419 1391 μηδέν.

339 1407 522 1494 Ἡρόφιλος
541 1411 683 1493 κινήσεως
697 1407 750 1491 τὴν
768 1407 821 1489 μὲν
832 1405 912 1491 λόγιρ
928 1410 943 1463 6
1001 1407 1186 1494 Ἡρόφιλος
1205 1411 1347 1494 κινήσεως
1361 1411 1413 1495 τὴν
1430 1411 1482 1494 μὲν
1498 1410 1577 1495 λόγιρ

301 1512 465 1597 θεωρητὴν,
487 1512 539 1595 τὴν
562 1512 595 1575 δέ
616 1510 772 1594 αἰσθητήν.
964 1511 1128 1597 θεωρητήν,
1149 1513 1202 1597 τὴν
1224 1512 1257 1576 δὲ
1279 1511 1434 1598 αἰσθητήν.
1589 1532 1613 1570 1⁰

277 1634 290 1672 ο
339 1611 564 1698 Ἡράκλειτος
607 1613 728 1698 ὴρεμίαν
770 1610 822 1694 μέν
863 1610 946 1674 καλί
1003 1611 1231 1698 Ἡράκλειτος
1272 1616 1393 1700 ὴρεμίαν
1436 1617 1488 1699 μὲν
1529 1616 1577 1679 καὶ

302 1717 400 1781 στάσιν
422 1715 457 1779 ἐκ
478 1719 537 1780 τῶν
556 1716 633 1780 όλων
648 1712 758 1800 ἀνὴρει·
784 1710 914 1797 ἔστιγὰρ
967 1718 1064 1780 στάσιν
1087 1717 1202 1782 ἐκτῶν
1225 1720 1301 1783 όλων
1324 1717 1440 1803 ἀνηρει,
1466 1718 1578 1800 κίνησιν

299 1823 385 1882 τοῦτο
407 1821 466 1882 τῶν
488 1823 608 1904 νεκρῶν·
634 1816 745 1899 κίνησιν
767 1816 801 1880 δὲ
822 1815 914 1879 ἀίδιον
966 1820 1000 1882 δὲ
1020 1823 1079 1889 τοῖς
1100 1825 1186 1885 πᾶσιν
1210 1822 1358 1886 ἀπεδίδου.

300 1923 353 2004 μέν
385 1925 446 1991 τοῖς
477 1921 596 1999 ἀιδίοις,
628 1919 764 2005 φθαρτὴν
794 1919 827 1982 δὲ
855 1921 915 1988 τοῖς

298 2024 452 2110 φθαρτοῖς.

930 2133 948 2186 8
1004 2129 1264 2214 Ἀσκληπιάδης
1285 2131 1382 2194 πᾶσαν
1403 2131 1513 2213 κίνησιν
1536 2125 1577 2190 αἰ-

964 2234 1077 2318 σθητὴν
1099 2233 1278 2317 ἀπεφήνατο.
1590 2248 1614 2286 1⁶

256 2387 338 2465 ιοκδ.
353 2398 836 2485 Περὶγενόσεωςκαὶρθοράς.
850 2409 913 2463 639
1030 2403 1115 2487 Περὶ
1137 2401 1305 2486 γενέσεως
1327 2400 1384 2465 καί
1405 2398 1551 2484 ρθοράς.

343 2528 568 2613 Παρμενίδης
591 2527 771 2598 Μέλισσος
791 2527 912 2614 Ζήνων
934 2539 946 2589 1
1009 2530 1232 2616 Παρμενίδης
1251 2528 1299 2593 καὶ
1315 2526 1494 2598 Μέλισσος
1509 2527 1577 2611 ἀνὴ-

302 2631 428 2717 ἀνὴρουν
457 2631 566 2715 γένεσιν
592 2631 641 2695 καί
668 2630 781 2716 φθορὰν
808 2631 857 2697 διδ
881 2632 915 2696 τό
967 2656 1034 2718 ρουν
1062 2632 1170 2717 γένεσιν
1198 2631 1247 2696 καὶ
1273 2630 1387 2716 φθορὰν
1413 2629 1461 2693 διὰ
1482 2630 1516 2693 τὸ
1537 2654 1581 2693 νο-

304 2735 429 2817 νορίζειν
450 2735 484 2799 τὸ
506 2737 564 2799 πᾶν
581 2733 727 2818 ἀκίνητον.
967 2737 1058 2822 μίζειν
1077 2736 1111 2800 τὸ
1133 2737 1191 2799 πᾶν
1214 2734 1357 2817 ἀκίνητον.

337 2828 577 2921 Ἐμπεδοκλῆς
599 2836 633 2899 δέ
646 2833 910 2922 καλΈπίκουρος
929 2839 945 2893 2
1003 2837 1243 2922 Ἐμπεδοκλῆς
1261 2834 1490 2918 Ἀναξαγόρας
1508 2834 1573 2917 Λη-
1586 2854 1611 2892 2⁰

268 2940 350 3004 υκαὶ
376 2941 480 3008 πάντες
508 2938 571 3002 όσοι
599 2939 673 3003 κατὰ
700 2939 913 3024 συναθροισμὸν
965 2941 1131 3027 μόκριτος
1160 2937 1363 3022 Ἐπίκουρος
1396 2938 1445 3001 καὶ
1474 2939 1578 3008 πάντες

300 3047 358 3106 τῶν
381 3044 566 3125 λεπτομερῶν
589 3043 734 3125 σωμάτων
759 3064 914 3127 κοσμοποι-
964 3045 1028 3110 δσοι
1057 3043 1132 3108 κατὰ
1157 3040 1370 3124 συναθροισμὸν
1398 3043 1457 3102 τῶν
1478 3042 1578 3104 λεπτο-

300 3150 365 3209 οῶσι
398 3143 558 3228 συγκρίσεις
592 3144 645 3226 μὲν
678 3143 726 3207 καὶ
760 3145 914 3228 διακρίσεις
964 3150 1061 3232 μερῶν
1082 3145 1226 3228 σωμάτων
1245 3147 1454 3226 κοσμοποιοῦσι
1468 3143 1580 3228 συγκρί-

300 3247 457 3329 είσάγουσι,
478 3245 601 3329 γενέσεις
622 3245 655 3308 δὲ
676 3247 724 3310 καλ
745 3246 858 3331 φθορὰς
878 3245 913 3311 οίν
964 3270 1023 3319 σεις
1046 3248 1098 3332 μέν
1120 3247 1168 3311 καὶ
1183 3245 1338 3329 διακρίσεις
1357 3245 1513 3328 εἰσάγουσι,
1536 3269 1579 3329 γε-

299 3350 413 3434 κυρίοις·
441 3348 475 3411 οὐ
502 3349 557 3432 γὰρ
584 3347 659 3411 κατὰ
685 3346 745 3432 (τό)
773 3350 856 3413 ποιδν
885 3347 915 3418 ἐξ
966 3352 1057 3421 νέσεις
1078 3351 1112 3414 δὲ
1133 3349 1181 3413 καί
1203 3347 1317 3433 φθορὰς
1339 3346 1373 3411 οίν
1395 3347 1510 3431 κυρίως·
1541 3347 1612 3412 οόνσ

267 3451 580 3528 ιοάλλοιῶσεως,κατά
592 3450 668 3513 δὲτὸ
680 3452 769 3514 ποσδν
784 3451 818 3515 ἐκ
832 3472 914 3516 συνα-
965 3455 1020 3539 γὰρ
1049 3453 1124 3518 κατὰ
1153 3453 1186 3514 τδ
1212 3450 1295 3514 ποιδν
1325 3448 1355 3519 ἐξ
1383 3451 1578 3528 ἀλλοιώσεως,

300 3554 443 3638 θροισμοῶ
466 3553 571 3622 ταότας
592 3552 731 3635 γίνεσθαι.
966 3557 1041 3622 κατὰ
1062 3556 1096 3620 δὲ
1122 3555 1156 3618 τδ
1184 3554 1274 3617 ποσδν
1303 3553 1337 3616 ἐκ
1363 3553 1578 3637 συναθροισμοῦ

964 3659 1070 3729 ταότας
1091 3654 1231 3741 γίνεσθαι.

343 3758 555 3843 Πυθαγόρας
576 3758 624 3821 καὶ
648 3760 752 3829 πάντες
774 3759 836 3825 ὅσοι
858 3762 946 3824 ita-3
1007 3758 1219 3843 Πυθαγόρας
1244 3757 1292 3821 καὶ
1314 3758 1418 3829 πάντες
1441 3758 1503 3823 ὅσοι
1525 3781 1577 3821 πα-

300 3864 393 3948 θητὴν
421 3862 474 3945 τὴν
503 3860 573 3944 όλην
597 3861 780 3925 ὑποτίθενται
806 3863 912 3948 κυρίως
965 3863 1058 3948 θητὴν
1080 3861 1133 3945 τὴν
1157 3861 1228 3943 όλην
1250 3860 1449 3938 ὑποτίθενται,
1471 3860 1613 3945 κυρίωςω

299 3965 408 4048 γένεσιν
431 3964 479 4027 καὶ
501 3962 615 4048 ρθοράν
637 3963 777 4046 γίνεσθαι·
803 3966 838 4029 ἐκ
858 3966 913 4050 γάρ
964 3964 1087 4049 γενέσεις
1107 3962 1155 4026 καὶ
1179 3961 1292 4045 φθορὰς
1308 3962 1450 4045 γίνεσθαι·
1472 3963 1505 4026 ἐκ
1525 3962 1579 4047 γάρ

267 4089 291 4126 νυ
302 4070 488 4136 ἀλλοιώσεως
510 4065 662 4151 στοιχείων
677 4067 725 4130 καὶ
741 4072 849 4151 τροπῆς
864 4067 913 4130 καλ
965 4067 1150 4135 ἀλλοιώσεως
1163 4066 1222 4127 τῶν
1237 4064 1390 4150 στοιχείων
1405 4065 1453 4128 καὶ
1469 4069 1578 4150 τροπῆς

301 4170 469 4239 ἀναλύσεως
489 4173 582 4231 ταῦτα
603 4168 741 4251 γίνεσθαι.
964 4169 1013 4234 καλ
1028 4166 1195 4237 ἀναλύσεως
1218 4163 1368 4252 [γενέσεως
1389 4167 1437 4230 καὶ
1452 4163 1578 4253 φθορᾶς]

964 4272 1124 4357 παράθεσιν
1157 4269 1206 4333 καὶ
1240 4268 1312 4352 μῖξιν
1344 4270 1444 4354 κρᾶσίν
1471 4293 1503 4333 τε
1529 4271 1578 4334 καὶ

962 4373 1100 4461 σύγχυσιν
1122 4372 1279 4458 γίγνεσθαι.
1589 4392 1613 4429 τι

295 4525 327 4532 ..0-
338 4523 455 4531 ..ῳ-...ιι-

291 4596 372 4666 3τὴν
390 4598 435 4665 μὲν
447 4601 506 4652 BC:
524 4599 569 4659 πάς
581 4599 627 4669 μέν
639 4618 676 4667 pr.
690 4603 714 4651 Α
730 4598 743 4670 Η
757 4601 774 4654 4
787 4598 911 4673 αἰσθητὴν
997 4603 1134 4657 Uettium
1164 4619 1245 4668 genus
1272 4607 1432 4657 intercidisse
1460 4604 1525 4655 vidit
1552 4606 1620 4656 Μοί-

255 4687 312 4738 BC:
336 4683 456 4756 αίσθητάς
474 4707 512 4755 pr.
526 4691 550 4739 Δ
570 4685 584 4757 Η
605 4685 706 4742 δόλων
723 4691 805 4752 (Δ)οι
829 4686 911 4757 λόγων
963 4691 1028 4742 neke
1055 4687 1068 4759 ΙΙ
1102 4691 1118 4744 5
1144 4688 1304 4759 διανοητικὴν
1334 4695 1419 4758 inepte
1447 4694 1562 4744 additum
1588 4709 1621 4744 ex

254 4770 306 4842 ΒΗ
324 4774 354 4824 14
367 4772 393 4826 δὲ
404 4777 489 4827 om.C
510 4773 524 4843 ΙΙ
543 4775 573 4828 17
587 4775 723 4845 συγκρίσεις
741 4778 772 4830 G:
792 4777 836 4829 καὶ
854 4792 910 4845 συγ·
962 4779 1037 4843 Epic.
1062 4779 1158 4829 Laertii
1176 4780 1202 4828 X
1221 4777 1252 4830 51
1280 4774 1293 4845 ίΙ
1320 4776 1354 4832 24
1380 4777 1466 4846 ἄγουσι
1493 4781 1530 4830 Αι
1554 4796 1621 4830 corr.

255 4858 345 4928 κρίσεις
359 4859 450 4927 ίΑ)ΒΟ
465 4860 478 4930 li
495 4862 527 4915 19
544 4860 574 4914 τό
591 4865 679 4916 addidi
698 4867 725 4916 in
744 4867 819 4917 codd.
833 4868 910 4916 omis·
964 4866 1064 4916 Ηεεεοιι
1085 4862 1099 4933 Ιί
1118 4863 1153 4916 33
1171 4865 1289 4933 γενέσεως
1307 4866 1351 4917 καὶ
1369 4862 1465 4935 φθορᾶς
1489 4869 1515 4917 in
1540 4883 1621 4931 marg.

254 4965 310 4998 sum
325 4944 338 5016 Η
353 4948 409 5000 ἀπὸ
428 4948 504 5001 ποσὸν
518 4953 555 5001 A:
574 4949 604 5001 τὸ
622 4968 673 5002 om.
688 4954 732 5002 BC
744 4951 758 5020 Η
775 4951 804 5004 ἐκ
823 4953 909 5002 om.B
963 4954 1130 5017 relegandum
1149 4956 1213 5004 vidit
1232 4957 1335 5005 Heeren
