3442 5588
652 351 927 404 raonsaouars
1408 351 1467 415 131

102 521 204 604 κοινὴν
227 519 312 589 δόξαν
337 525 395 583 τῶν
418 525 548 604 φυσικῶν
572 518 643 582 εἶναι
667 522 767 605 ἀληθῆ
791 524 832 590 ὡς
851 521 885 583 οὐ
901 521 1049 603 γινομένου
1067 522 1182 591 οὐδενὸς
1198 523 1232 586 ἐκ
1247 530 1298 587 τοῦ
1317 526 1359 608 μὴ
1379 524 1468 596 ὄντος.

101 621 191 687 aeui
214 627 323 688 autern
347 619 485 705 vestigia
507 621 604 687 etiam
626 621 659 685 in
682 621 890 706 Pythagorae
912 622 1060 689 doctrina
1082 624 1165 688 138
1184 626 1361 709 pollucem,
1385 647 1469 710 quae

101 744 171 789 non
198 725 302 789 solum
330 744 372 791 ex
400 723 565 789 lutulentis
592 721 734 789 fontibus
759 724 878 790 hausta
900 726 907 756 ¹
936 727 994 792 sed
1022 725 1118 791 etiam
1145 727 1347 794 scholasticis
1375 730 1469 813 nugis

101 824 234 893 deflexa
259 825 396 892 videtur.
441 826 615 910 praecipue
642 825 802 891 mirabilia
829 833 904 892 sunt
926 835 1071 894 extrema
1093 830 1153 893 oica
1169 834 1285 894 πολλῶν
1309 829 1399 894 ὄντων
1423 834 1468 896 ἀν-

103 930 236 1013 θρώπων
258 930 284 992 οἱ
308 929 361 1011 μὲν
383 928 431 992 ἐπὶ
454 928 557 1014 μέρους
579 928 651 993 εἰσὶν
672 929 845 1013 ἀναίσθητοι
867 933 928 993 κτλ.
955 931 1085 997 omnino
1108 939 1237 1015 praeter
1260 952 1404 1015 eaquae
1428 954 1469 1000 ex

101 1031 281 1097 Aristotele
308 1029 412 1114 petita
442 1037 530 1116 sunt,
564 1032 843 1118 Pythagoreorum
869 1032 991 1115 placita
1017 1053 1058 1099 ox
1086 1034 1378 1121 pseudepigraphis
1405 1037 1468 1102 illis

102 1132 197 1199 libris
227 1133 346 1198 hausta
372 1131 536 1218 ridentur,
566 1133 620 1218 qui
646 1134 938 1201 Alexandrinorum
960 1141 1070 1201 aetate
1092 1143 1125 1203 et
1145 1138 1243 1221 paulo
1266 1145 1381 1223 postea
1396 1160 1469 1205 con·
1567 1188 1569 1192 .

102 1235 182 1303 fecti
204 1243 289 1301 sunt.
323 1236 412 1301 velut
426 1235 556 1301 Thaleti
578 1242 610 1302 et
626 1237 835 1322 Pythagorae
857 1237 946 1302 1112
968 1248 979 1298 1
1004 1238 1147 1321 vulgaris
1164 1239 1206 1305 de
1222 1241 1362 1324 quinque
1379 1242 1468 1307 zonis

102 1336 257 1404 doctrina
277 1335 426 1403 tribuitur
448 1336 656 1422 eiusdemque
678 1339 807 1424 generis
829 1346 903 1405 sunt
925 1340 1037 1407 haeol
1055 1343 1072 1406 ‘l
1090 1350 1106 1403 t
1125 1341 1164 1408 cf.
1183 1343 1274 1409 Alex.
1291 1363 1342 1426 ap.
1359 1344 1467 1409 Laert.

103 1440 184 1506 VIII
200 1440 251 1523 12,
275 1440 379 1506 1113
404 1441 508 1506 Ι157
528 1439 566 1506 cf.
583 1441 647 1507 Vit.
664 1441 805 1526 Pythag.
821 1461 873 1525 ap.
891 1442 985 1509 Phot.
1008 1466 1039 1528 p.
1051 1446 1131 1510 439·
1148 1446 1200 1529 38,
1228 1446 1332 1510 1191
1363 1447 1463 1510 1141

103 1543 258 1609 111141.
286 1544 421 1610 Thalem
443 1541 652 1628 physicorum
676 1550 845 1627 parentem
869 1546 977 1612 omnia
999 1547 1080 1613 taha
1101 1547 1279 1632 praeivisse
1300 1548 1371 1612 istis
1394 1568 1467 1613 oon·

104 1652 298 1711 cananeum
325 1645 497 1713 videbatur
522 1646 740 1711 solutura
765 1645 864 1730 Θαλῆς
890 1651 937 1712 καὶ
966 1653 993 1713 οἱ
1020 1649 1070 1714 ἀπ’
1097 1651 1187 1715 αὐτοῦ
1214 1651 1264 1713 ἕνα
1286 1651 1334 1713 τὸν
1358 1651 1466 1732 κόσμον

103 1748 144 1815 ot'.
168 1748 276 1815 Zeller
297 1750 332 1814 Ι·
349 1747 430 1815 179’
452 1750 488 1815 1⁴
505 1748 584 1814 181⁸
607 1749 797 1814 et111101
819 1749 858 1817 cf.
881 1751 1151 1818 zerrer1⁴1aat
1185 1752 1243 1817 sed
1266 1752 1345 1817 talia
1368 1753 1466 1818 etiam

103 1859 182 1919 ante
197 1851 326 1917 Attium
341 1852 516 1937 scriptores
531 1851 682 1935 decipere
698 1853 857 1938 solebant,
881 1861 915 1918 ut
930 1853 992 1919 nisi
1014 1854 1071 1920 illa
1087 1856 1103 1919 I
1119 1840 1170 1919 3²8
1189 1861 1370 1920 commenta
1385 1854 1466 1920 nihil

102 1972 124 2019 a
147 1954 346 2021 Plaoitorum
368 1975 458 2021 more
479 1955 654 2022 abhorrere
676 1962 764 2021 certo
786 1956 907 2039 possim
928 1955 1099 2022 affirmare.

189 2057 260 2125 Noc
285 2057 372 2125 tertii
398 2057 485 2123 illius
511 2057 584 2124 libri
614 2057 708 2143 primi
731 2058 846 2142 capitis
869 2066 994 2124 ceteras
1021 2059 1192 2125 memorias
1214 2058 1307 2124 Aetio
1337 2077 1377 2124 ex
1408 2079 1467 2124 sua

102 2159 245 2227 lectione
270 2159 450 2227 innotuisse
471 2158 640 2245 probabile
666 2160 754 2226 est.²
797 2181 874 2227 nam
900 2163 997 2228 ardor
1021 2162 1077 2228 ille
1103 2162 1155 2228 vel
1180 2161 1391 2245 impugnandi
1414 2163 1467 2227 vel

102 2263 321 2332 eruditionem
348 2264 487 2331 alienam
515 2263 698 2329 ostentandi
731 2263 793 2330 cito
823 2264 1038 2348 rehigeratur.
1083 2283 1147 2348 qua
1175 2264 1305 2348 pigritia
1331 2263 1467 2331 feliciter

101 2366 281 2452 impeditus
307 2373 357 2433 est
379 2384 421 2431 ne
444 2364 677 2431 Plaoitorum
705 2385 789 2449 quae
811 2368 919 2434 dicere
943 2369 1031 2434 soleo
1058 2373 1293 2433 vetustorum
1316 2367 1467 2433 resolutis

102 2470 298 2536 staminibus
327 2469 460 2534 nimium
490 2466 677 2533 recentioris
707 2467 751 2534 fili
778 2469 998 2537 intertexeret.
1048 2489 1123 2534 nam
1154 2476 1188 2535 ut
1215 2469 1356 2535 concedo
1384 2469 1467 2536 inter

102 2573 268 2658 genuinae
288 2571 444 2639 materiae
466 2570 702 2637 multitudinem
724 2591 789 2637 non
812 2573 902 2638 nulla
922 2571 1107 2639 adulterina
1129 2573 1232 2638 latere
1254 2571 1296 2637 ab
1318 2572 1411 2638 Actio
1433 2573 1466 2637 in

102 2675 226 2742 iustam
248 2673 388 2760 speciem
411 2673 600 2739 assimulata
622 2678 732 2740 tamen
754 2674 796 2739 de
817 2674 968 2740 universa
987 2681 1187 2740 vetustomm
1203 2675 1399 2740 Plaoitorum
1422 2675 1468 2740 in·

100 2778 181 2844 dolo
204 2776 281 2862 quin
303 2782 391 2843 recte
412 2775 622 2842 indicaverim
646 2795 708 2840 uno
733 2775 791 2840 sed
813 2775 1073 2842 manifestissimo
1096 2776 1215 2842 indicio
1237 2776 1466 2861 comprobabo.

102 2879 236 2946 deuant
257 2878 331 2945 libri
354 2877 500 2945 ordinem
522 2877 556 2942 in
571 2897 729 2943 summam
752 2877 887 2962 probum
903 2878 955 2943 hic
968 2877 1035 2945 illio
1056 2877 1287 2945 absurdissime
1310 2898 1382 2944 esse
1397 2898 1467 2962 per·

103 3002 236 3049 versum
259 3001 359 3066 supra
380 3003 411 3066 p.
427 2982 469 3046 56
481 3001 549 3066 sqq.
577 2982 665 3049 clare
686 2980 906 3047 demonstravi
929 3000 1034 3064 neque
1056 2980 1183 3045 Aeuom
1206 2981 1372 3047 turbarum
1395 3000 1467 3046 esse

102 3092 270 3152 auctorem
299 3084 417 3170 celari,
444 3082 499 3168 qui
529 3083 693 3149 accersitis
719 3084 878 3168 capitibus
904 3082 1072 3167 pristinam
1101 3083 1342 3169 discriptionem
1367 3090 1468 3149 trans

101 3206 233 3253 versam
256 3187 385 3271 egisset
421 3204 528 3268 neque
551 3184 636 3251 enim
659 3206 750 3250 suum
772 3187 827 3252 ille
849 3185 1018 3251 consilium
1040 3186 1127 3270 quod
1148 3185 1191 3252 ad
1206 3192 1467 3269 argumentorum

102 3290 268 3374 quandam
298 3289 574 3355 continuationem
604 3287 773 3372 spectabat
798 3295 926 3372 poterat
948 3288 1125 3372 perducere
1147 3307 1252 3371 neque
1273 3309 1331 3372 spe
1354 3308 1394 3354 ea
1414 3288 1468 3353 do·

101 3393 208 3459 iaetus
231 3391 341 3459 aliena
363 3391 501 3458 subinde
521 3390 685 3456 inculcare
707 3390 894 3457 desistebat.
932 3391 1019 3474 quod
1041 3391 1103 3457 nisi
1125 3391 1253 3457 Aetium
1275 3412 1340 3457 non
1363 3391 1467 3457 solum

101 3494 267 3580 duphccm
290 3494 460 3561 materiam
482 3492 540 3559 sed
564 3493 662 3559 etiam
685 3493 878 3559 contrariam
906 3493 999 3558 simul
1022 3493 1229 3577 partitionem
1251 3513 1373 3560 vesano
1395 3514 1469 3560 oon-

101 3596 177 3662 silio
198 3596 307 3681 ipsum
329 3595 493 3662 invenisse
514 3594 692 3678 arbitraris,
715 3595 789 3661 hinc
812 3595 951 3661 maxime
974 3615 1088 3661 ansam
1107 3594 1243 3661 habebis
1268 3602 1467 3662 vetustorum

100 3697 305 3765 Placitorum
336 3698 491 3765 ambitum
524 3697 703 3764 certissima
735 3697 861 3763 ratione
894 3697 1118 3782 recuperandi.
1167 3716 1243 3764 soce
1276 3697 1468 3764 adulterinis

99 3799 269 3885 capitibus
290 3800 588 3886 supplementisque
610 3800 721 3866 recisis
743 3801 825 3866 haec
847 3801 908 3867 erit

453 3991 700 4044 VETUSTORUM
719 3991 953 4044 PLAC1TORUM
973 3991 1121 4050 TABULA

144 4108 161 4173 I
207 4106 487 4192 deprIncipiis

233 4211 293 4276 13
326 4210 390 4294 trapi
413 4212 514 4295 ἀρχῶν

273 4315 290 4378 7
316 4321 419 4376 11-34
455 4313 519 4396 περὶ
542 4312 612 4375 θεοῦ

177 4503 184 4536 ¹
204 4505 326 4556 monadis
350 4511 375 4555 et
398 4503 488 4569 dyadis
511 4504 638 4567 principia
662 4505 777 4554 similitor
800 4512 943 4555 statuerunt
967 4503 1118 4553 Alexander
1136 4505 1284 4568 Polyhistor
1303 4513 1328 4554 et
1347 4505 1467 4554 Eudorus

97 4596 134 4645 ef.
152 4594 240 4644 Zeller
256 4591 288 4644 1⁴
302 4589 364 4644 330.
383 4592 441 4640 vido
460 4592 520 4641 Aet.
540 4591 553 4639 l
574 4589 589 4641 7
608 4598 638 4639 rs.

173 4677 185 4712 ²
203 4697 265 4732 nam
284 4681 468 4744 allegoriarum
482 4679 678 4729 Homericamm
698 4681 847 4743 similitudo,
867 4694 933 4744 quac
951 4686 989 4728 est
1007 4680 1033 4728 in
1047 4679 1163 4729 Thaletis
1177 4695 1233 4728 cnm
1247 4681 1360 4729 Homero
1379 4681 1466 4739 iuncti,

97 4769 275 4834 Xenophanis
300 4767 518 4832 Empedoclisquc
546 4749 711 4831 opinionibus
735 4767 779 4831 [ei.
798 4783 876 4833 snpra
893 4785 918 4833 p.
933 4765 978 4830 95]
1002 4776 1030 4815 nt
1054 4768 1182 4815 communi
1206 4769 1263 4816 sine
1285 4765 1362 4816 dnbio
1382 4766 1466 4815 radico

98 4860 201 4918 nititur,
219 4859 257 4907 ita
270 4857 352 4907 Aetio
365 4857 472 4918 sintque
484 4855 645 4904 Plaoitorum
663 4855 734 4904 tonte
753 4858 883 4921 antiquior
903 4856 1011 4916 ridetur,
1031 4869 1089 4902 cum
1101 4853 1230 4903 Heracleo
1249 4853 1393 4902 uberiorem
1413 4853 1467 4899 eius

98 4947 204 5010 generis
224 4952 393 5009 conspectum
412 4943 599 5008 compilaverit.
635 4943 681 4994 aed
699 4945 859 4994 accuratiora
877 4944 962 4992 rimari
981 4943 1008 4991 in
1027 4948 1101 4991 tanta
1119 4940 1274 4990 obscuritate
1291 4939 1361 4989 nolo.
