<?xml version="1.0" encoding="UTF-8"?>
<!DOCTYPE html PUBLIC "-//W3C//DTD XHTML 1.0 Transitional//EN"
    "http://www.w3.org/TR/xhtml1/DTD/xhtml1-transitional.dtd">
<html xmlns="http://www.w3.org/1999/xhtml" xml:lang="en" lang="en">
 <head>
  <title>
</title>
<meta http-equiv="Content-Type" content="text/html;charset=utf-8" />
  <meta name='ocr-system' content='tesseract 3.04.00' />
  <meta name='ocr-capabilities' content='ocr_page ocr_carea ocr_par ocr_line ocrx_word'/>
</head>
<body>
  <div class='ocr_page' id='page_1' title='image "./doxographigraec00dielgoog/doxographigraec00dielgoog_0172.png"; bbox 0 0 3442 5588; ppageno 0'>
   <div class='ocr_carea' id='block_1_1' title="bbox 733 305 1546 371">
    <p class='ocr_par' dir='ltr' id='par_1_1' title="bbox 733 305 1546 371">
     <span class='ocr_line' id='line_1_1' title="bbox 733 305 1546 371; baseline -0.004 -14"><span class='ocrx_word' id='word_1_1' title='bbox 733 305 1009 357; x_wconf 74' lang='lat' dir='ltr'><strong>rnonncounus</strong></span> <span class='ocrx_word' id='word_1_2' title='bbox 1486 305 1546 371; x_wconf 75' lang='lat'><strong>151</strong></span> 
     </span>
    </p>
   </div>
   <div class='ocr_carea' id='block_1_2' title="bbox 175 468 1633 4045">
    <p class='ocr_par' dir='ltr' id='par_1_2' title="bbox 175 468 1633 3326">
     <span class='ocr_line' id='line_1_2' title="bbox 186 468 1548 556; baseline 0 -19"><span class='ocrx_word' id='word_1_3' title='bbox 186 490 234 553; x_wconf 83' lang='lat' dir='ltr'><strong>gr.</strong></span> <span class='ocrx_word' id='word_1_4' title='bbox 258 471 295 537; x_wconf 84' lang='lat' dir='ltr'><strong>L.</strong></span> <span class='ocrx_word' id='word_1_5' title='bbox 308 471 346 537; x_wconf 90' lang='grc' dir='ltr'><strong>Β.</strong></span> <span class='ocrx_word' id='word_1_6' title='bbox 364 472 448 538; x_wconf 85' lang='grc'><strong>1843</strong></span> <span class='ocrx_word' id='word_1_7' title='bbox 470 492 501 555; x_wconf 93' lang='lat' dir='ltr'><strong>p.</strong></span> <span class='ocrx_word' id='word_1_8' title='bbox 518 471 581 536; x_wconf 88' lang='grc'><strong>268</strong></span> <span class='ocrx_word' id='word_1_9' title='bbox 592 468 675 556; x_wconf 84' lang='lat' dir='ltr'><strong>sqq]</strong></span> <span class='ocrx_word' id='word_1_10' title='bbox 696 478 825 538; x_wconf 92' lang='lat' dir='ltr'><strong>secutus</strong></span> <span class='ocrx_word' id='word_1_11' title='bbox 846 470 888 538; x_wconf 90' lang='lat' dir='ltr'><strong>de</strong></span> <span class='ocrx_word' id='word_1_12' title='bbox 910 471 1098 556; x_wconf 80' lang='lat' dir='ltr'><strong>Pythagora</strong></span> <span class='ocrx_word' id='word_1_13' title='bbox 1123 472 1288 537; x_wconf 90' lang='lat' dir='ltr'><strong>minimum</strong></span> <span class='ocrx_word' id='word_1_14' title='bbox 1310 473 1436 538; x_wconf 88' lang='lat' dir='ltr'><strong>duobus</strong></span> <span class='ocrx_word' id='word_1_15' title='bbox 1457 471 1548 538; x_wconf 91' lang='lat' dir='ltr'><strong>libris</strong></span> 
     </span>
     <span class='ocr_line' id='line_1_3' title="bbox 186 569 1547 661; baseline 0.001 -24"><span class='ocrx_word' id='word_1_16' title='bbox 186 572 318 656; x_wconf 86' lang='lat' dir='ltr'><strong>scripsit</strong></span> <span class='ocrx_word' id='word_1_17' title='bbox 339 569 388 658; x_wconf 78' lang='lat' dir='ltr'><strong>[P.</strong></span> <span class='ocrx_word' id='word_1_18' title='bbox 404 575 444 640; x_wconf 90' lang='lat' dir='ltr'><strong>H.</strong></span> <span class='ocrx_word' id='word_1_19' title='bbox 461 573 500 640; x_wconf 77' lang='lat' dir='ltr'><strong>G.</strong></span> <span class='ocrx_word' id='word_1_20' title='bbox 516 574 564 639; x_wconf 93' lang='lat' dir='ltr'><strong>Ill</strong></span> <span class='ocrx_word' id='word_1_21' title='bbox 587 593 619 656; x_wconf 89' lang='lat' dir='ltr'><strong>p.</strong></span> <span class='ocrx_word' id='word_1_22' title='bbox 634 574 674 638; x_wconf 90' lang='grc'><strong>41</strong></span> <span class='ocrx_word' id='word_1_23' title='bbox 697 572 736 639; x_wconf 90' lang='lat' dir='ltr'><strong>fr.</strong></span> <span class='ocrx_word' id='word_1_24' title='bbox 752 572 900 661; x_wconf 83' lang='grc'><strong>21-24].</strong></span> <span class='ocrx_word' id='word_1_25' title='bbox 935 594 1016 658; x_wconf 89' lang='lat' dir='ltr'><strong>quos</strong></span> <span class='ocrx_word' id='word_1_26' title='bbox 1038 574 1151 639; x_wconf 90' lang='lat' dir='ltr'><strong>laudat</strong></span> <span class='ocrx_word' id='word_1_27' title='bbox 1172 574 1332 659; x_wconf 80' lang='lat' dir='ltr'>Iosephus</span> <span class='ocrx_word' id='word_1_28' title='bbox 1354 574 1547 658; x_wconf 80' lang='lat' dir='ltr'><strong>c.Ap.122</strong></span> 
     </span>
     <span class='ocr_line' id='line_1_4' title="bbox 184 674 1546 765; baseline 0.004 -26"><span class='ocrx_word' id='word_1_29' title='bbox 184 676 289 739; x_wconf 75' lang='grc' dir='ltr'>πολλοὶ</span> <span class='ocrx_word' id='word_1_30' title='bbox 305 676 339 739; x_wconf 72' lang='grc' dir='ltr'><strong>δὲ</strong></span> <span class='ocrx_word' id='word_1_31' title='bbox 353 676 390 739; x_wconf 80' lang='grc' dir='ltr'><strong>τὰ</strong></span> <span class='ocrx_word' id='word_1_32' title='bbox 412 677 476 761; x_wconf 80' lang='grc' dir='ltr'>περὶ</span> <span class='ocrx_word' id='word_1_33' title='bbox 496 675 584 740; x_wconf 79' lang='grc' dir='ltr'>αὐτὸν</span> <span class='ocrx_word' id='word_1_34' title='bbox 607 678 802 760; x_wconf 77' lang='grc' dir='ltr'><strong>ἱστορήκασιν,</strong></span> <span class='ocrx_word' id='word_1_35' title='bbox 825 680 872 741; x_wconf 81' lang='grc' dir='ltr'><strong>καὶ</strong></span> <span class='ocrx_word' id='word_1_36' title='bbox 895 679 1004 743; x_wconf 83' lang='grc' dir='ltr'>τούτων</span> <span class='ocrx_word' id='word_1_37' title='bbox 1027 678 1239 765; x_wconf 79' lang='grc' dir='ltr'>ἐπισημότατός</span> <span class='ocrx_word' id='word_1_38' title='bbox 1261 677 1337 741; x_wconf 79' lang='grc' dir='ltr'>ἐστιν</span> <span class='ocrx_word' id='word_1_39' title='bbox 1354 674 1546 761; x_wconf 82' lang='grc' dir='ltr'>Ἕρμιππος</span> 
     </span>
     <span class='ocr_line' id='line_1_5' title="bbox 185 776 1546 864; baseline 0 -22"><span class='ocrx_word' id='word_1_40' title='bbox 185 779 261 862; x_wconf 78' lang='grc' dir='ltr'><strong>ἀνὴρ</strong></span> <span class='ocrx_word' id='word_1_41' title='bbox 284 779 349 863; x_wconf 75' lang='lat' dir='ltr'><strong>rapt</strong></span> <span class='ocrx_word' id='word_1_42' title='bbox 371 783 466 842; x_wconf 82' lang='grc' dir='ltr'>πᾶσαν</span> <span class='ocrx_word' id='word_1_43' title='bbox 490 778 616 862; x_wconf 78' lang='grc' dir='ltr'>ἱστορίαν</span> <span class='ocrx_word' id='word_1_44' title='bbox 637 779 786 864; x_wconf 78' lang='grc' dir='ltr'>ἐπιμελής,</span> <span class='ocrx_word' id='word_1_45' title='bbox 809 779 859 845; x_wconf 94' lang='lat' dir='ltr'><strong>cui</strong></span> <span class='ocrx_word' id='word_1_46' title='bbox 882 779 1000 846; x_wconf 90' lang='lat' dir='ltr'><strong>iudicio</strong></span> <span class='ocrx_word' id='word_1_47' title='bbox 1022 782 1061 848; x_wconf 83' lang='grc' dir='ltr'><strong>Ε.</strong></span> <span class='ocrx_word' id='word_1_48' title='bbox 1076 781 1229 849; x_wconf 89' lang='lat' dir='ltr'><strong>Rohdeus</strong></span> <span class='ocrx_word' id='word_1_49' title='bbox 1250 777 1427 845; x_wconf 90' lang='lat' dir='ltr'><strong>rectissime</strong></span> <span class='ocrx_word' id='word_1_50' title='bbox 1449 776 1546 844; x_wconf 78' lang='lat' dir='ltr'><strong>refra</strong></span> 
     </span>
     <span class='ocr_line' id='line_1_6' title="bbox 184 878 1545 966; baseline -0.002 -22"><span class='ocrx_word' id='word_1_51' title='bbox 184 886 292 963; x_wconf 76' lang='lat' dir='ltr'><strong>gatus,</strong></span> <span class='ocrx_word' id='word_1_52' title='bbox 311 879 366 963; x_wconf 90' lang='lat' dir='ltr'><strong>qui</strong></span> <span class='ocrx_word' id='word_1_53' title='bbox 387 886 500 946; x_wconf 85' lang='lat' dir='ltr'><strong>contra</strong></span> <span class='ocrx_word' id='word_1_54' title='bbox 521 880 563 946; x_wconf 90' lang='lat' dir='ltr'><strong>de</strong></span> <span class='ocrx_word' id='word_1_55' title='bbox 582 900 621 946; x_wconf 90' lang='lat' dir='ltr'><strong>ee</strong></span> <span class='ocrx_word' id='word_1_56' title='bbox 636 879 787 946; x_wconf 84' lang='lat' dir='ltr'><strong>Mus.Rh.</strong></span> <span class='ocrx_word' id='word_1_57' title='bbox 800 881 910 948; x_wconf 87' lang='lat' dir='ltr'>XXVI</span> <span class='ocrx_word' id='word_1_58' title='bbox 924 885 1000 948; x_wconf 79' lang='lat'>562:</span> <span class='ocrx_word' id='word_1_59' title='bbox 1021 905 1089 949; x_wconf 80' lang='lat' dir='ltr'><strong>was</strong></span> <span class='ocrx_word' id='word_1_60' title='bbox 1104 887 1155 948; x_wconf 78' lang='lat' dir='ltr'><strong>die</strong></span> <span class='ocrx_word' id='word_1_61' title='bbox 1169 886 1331 966; x_wconf 81' lang='lat' dir='ltr'><strong>Spcetern,</strong></span> <span class='ocrx_word' id='word_1_62' title='bbox 1350 878 1463 963; x_wconf 91' lang='lat' dir='ltr'><strong>inquit,</strong></span> <span class='ocrx_word' id='word_1_63' title='bbox 1484 880 1545 941; x_wconf 79' lang='lat' dir='ltr'><strong>ihm</strong></span> 
     </span>
     <span class='ocr_line' id='line_1_7' title="bbox 184 983 1545 1070; baseline -0.003 -23"><span class='ocrx_word' id='word_1_64' title='bbox 184 983 359 1065; x_wconf 61' lang='lat' dir='ltr'><strong>trahente</strong></span> <span class='ocrx_word' id='word_1_65' title='bbox 380 983 621 1047; x_wconf 60' lang='lat' dir='ltr'><strong>amlachriebea</strong></span> <span class='ocrx_word' id='word_1_66' title='bbox 641 1003 710 1047; x_wconf 84' lang='lat' dir='ltr'><strong>war</strong></span> <span class='ocrx_word' id='word_1_67' title='bbox 732 986 831 1048; x_wconf 81' lang='lat' dir='ltr'><strong>niclls</strong></span> <span class='ocrx_word' id='word_1_68' title='bbox 851 988 985 1067; x_wconf 78' lang='lat' dir='ltr'><strong>weniper</strong></span> <span class='ocrx_word' id='word_1_69' title='bbox 1004 990 1053 1052; x_wconf 86' lang='lat' dir='ltr'><strong>als</strong></span> <span class='ocrx_word' id='word_1_70' title='bbox 1074 989 1305 1070; x_wconf 80' lang='lat' dir='ltr'><strong>ernstpemeiale</strong></span> <span class='ocrx_word' id='word_1_71' title='bbox 1319 986 1545 1063; x_wconf 69' lang='lat' dir='ltr'><strong>litteratores-</strong></span> 
     </span>
     <span class='ocr_line' id='line_1_8' title="bbox 183 1084 1544 1172; baseline 0.001 -24"><span class='ocrx_word' id='word_1_72' title='bbox 183 1087 328 1166; x_wconf 72' lang='lat' dir='ltr'><strong>sels‘eltle,</strong></span> <span class='ocrx_word' id='word_1_73' title='bbox 344 1088 479 1151; x_wconf 64' lang='lat' dir='ltr'><strong>scadan</strong></span> <span class='ocrx_word' id='word_1_74' title='bbox 493 1089 561 1150; x_wconf 82' lang='lat' dir='ltr'><strong>eine</strong></span> <span class='ocrx_word' id='word_1_75' title='bbox 574 1088 706 1168; x_wconf 71' lang='lat' dir='ltr'><strong>piftipe</strong></span> <span class='ocrx_word' id='word_1_76' title='bbox 720 1089 845 1151; x_wconf 80' lang='lat' dir='ltr'><strong>Satira</strong></span> <span class='ocrx_word' id='word_1_77' title='bbox 861 1090 922 1169; x_wconf 79' lang='lat' dir='ltr'><strong>auf</strong></span> <span class='ocrx_word' id='word_1_78' title='bbox 933 1091 1133 1172; x_wconf 79' lang='lat' dir='ltr'><strong>Pptlaperus.</strong></span> <span class='ocrx_word' id='word_1_79' title='bbox 1158 1089 1301 1156; x_wconf 87' lang='lat' dir='ltr'><strong>eiusdem</strong></span> <span class='ocrx_word' id='word_1_80' title='bbox 1317 1084 1446 1170; x_wconf 88' lang='lat' dir='ltr'><strong>generis</strong></span> <span class='ocrx_word' id='word_1_81' title='bbox 1461 1104 1544 1167; x_wconf 91' lang='lat' dir='ltr'><strong>esse,</strong></span> 
     </span>
     <span class='ocr_line' id='line_1_9' title="bbox 183 1188 1544 1275; baseline 0.001 -23"><span class='ocrx_word' id='word_1_82' title='bbox 183 1207 270 1272; x_wconf 89' lang='lat' dir='ltr'><strong>quae</strong></span> <span class='ocrx_word' id='word_1_83' title='bbox 289 1188 332 1255; x_wconf 91' lang='lat' dir='ltr'><strong>de</strong></span> <span class='ocrx_word' id='word_1_84' title='bbox 346 1188 489 1256; x_wconf 85' lang='lat' dir='ltr'><strong>virorum</strong></span> <span class='ocrx_word' id='word_1_85' title='bbox 503 1189 718 1255; x_wconf 87' lang='lat' dir='ltr'><strong>litteratorum</strong></span> <span class='ocrx_word' id='word_1_86' title='bbox 734 1189 889 1255; x_wconf 91' lang='lat' dir='ltr'><strong>mortibus</strong></span> <span class='ocrx_word' id='word_1_87' title='bbox 904 1190 1014 1275; x_wconf 82' lang='lat' dir='ltr'>tradit,</span> <span class='ocrx_word' id='word_1_88' title='bbox 1036 1192 1114 1257; x_wconf 90' lang='lat' dir='ltr'><strong>mihi</strong></span> <span class='ocrx_word' id='word_1_89' title='bbox 1136 1198 1273 1258; x_wconf 88' lang='lat' dir='ltr'><strong>cunstat.</strong></span> <span class='ocrx_word' id='word_1_90' title='bbox 1308 1189 1435 1256; x_wconf 90' lang='lat' dir='ltr'><strong>accedit</strong></span> <span class='ocrx_word' id='word_1_91' title='bbox 1457 1188 1544 1271; x_wconf 89' lang='lat' dir='ltr'><strong>quod</strong></span> 
     </span>
     <span class='ocr_line' id='line_1_10' title="bbox 182 1289 1544 1379; baseline -0.001 -24"><span class='ocrx_word' id='word_1_92' title='bbox 182 1291 335 1357; x_wconf 87' lang='lat' dir='ltr'><strong>Laertius</strong></span> <span class='ocrx_word' id='word_1_93' title='bbox 360 1292 431 1357; x_wconf 87' lang='lat' dir='ltr'><strong>lc.</strong></span> <span class='ocrx_word' id='word_1_94' title='bbox 457 1291 491 1356; x_wconf 93' lang='lat' dir='ltr'><strong>in</strong></span> <span class='ocrx_word' id='word_1_95' title='bbox 522 1289 658 1356; x_wconf 90' lang='lat' dir='ltr'><strong>subditis</strong></span> <span class='ocrx_word' id='word_1_96' title='bbox 690 1289 781 1355; x_wconf 89' lang='lat' dir='ltr'><strong>libris</strong></span> <span class='ocrx_word' id='word_1_97' title='bbox 813 1293 959 1358; x_wconf 81' lang='lat' dir='ltr'><strong>meminit</strong></span> <span class='ocrx_word' id='word_1_98' title='bbox 988 1300 1126 1376; x_wconf 80' lang='grc' dir='ltr'>μυστικοῦ</span> <span class='ocrx_word' id='word_1_99' title='bbox 1152 1297 1255 1379; x_wconf 81' lang='grc' dir='ltr'>λόγου,</span> <span class='ocrx_word' id='word_1_100' title='bbox 1287 1313 1383 1377; x_wconf 92' lang='lat' dir='ltr'><strong>quem</strong></span> <span class='ocrx_word' id='word_1_101' title='bbox 1405 1290 1544 1356; x_wconf 83' lang='grc' dir='ltr'>Ἱππάσου</span> 
     </span>
     <span class='ocr_line' id='line_1_11' title="bbox 182 1394 1544 1481; baseline 0.003 -24"><span class='ocrx_word' id='word_1_102' title='bbox 182 1395 271 1478; x_wconf 75' lang='grc' dir='ltr'>φασὶν</span> <span class='ocrx_word' id='word_1_103' title='bbox 293 1394 367 1458; x_wconf 77' lang='grc' dir='ltr'>εἶναι</span> <span class='ocrx_word' id='word_1_104' title='bbox 390 1395 586 1479; x_wconf 73' lang='grc' dir='ltr'>γεγραμμένον</span> <span class='ocrx_word' id='word_1_105' title='bbox 608 1394 664 1457; x_wconf 78' lang='grc' dir='ltr'><strong>ἐπὶ</strong></span> <span class='ocrx_word' id='word_1_106' title='bbox 687 1395 833 1478; x_wconf 79' lang='grc' dir='ltr'>διαβολῇ</span> <span class='ocrx_word' id='word_1_107' title='bbox 857 1395 1073 1481; x_wconf 73' lang='grc' dir='ltr'>Πυθαγόρου.</span> <span class='ocrx_word' id='word_1_108' title='bbox 1109 1416 1229 1479; x_wconf 78' lang='lat' dir='ltr'><strong>ergone</strong></span> <span class='ocrx_word' id='word_1_109' title='bbox 1250 1396 1461 1479; x_wconf 82' lang='lat' dir='ltr'><strong>Hermippum</strong></span> <span class='ocrx_word' id='word_1_110' title='bbox 1482 1397 1544 1461; x_wconf 85' lang='lat' dir='ltr'><strong>He-</strong></span> 
     </span>
     <span class='ocr_line' id='line_1_12' title="bbox 182 1495 1542 1581; baseline 0.002 -20"><span class='ocrx_word' id='word_1_111' title='bbox 182 1495 316 1562; x_wconf 87' lang='lat' dir='ltr'><strong>raclidis</strong></span> <span class='ocrx_word' id='word_1_112' title='bbox 337 1498 408 1564; x_wconf 89' lang='lat' dir='ltr'><strong>loco</strong></span> <span class='ocrx_word' id='word_1_113' title='bbox 430 1495 555 1562; x_wconf 88' lang='lat' dir='ltr'><strong>fraudis</strong></span> <span class='ocrx_word' id='word_1_114' title='bbox 576 1495 757 1562; x_wconf 86' lang='lat' dir='ltr'><strong>convictum</strong></span> <span class='ocrx_word' id='word_1_115' title='bbox 780 1496 958 1563; x_wconf 83' lang='lat' dir='ltr'><strong>habemus?</strong></span> <span class='ocrx_word' id='word_1_116' title='bbox 983 1518 1024 1564; x_wconf 91' lang='lat' dir='ltr'><strong>ne</strong></span> <span class='ocrx_word' id='word_1_117' title='bbox 1046 1497 1132 1563; x_wconf 91' lang='lat' dir='ltr'><strong>hunc</strong></span> <span class='ocrx_word' id='word_1_118' title='bbox 1153 1497 1293 1581; x_wconf 91' lang='lat' dir='ltr'><strong>quidem,</strong></span> <span class='ocrx_word' id='word_1_119' title='bbox 1316 1497 1342 1561; x_wconf 91' lang='lat' dir='ltr'><strong>si</strong></span> <span class='ocrx_word' id='word_1_120' title='bbox 1366 1518 1417 1563; x_wconf 88' lang='lat' dir='ltr'><strong>me</strong></span> <span class='ocrx_word' id='word_1_121' title='bbox 1439 1497 1542 1564; x_wconf 89' lang='lat' dir='ltr'><strong>audis.</strong></span> 
     </span>
     <span class='ocr_line' id='line_1_13' title="bbox 182 1598 1543 1685; baseline 0.001 -20"><span class='ocrx_word' id='word_1_122' title='bbox 182 1618 258 1665; x_wconf 88' lang='lat' dir='ltr'><strong>nam</strong></span> <span class='ocrx_word' id='word_1_123' title='bbox 280 1599 441 1685; x_wconf 74' lang='lat' dir='ltr'>Iosephus</span> <span class='ocrx_word' id='word_1_124' title='bbox 463 1600 483 1663; x_wconf 92' lang='lat' dir='ltr'><strong>l.</strong></span> <span class='ocrx_word' id='word_1_125' title='bbox 500 1618 527 1664; x_wconf 94' lang='lat' dir='ltr'><strong>c.</strong></span> <span class='ocrx_word' id='word_1_126' title='bbox 549 1605 724 1682; x_wconf 78' lang='lat' dir='ltr'><strong>antequam</strong></span> <span class='ocrx_word' id='word_1_127' title='bbox 746 1598 956 1684; x_wconf 87' lang='lat' dir='ltr'><strong>Hermippum</strong></span> <span class='ocrx_word' id='word_1_128' title='bbox 979 1601 1071 1684; x_wconf 91' lang='lat' dir='ltr'><strong>citat,</strong></span> <span class='ocrx_word' id='word_1_129' title='bbox 1097 1601 1187 1665; x_wconf 81' lang='grc' dir='ltr'>αὐτοῦ</span> <span class='ocrx_word' id='word_1_130' title='bbox 1211 1601 1263 1683; x_wconf 78' lang='lat' dir='ltr'><strong>plu</strong></span> <span class='ocrx_word' id='word_1_131' title='bbox 1284 1599 1350 1678; x_wconf 82' lang='grc' dir='ltr'><strong>οὖν,</strong></span> <span class='ocrx_word' id='word_1_132' title='bbox 1377 1599 1480 1682; x_wconf 92' lang='lat' dir='ltr'><strong>inquit</strong></span> <span class='ocrx_word' id='word_1_133' title='bbox 1501 1600 1543 1666; x_wconf 91' lang='lat' dir='ltr'><strong>de</strong></span> 
     </span>
     <span class='ocr_line' id='line_1_14' title="bbox 181 1699 1542 1788; baseline 0.001 -22"><span class='ocrx_word' id='word_1_134' title='bbox 181 1699 388 1786; x_wconf 66' lang='lat' dir='ltr'><strong>Pythagora,</strong></span> <span class='ocrx_word' id='word_1_135' title='bbox 414 1701 498 1766; x_wconf 80' lang='grc' dir='ltr'>οὐδὲν</span> <span class='ocrx_word' id='word_1_136' title='bbox 530 1704 711 1784; x_wconf 79' lang='grc' dir='ltr'>ὁμολογεῖται</span> <span class='ocrx_word' id='word_1_137' title='bbox 737 1703 919 1788; x_wconf 69' lang='grc' dir='ltr'>σύγγραμμα.</span> <span class='ocrx_word' id='word_1_138' title='bbox 962 1710 1060 1787; x_wconf 86' lang='lat' dir='ltr'><strong>atque</strong></span> <span class='ocrx_word' id='word_1_139' title='bbox 1084 1702 1214 1768; x_wconf 88' lang='lat' dir='ltr'><strong>omnino</strong></span> <span class='ocrx_word' id='word_1_140' title='bbox 1236 1701 1370 1767; x_wconf 83' lang='lat' dir='ltr'><strong>vacillat</strong></span> <span class='ocrx_word' id='word_1_141' title='bbox 1392 1721 1486 1767; x_wconf 87' lang='lat' dir='ltr'><strong>omne</strong></span> <span class='ocrx_word' id='word_1_142' title='bbox 1508 1702 1542 1767; x_wconf 85' lang='lat' dir='ltr'><strong>in</strong></span> 
     </span>
     <span class='ocr_line' id='line_1_15' title="bbox 181 1802 1543 1890; baseline 0 -21"><span class='ocrx_word' id='word_1_143' title='bbox 181 1809 274 1869; x_wconf 63' lang='lat' dir='ltr'><strong>unta</strong></span> <span class='ocrx_word' id='word_1_144' title='bbox 295 1802 448 1871; x_wconf 79' lang='lat' dir='ltr'><strong>fallaciae</strong></span> <span class='ocrx_word' id='word_1_145' title='bbox 469 1803 691 1871; x_wconf 88' lang='lat' dir='ltr'><strong>coniuratione</strong></span> <span class='ocrx_word' id='word_1_146' title='bbox 712 1804 885 1872; x_wconf 92' lang='lat' dir='ltr'><strong>discrimen</strong></span> <span class='ocrx_word' id='word_1_147' title='bbox 905 1825 1011 1890; x_wconf 86' lang='lat' dir='ltr'><strong>neque</strong></span> <span class='ocrx_word' id='word_1_148' title='bbox 1031 1805 1102 1888; x_wconf 90' lang='lat' dir='ltr'><strong>quis</strong></span> <span class='ocrx_word' id='word_1_149' title='bbox 1120 1803 1222 1870; x_wconf 91' lang='lat' dir='ltr'><strong>falsus</strong></span> <span class='ocrx_word' id='word_1_150' title='bbox 1243 1804 1285 1871; x_wconf 91' lang='lat' dir='ltr'><strong>sit</strong></span> <span class='ocrx_word' id='word_1_151' title='bbox 1307 1805 1378 1888; x_wconf 88' lang='lat' dir='ltr'><strong>quis</strong></span> <span class='ocrx_word' id='word_1_152' title='bbox 1392 1803 1543 1869; x_wconf 83' lang='lat' dir='ltr'><strong>fefellerit</strong></span> 
     </span>
     <span class='ocr_line' id='line_1_16' title="bbox 180 1904 1541 1991; baseline 0.001 -21"><span class='ocrx_word' id='word_1_153' title='bbox 180 1905 262 1990; x_wconf 85' lang='lat' dir='ltr'><strong>ipae,</strong></span> <span class='ocrx_word' id='word_1_154' title='bbox 277 1904 376 1974; x_wconf 90' lang='lat' dir='ltr'><strong>facile</strong></span> <span class='ocrx_word' id='word_1_155' title='bbox 388 1906 506 1989; x_wconf 89' lang='lat' dir='ltr'><strong>aliquis</strong></span> <span class='ocrx_word' id='word_1_156' title='bbox 521 1905 648 1972; x_wconf 83' lang='lat' dir='ltr'><strong>dixerit.</strong></span> <span class='ocrx_word' id='word_1_157' title='bbox 671 1906 770 1990; x_wconf 81' lang='lat' dir='ltr'><strong>quid?</strong></span> <span class='ocrx_word' id='word_1_158' title='bbox 790 1907 994 1974; x_wconf 87' lang='lat' dir='ltr'><strong>Aristobulus</strong></span> <span class='ocrx_word' id='word_1_159' title='bbox 1010 1907 1237 1974; x_wconf 88' lang='lat' dir='ltr'><strong>Philometoris</strong></span> <span class='ocrx_word' id='word_1_160' title='bbox 1251 1906 1430 1991; x_wconf 89' lang='lat' dir='ltr'><strong>familiaris,</strong></span> <span class='ocrx_word' id='word_1_161' title='bbox 1446 1926 1541 1990; x_wconf 91' lang='lat' dir='ltr'><strong>quem</strong></span> 
     </span>
     <span class='ocr_line' id='line_1_17' title="bbox 182 2007 1540 2095; baseline 0 -21"><span class='ocrx_word' id='word_1_162' title='bbox 182 2009 352 2092; x_wconf 81' lang='lat' dir='ltr'><strong>exemplar</strong></span> <span class='ocrx_word' id='word_1_163' title='bbox 372 2007 467 2073; x_wconf 89' lang='lat' dir='ltr'><strong>istius</strong></span> <span class='ocrx_word' id='word_1_164' title='bbox 488 2013 598 2074; x_wconf 88' lang='lat' dir='ltr'><strong>seclae</strong></span> <span class='ocrx_word' id='word_1_165' title='bbox 620 2009 869 2095; x_wconf 75' lang='lat' dir='ltr'><strong>prodideramus,</strong></span> <span class='ocrx_word' id='word_1_166' title='bbox 892 2011 1029 2095; x_wconf 89' lang='lat' dir='ltr'><strong>turpiter</strong></span> <span class='ocrx_word' id='word_1_167' title='bbox 1050 2012 1121 2095; x_wconf 90' lang='lat' dir='ltr'><strong>ipse</strong></span> <span class='ocrx_word' id='word_1_168' title='bbox 1142 2010 1299 2094; x_wconf 90' lang='lat' dir='ltr'><strong>deceptus</strong></span> <span class='ocrx_word' id='word_1_169' title='bbox 1320 2016 1379 2093; x_wconf 89' lang='lat' dir='ltr'><strong>est,</strong></span> <span class='ocrx_word' id='word_1_170' title='bbox 1401 2008 1540 2075; x_wconf 90' lang='lat' dir='ltr'><strong>simodo</strong></span> 
     </span>
     <span class='ocr_line' id='line_1_18' title="bbox 180 2109 1540 2198; baseline 0.004 -25"><span class='ocrx_word' id='word_1_171' title='bbox 180 2109 427 2177; x_wconf 80' lang='lat' dir='ltr'><strong>Prendenthalii</strong></span> <span class='ocrx_word' id='word_1_172' title='bbox 442 2110 656 2194; x_wconf 87' lang='lat' dir='ltr'><strong>patrocinium</strong></span> <span class='ocrx_word' id='word_1_173' title='bbox 672 2109 767 2198; x_wconf 89' lang='lat' dir='ltr'><strong>[Hell.</strong></span> <span class='ocrx_word' id='word_1_174' title='bbox 784 2112 874 2179; x_wconf 87' lang='lat' dir='ltr'><strong>Stud.</strong></span> <span class='ocrx_word' id='word_1_175' title='bbox 891 2134 922 2197; x_wconf 93' lang='lat' dir='ltr'><strong>p.</strong></span> <span class='ocrx_word' id='word_1_176' title='bbox 937 2114 1012 2195; x_wconf 78' lang='grc'><strong>161]</strong></span> <span class='ocrx_word' id='word_1_177' title='bbox 1033 2119 1122 2178; x_wconf 88' lang='lat' dir='ltr'><strong>recto</strong></span> <span class='ocrx_word' id='word_1_178' title='bbox 1138 2115 1205 2178; x_wconf 92' lang='lat' dir='ltr'><strong>talo</strong></span> <span class='ocrx_word' id='word_1_179' title='bbox 1221 2118 1308 2179; x_wconf 89' lang='lat' dir='ltr'><strong>stare</strong></span> <span class='ocrx_word' id='word_1_180' title='bbox 1325 2111 1540 2178; x_wconf 89' lang='lat' dir='ltr'><strong>concedimus.</strong></span> 
     </span>
     <span class='ocr_line' id='line_1_19' title="bbox 179 2210 1541 2300; baseline 0.004 -24"><span class='ocrx_word' id='word_1_181' title='bbox 179 2210 393 2296; x_wconf 86' lang='lat' dir='ltr'><strong>Hermippum</strong></span> <span class='ocrx_word' id='word_1_182' title='bbox 414 2219 525 2279; x_wconf 88' lang='lat' dir='ltr'><strong>autem</strong></span> <span class='ocrx_word' id='word_1_183' title='bbox 546 2234 611 2279; x_wconf 89' lang='lat' dir='ltr'><strong>nen</strong></span> <span class='ocrx_word' id='word_1_184' title='bbox 632 2213 697 2279; x_wconf 90' lang='lat' dir='ltr'><strong>cito</strong></span> <span class='ocrx_word' id='word_1_185' title='bbox 720 2214 877 2300; x_wconf 84' lang='lat' dir='ltr'><strong>quispiam</strong></span> <span class='ocrx_word' id='word_1_186' title='bbox 904 2214 1056 2282; x_wconf 82' lang='lat' dir='ltr'><strong>fallaciae</strong></span> <span class='ocrx_word' id='word_1_187' title='bbox 1081 2215 1254 2300; x_wconf 89' lang='lat' dir='ltr'><strong>accusarit,</strong></span> <span class='ocrx_word' id='word_1_188' title='bbox 1282 2214 1334 2298; x_wconf 90' lang='lat' dir='ltr'><strong>qui</strong></span> <span class='ocrx_word' id='word_1_189' title='bbox 1357 2214 1541 2281; x_wconf 82' lang='lat' dir='ltr'><strong>Aristotelis</strong></span> 
     </span>
     <span class='ocr_line' id='line_1_20' title="bbox 178 2311 1541 2402; baseline 0.005 -25"><span class='ocrx_word' id='word_1_190' title='bbox 178 2311 464 2398; x_wconf 79' lang='lat' dir='ltr'><strong>Tbeephrastique</strong></span> <span class='ocrx_word' id='word_1_191' title='bbox 475 2315 598 2382; x_wconf 89' lang='lat' dir='ltr'><strong>indices</strong></span> <span class='ocrx_word' id='word_1_192' title='bbox 609 2336 682 2382; x_wconf 92' lang='lat' dir='ltr'><strong>cum</strong></span> <span class='ocrx_word' id='word_1_193' title='bbox 692 2316 769 2382; x_wconf 83' lang='lat' dir='ltr'><strong>vitis</strong></span> <span class='ocrx_word' id='word_1_194' title='bbox 780 2316 952 2401; x_wconf 82' lang='lat' dir='ltr'><strong>diligenter</strong></span> <span class='ocrx_word' id='word_1_195' title='bbox 966 2326 1137 2402; x_wconf 83' lang='lat' dir='ltr'><strong>excerptos</strong></span> <span class='ocrx_word' id='word_1_196' title='bbox 1149 2319 1259 2385; x_wconf 89' lang='lat' dir='ltr'><strong>abillo</strong></span> <span class='ocrx_word' id='word_1_197' title='bbox 1274 2338 1347 2384; x_wconf 88' lang='lat' dir='ltr'><strong>esse</strong></span> <span class='ocrx_word' id='word_1_198' title='bbox 1361 2317 1541 2385; x_wconf 88' lang='lat' dir='ltr'><strong>meminerit</strong></span> 
     </span>
     <span class='ocr_line' id='line_1_21' title="bbox 177 2415 1540 2504; baseline 0.004 -24"><span class='ocrx_word' id='word_1_199' title='bbox 177 2415 231 2498; x_wconf 86' lang='lat' dir='ltr'><strong>[cf.</strong></span> <span class='ocrx_word' id='word_1_200' title='bbox 248 2415 377 2482; x_wconf 80' lang='lat' dir='ltr'><strong>Usener</strong></span> <span class='ocrx_word' id='word_1_201' title='bbox 396 2416 492 2482; x_wconf 79' lang='lat' dir='ltr'><strong>Anal.</strong></span> <span class='ocrx_word' id='word_1_202' title='bbox 508 2417 670 2501; x_wconf 84' lang='lat' dir='ltr'><strong>Theophr.</strong></span> <span class='ocrx_word' id='word_1_203' title='bbox 693 2441 725 2504; x_wconf 90' lang='lat' dir='ltr'><strong>p.</strong></span> <span class='ocrx_word' id='word_1_204' title='bbox 741 2421 806 2504; x_wconf 78' lang='grc'><strong>24].</strong></span> <span class='ocrx_word' id='word_1_205' title='bbox 841 2420 875 2485; x_wconf 93' lang='lat' dir='ltr'><strong>in</strong></span> <span class='ocrx_word' id='word_1_206' title='bbox 896 2420 970 2486; x_wconf 92' lang='lat' dir='ltr'><strong>illos</strong></span> <span class='ocrx_word' id='word_1_207' title='bbox 992 2419 1089 2502; x_wconf 83' lang='lat' dir='ltr'><strong>igitur</strong></span> <span class='ocrx_word' id='word_1_208' title='bbox 1103 2421 1211 2504; x_wconf 90' lang='lat' dir='ltr'><strong>potius</strong></span> <span class='ocrx_word' id='word_1_209' title='bbox 1225 2419 1444 2487; x_wconf 90' lang='lat' dir='ltr'><strong>Heracliteum</strong></span> <span class='ocrx_word' id='word_1_210' title='bbox 1459 2420 1540 2486; x_wconf 92' lang='lat' dir='ltr'><strong>illud</strong></span> 
     </span>
     <span class='ocr_line' id='line_1_22' title="bbox 176 2517 1539 2608; baseline 0.004 -24"><span class='ocrx_word' id='word_1_211' title='bbox 176 2517 266 2584; x_wconf 79' lang='lat' dir='ltr'><strong>eadit</strong></span> <span class='ocrx_word' id='word_1_212' title='bbox 286 2520 458 2603; x_wconf 74' lang='lat' dir='ltr'><strong>seleputllq</strong></span> <span class='ocrx_word' id='word_1_213' title='bbox 480 2521 603 2607; x_wconf 84' lang='grc' dir='ltr'>νόυνυύ</span> <span class='ocrx_word' id='word_1_214' title='bbox 625 2524 764 2587; x_wconf 80' lang='grc' dir='ltr'>διδάσκει.</span> <span class='ocrx_word' id='word_1_215' title='bbox 797 2523 994 2608; x_wconf 85' lang='lat' dir='ltr'><strong>Hermippus</strong></span> <span class='ocrx_word' id='word_1_216' title='bbox 1015 2523 1156 2606; x_wconf 86' lang='lat' dir='ltr'><strong>quidem,</strong></span> <span class='ocrx_word' id='word_1_217' title='bbox 1179 2523 1205 2588; x_wconf 93' lang='lat' dir='ltr'><strong>si</strong></span> <span class='ocrx_word' id='word_1_218' title='bbox 1228 2522 1368 2588; x_wconf 90' lang='lat' dir='ltr'><strong>Plinium</strong></span> <span class='ocrx_word' id='word_1_219' title='bbox 1389 2523 1484 2588; x_wconf 88' lang='lat' dir='ltr'><strong>audis</strong></span> <span class='ocrx_word' id='word_1_220' title='bbox 1498 2524 1539 2589; x_wconf 92' lang='lat' dir='ltr'><strong>H.</strong></span> 
     </span>
     <span class='ocr_line' id='line_1_23' title="bbox 175 2620 1633 2712; baseline 0.007 -27"><span class='ocrx_word' id='word_1_221' title='bbox 175 2620 216 2686; x_wconf 82' lang='lat' dir='ltr'><strong>N.</strong></span> <span class='ocrx_word' id='word_1_222' title='bbox 231 2621 332 2688; x_wconf 86' lang='lat' dir='ltr'><strong>XXX</strong></span> <span class='ocrx_word' id='word_1_223' title='bbox 345 2625 377 2705; x_wconf 82' lang='lat'><strong>4,</strong></span> <span class='ocrx_word' id='word_1_224' title='bbox 393 2624 431 2685; x_wconf 80' lang='lat' dir='ltr'><strong>de</strong></span> <span class='ocrx_word' id='word_1_225' title='bbox 446 2632 511 2686; x_wconf 83' lang='lat' dir='ltr'><strong>lete</strong></span> <span class='ocrx_word' id='word_1_226' title='bbox 521 2635 589 2687; x_wconf 84' lang='lat' dir='ltr'><strong>arte</strong></span> <span class='ocrx_word' id='word_1_227' title='bbox 603 2645 641 2688; x_wconf 89' lang='lat' dir='ltr'><strong>ea</strong></span> <span class='ocrx_word' id='word_1_228' title='bbox 657 2622 795 2710; x_wconf 81' lang='lat' dir='ltr'><strong>[magica</strong></span> <span class='ocrx_word' id='word_1_229' title='bbox 809 2626 849 2692; x_wconf 87' lang='lat' dir='ltr'><strong>cf.</strong></span> <span class='ocrx_word' id='word_1_230' title='bbox 865 2626 973 2692; x_wconf 87' lang='lat' dir='ltr'><strong>Laert.</strong></span> <span class='ocrx_word' id='word_1_231' title='bbox 989 2627 1005 2691; x_wconf 97' lang='lat' dir='ltr'>I</span> <span class='ocrx_word' id='word_1_232' title='bbox 1027 2645 1168 2709; x_wconf 87' lang='lat' dir='ltr'><strong>prooem.</strong></span> <span class='ocrx_word' id='word_1_233' title='bbox 1185 2627 1206 2689; x_wconf 87' lang='lat'><em>8</em></span> <span class='ocrx_word' id='word_1_234' title='bbox 1222 2623 1436 2710; x_wconf 73' lang='lat' dir='ltr'><strong>‘&#39;Eppurncr&#39;ls</strong></span> <span class='ocrx_word' id='word_1_235' title='bbox 1451 2632 1495 2712; x_wconf 80' lang='grc' dir='ltr'><strong>τῷ</strong></span> <span class='ocrx_word' id='word_1_236' title='bbox 1513 2631 1538 2692; x_wconf 73' lang='grc' dir='ltr'><strong>ἆ</strong></span> <span class='ocrx_word' id='word_1_237' title='bbox 1630 2690 1633 2695; x_wconf 89' lang='grc'><strong>,</strong></span> 
     </span>
     <span class='ocr_line' id='line_1_24' title="bbox 178 2724 1538 2815; baseline 0.007 -29"><span class='ocrx_word' id='word_1_238' title='bbox 178 2725 242 2809; x_wconf 80' lang='lat' dir='ltr'><strong>rrapl</strong></span> <span class='ocrx_word' id='word_1_239' title='bbox 259 2727 373 2808; x_wconf 74' lang='grc' dir='ltr'><strong>μάγων,</strong></span> <span class='ocrx_word' id='word_1_240' title='bbox 394 2724 515 2791; x_wconf 77' lang='lat' dir='ltr'><strong>Amol).</strong></span> <span class='ocrx_word' id='word_1_241' title='bbox 529 2727 545 2790; x_wconf 94' lang='lat' dir='ltr'>I</span> <span class='ocrx_word' id='word_1_242' title='bbox 560 2729 612 2809; x_wconf 79' lang='lat'><strong>52,</strong></span> <span class='ocrx_word' id='word_1_243' title='bbox 631 2727 748 2792; x_wconf 87' lang='lat' dir='ltr'><strong>Athen.</strong></span> <span class='ocrx_word' id='word_1_244' title='bbox 761 2730 809 2794; x_wconf 93' lang='lat' dir='ltr'><strong>XI</strong></span> <span class='ocrx_word' id='word_1_245' title='bbox 824 2750 856 2813; x_wconf 91' lang='lat' dir='ltr'><strong>p.</strong></span> <span class='ocrx_word' id='word_1_246' title='bbox 868 2726 969 2815; x_wconf 75' lang='lat' dir='ltr'><strong>tuor]</strong></span> <span class='ocrx_word' id='word_1_247' title='bbox 992 2730 1224 2810; x_wconf 77' lang='lat' dir='ltr'><strong>dlllpenls&#39;ssime</strong></span> <span class='ocrx_word' id='word_1_248' title='bbox 1237 2732 1364 2811; x_wconf 76' lang='lat' dir='ltr'><strong>scripsit</strong></span> <span class='ocrx_word' id='word_1_249' title='bbox 1379 2740 1408 2792; x_wconf 80' lang='lat' dir='ltr'><strong>ct</strong></span> <span class='ocrx_word' id='word_1_250' title='bbox 1422 2733 1538 2795; x_wconf 77' lang='lat' dir='ltr'><strong>eiciens</strong></span> 
     </span>
     <span class='ocr_line' id='line_1_25' title="bbox 177 2830 1537 2915; baseline 0.005 -24"><span class='ocrx_word' id='word_1_251' title='bbox 177 2835 299 2891; x_wconf 68' lang='lat' dir='ltr'><strong>mutan</strong></span> <span class='ocrx_word' id='word_1_252' title='bbox 313 2831 401 2892; x_wconf 76' lang='lat' dir='ltr'><strong>mllio</strong></span> <span class='ocrx_word' id='word_1_253' title='bbox 415 2849 557 2893; x_wconf 75' lang='grc' dir='ltr'><strong>υονυιιιιννν</strong></span> <span class='ocrx_word' id='word_1_254' title='bbox 572 2848 593 2892; x_wconf 88' lang='lat' dir='ltr'><strong>a</strong></span> <span class='ocrx_word' id='word_1_255' title='bbox 607 2830 778 2895; x_wconf 79' lang='lat' dir='ltr'><strong>Zoroastre</strong></span> <span class='ocrx_word' id='word_1_256' title='bbox 800 2833 926 2895; x_wconf 59' lang='lat' dir='ltr'><strong>conduc</strong></span> <span class='ocrx_word' id='word_1_257' title='bbox 947 2830 1102 2895; x_wconf 74' lang='lat' dir='ltr'><strong>indicibus</strong></span> <span class='ocrx_word' id='word_1_258' title='bbox 1125 2853 1244 2915; x_wconf 81' lang='lat' dir='ltr'><strong>qaoque</strong></span> <span class='ocrx_word' id='word_1_259' title='bbox 1265 2836 1454 2897; x_wconf 81' lang='lat' dir='ltr'><strong>uoluminum</strong></span> <span class='ocrx_word' id='word_1_260' title='bbox 1470 2838 1537 2899; x_wconf 81' lang='lat' dir='ltr'><strong>elus</strong></span> 
     </span>
     <span class='ocr_line' id='line_1_26' title="bbox 176 2930 1539 3019; baseline 0.007 -25"><span class='ocrx_word' id='word_1_261' title='bbox 176 2933 290 3012; x_wconf 66' lang='lat' dir='ltr'><strong>pesula</strong></span> <span class='ocrx_word' id='word_1_262' title='bbox 311 2934 481 3013; x_wconf 77' lang='lat' dir='ltr'><strong>eepltecclt</strong></span> <span class='ocrx_word' id='word_1_263' title='bbox 503 2930 553 3018; x_wconf 81' lang='lat' dir='ltr'><strong>[cf.</strong></span> <span class='ocrx_word' id='word_1_264' title='bbox 576 2932 705 3016; x_wconf 89' lang='lat' dir='ltr'><strong>Roeper</strong></span> <span class='ocrx_word' id='word_1_265' title='bbox 727 2933 844 2998; x_wconf 93' lang='lat' dir='ltr'><strong>Philol.</strong></span> <span class='ocrx_word' id='word_1_266' title='bbox 860 2932 956 2998; x_wconf 94' lang='lat' dir='ltr'><strong>XXX</strong></span> <span class='ocrx_word' id='word_1_267' title='bbox 975 2930 1061 3019; x_wconf 70' lang='lat' dir='ltr'><strong>helil.</strong></span> <span class='ocrx_word' id='word_1_268' title='bbox 1084 2933 1176 3001; x_wconf 83' lang='lat' dir='ltr'><strong>vides</strong></span> <span class='ocrx_word' id='word_1_269' title='bbox 1198 2934 1431 3019; x_wconf 85' lang='lat' dir='ltr'><strong>pinacographi</strong></span> <span class='ocrx_word' id='word_1_270' title='bbox 1446 2956 1539 3003; x_wconf 91' lang='lat' dir='ltr'><strong>accu-</strong></span> 
     </span>
     <span class='ocr_line' id='line_1_27' title="bbox 178 3033 1538 3122; baseline 0.006 -24"><span class='ocrx_word' id='word_1_271' title='bbox 178 3033 337 3100; x_wconf 89' lang='lat' dir='ltr'><strong>rationem</strong></span> <span class='ocrx_word' id='word_1_272' title='bbox 353 3033 604 3119; x_wconf 85' lang='lat' dir='ltr'><strong>turpississimae</strong></span> <span class='ocrx_word' id='word_1_273' title='bbox 619 3034 839 3120; x_wconf 91' lang='lat' dir='ltr'><strong>superstitioni</strong></span> <span class='ocrx_word' id='word_1_274' title='bbox 854 3035 863 3067; x_wconf 93' lang='lat'><strong>¹</strong></span> <span class='ocrx_word' id='word_1_275' title='bbox 885 3036 1099 3121; x_wconf 87' lang='lat' dir='ltr'><strong>coniunctam,</strong></span> <span class='ocrx_word' id='word_1_276' title='bbox 1116 3038 1202 3104; x_wconf 93' lang='lat' dir='ltr'><strong>unde</strong></span> <span class='ocrx_word' id='word_1_277' title='bbox 1217 3037 1372 3122; x_wconf 90' lang='lat' dir='ltr'><strong>reliquam</strong></span> <span class='ocrx_word' id='word_1_278' title='bbox 1388 3037 1458 3104; x_wconf 89' lang='lat' dir='ltr'><strong>eius</strong></span> <span class='ocrx_word' id='word_1_279' title='bbox 1472 3058 1538 3106; x_wconf 89' lang='lat' dir='ltr'><strong>cre·</strong></span> 
     </span>
     <span class='ocr_line' id='line_1_28' title="bbox 178 3134 1538 3225; baseline 0.005 -26"><span class='ocrx_word' id='word_1_280' title='bbox 178 3134 348 3202; x_wconf 89' lang='lat' dir='ltr'><strong>dulitatem</strong></span> <span class='ocrx_word' id='word_1_281' title='bbox 363 3143 397 3203; x_wconf 90' lang='lat' dir='ltr'><strong>et</strong></span> <span class='ocrx_word' id='word_1_282' title='bbox 411 3138 606 3222; x_wconf 85' lang='lat' dir='ltr'><strong>explicatam</strong></span> <span class='ocrx_word' id='word_1_283' title='bbox 623 3139 721 3205; x_wconf 88' lang='lat' dir='ltr'><strong>velim</strong></span> <span class='ocrx_word' id='word_1_284' title='bbox 745 3146 777 3206; x_wconf 88' lang='lat' dir='ltr'><strong>et</strong></span> <span class='ocrx_word' id='word_1_285' title='bbox 800 3144 998 3205; x_wconf 82' lang='lat' dir='ltr'><strong>excusatam.</strong></span> <span class='ocrx_word' id='word_1_286' title='bbox 1032 3138 1091 3205; x_wconf 93' lang='lat' dir='ltr'><strong>sed</strong></span> <span class='ocrx_word' id='word_1_287' title='bbox 1106 3139 1148 3206; x_wconf 93' lang='lat' dir='ltr'><strong>de</strong></span> <span class='ocrx_word' id='word_1_288' title='bbox 1162 3139 1340 3225; x_wconf 90' lang='lat' dir='ltr'><strong>Hermippo</strong></span> <span class='ocrx_word' id='word_1_289' title='bbox 1355 3141 1538 3207; x_wconf 80' lang='lat' dir='ltr'><strong>scematius</strong></span> 
     </span>
     <span class='ocr_line' id='line_1_29' title="bbox 179 3237 927 3326; baseline 0.003 -22"><span class='ocrx_word' id='word_1_290' title='bbox 179 3237 237 3304; x_wconf 89' lang='lat' dir='ltr'><strong>erit</strong></span> <span class='ocrx_word' id='word_1_291' title='bbox 258 3241 344 3306; x_wconf 81' lang='lat' dir='ltr'><strong>alias</strong></span> <span class='ocrx_word' id='word_1_292' title='bbox 366 3241 606 3326; x_wconf 84' lang='lat' dir='ltr'><strong>disputandum.</strong></span> <span class='ocrx_word' id='word_1_293' title='bbox 650 3241 684 3306; x_wconf 90' lang='lat' dir='ltr'><strong>in</strong></span> <span class='ocrx_word' id='word_1_294' title='bbox 705 3241 792 3307; x_wconf 85' lang='lat' dir='ltr'><strong>viam</strong></span> <span class='ocrx_word' id='word_1_295' title='bbox 818 3241 927 3309; x_wconf 88' lang='lat' dir='ltr'><strong>redeo.</strong></span> 
     </span>
    </p>

    <p class='ocr_par' dir='ltr' id='par_1_3' title="bbox 175 3341 1538 4045">
     <span class='ocr_line' id='line_1_30' title="bbox 261 3341 1538 3431; baseline 0.005 -24"><span class='ocrx_word' id='word_1_296' title='bbox 261 3341 455 3409; x_wconf 73' lang='lat' dir='ltr'><strong>Heraclides</strong></span> <span class='ocrx_word' id='word_1_297' title='bbox 475 3343 574 3427; x_wconf 83' lang='lat' dir='ltr'><strong>igitur</strong></span> <span class='ocrx_word' id='word_1_298' title='bbox 596 3343 630 3410; x_wconf 91' lang='lat' dir='ltr'><strong>in</strong></span> <span class='ocrx_word' id='word_1_299' title='bbox 652 3344 766 3427; x_wconf 80' lang='lat' dir='ltr'><strong>viginti</strong></span> <span class='ocrx_word' id='word_1_300' title='bbox 787 3343 978 3426; x_wconf 82' lang='lat' dir='ltr'><strong>fragmentis</strong></span> <span class='ocrx_word' id='word_1_301' title='bbox 993 3350 1043 3409; x_wconf 91' lang='lat' dir='ltr'><strong>ter</strong></span> <span class='ocrx_word' id='word_1_302' title='bbox 1057 3343 1266 3429; x_wconf 82' lang='lat' dir='ltr'><strong>Pythagorea</strong></span> <span class='ocrx_word' id='word_1_303' title='bbox 1281 3346 1411 3430; x_wconf 80' lang='lat' dir='ltr'><strong>tetigit²</strong></span> <span class='ocrx_word' id='word_1_304' title='bbox 1432 3367 1538 3431; x_wconf 92' lang='lat' dir='ltr'><strong>neque</strong></span> 
     </span>
     <span class='ocr_line' id='line_1_31' title="bbox 179 3443 1538 3536; baseline 0.003 -25"><span class='ocrx_word' id='word_1_305' title='bbox 179 3443 355 3529; x_wconf 79' lang='lat' dir='ltr'><strong>praecipuo</strong></span> <span class='ocrx_word' id='word_1_306' title='bbox 377 3445 506 3512; x_wconf 91' lang='lat' dir='ltr'><strong>illorum</strong></span> <span class='ocrx_word' id='word_1_307' title='bbox 528 3445 635 3512; x_wconf 77' lang='lat' dir='ltr'><strong>studm</strong></span> <span class='ocrx_word' id='word_1_308' title='bbox 659 3446 852 3531; x_wconf 88' lang='lat' dir='ltr'><strong>conspicuus</strong></span> <span class='ocrx_word' id='word_1_309' title='bbox 874 3453 932 3512; x_wconf 89' lang='lat' dir='ltr'><strong>est.</strong></span> <span class='ocrx_word' id='word_1_310' title='bbox 961 3453 997 3512; x_wconf 92' lang='lat' dir='ltr'><strong>nt</strong></span> <span class='ocrx_word' id='word_1_311' title='bbox 1018 3466 1060 3512; x_wconf 90' lang='lat' dir='ltr'><strong>ne</strong></span> <span class='ocrx_word' id='word_1_312' title='bbox 1082 3446 1158 3512; x_wconf 89' lang='lat' dir='ltr'><strong>hinc</strong></span> <span class='ocrx_word' id='word_1_313' title='bbox 1180 3446 1320 3531; x_wconf 92' lang='lat' dir='ltr'><strong>quidem,</strong></span> <span class='ocrx_word' id='word_1_314' title='bbox 1343 3468 1399 3514; x_wconf 91' lang='lat' dir='ltr'><strong>cur</strong></span> <span class='ocrx_word' id='word_1_315' title='bbox 1419 3450 1538 3536; x_wconf 88' lang='lat' dir='ltr'><strong>Pytha-</strong></span> 
     </span>
     <span class='ocr_line' id='line_1_32' title="bbox 179 3544 1537 3638; baseline 0.007 -28"><span class='ocrx_word' id='word_1_316' title='bbox 179 3544 369 3628; x_wconf 82' lang='lat' dir='ltr'><strong>thagoreum</strong></span> <span class='ocrx_word' id='word_1_317' title='bbox 384 3547 602 3614; x_wconf 85' lang='lat' dir='ltr'><strong>nominaverit</strong></span> <span class='ocrx_word' id='word_1_318' title='bbox 617 3551 776 3633; x_wconf 90' lang='lat' dir='ltr'><strong>loseppus</strong></span> <span class='ocrx_word' id='word_1_319' title='bbox 792 3555 914 3633; x_wconf 88' lang='lat' dir='ltr'><strong>pateat.</strong></span> <span class='ocrx_word' id='word_1_320' title='bbox 941 3567 1041 3632; x_wconf 90' lang='lat' dir='ltr'><strong>quare</strong></span> <span class='ocrx_word' id='word_1_321' title='bbox 1063 3549 1183 3614; x_wconf 84' lang='lat' dir='ltr'><strong>frustra</strong></span> <span class='ocrx_word' id='word_1_322' title='bbox 1196 3549 1350 3616; x_wconf 89' lang='lat' dir='ltr'><strong>Rohdeus</strong></span> <span class='ocrx_word' id='word_1_323' title='bbox 1372 3551 1429 3638; x_wconf 83' lang='lat' dir='ltr'><strong>[gr.</strong></span> <span class='ocrx_word' id='word_1_324' title='bbox 1445 3555 1537 3620; x_wconf 88' lang='lat' dir='ltr'><strong>Rom.</strong></span> 
     </span>
     <span class='ocr_line' id='line_1_33' title="bbox 176 3648 1538 3738; baseline 0.006 -24"><span class='ocrx_word' id='word_1_325' title='bbox 176 3669 204 3732; x_wconf 90' lang='lat' dir='ltr'><strong>p.</strong></span> <span class='ocrx_word' id='word_1_326' title='bbox 220 3649 285 3714; x_wconf 76' lang='grc'><strong>251</strong></span> <span class='ocrx_word' id='word_1_327' title='bbox 299 3648 321 3737; x_wconf 83' lang='lat'><strong>¹]</strong></span> <span class='ocrx_word' id='word_1_328' title='bbox 348 3650 427 3736; x_wconf 87' lang='lat' dir='ltr'><strong>Lyci</strong></span> <span class='ocrx_word' id='word_1_329' title='bbox 452 3651 505 3729; x_wconf 85' lang='lat' dir='ltr'><strong>rel</strong></span> <span class='ocrx_word' id='word_1_330' title='bbox 530 3651 671 3735; x_wconf 87' lang='lat' dir='ltr'><strong>Lyconis</strong></span> <span class='ocrx_word' id='word_1_331' title='bbox 695 3651 840 3718; x_wconf 87' lang='lat' dir='ltr'><strong>Iasensis</strong></span> <span class='ocrx_word' id='word_1_332' title='bbox 865 3651 1060 3718; x_wconf 89' lang='lat' dir='ltr'><strong>mentionem</strong></span> <span class='ocrx_word' id='word_1_333' title='bbox 1082 3651 1192 3718; x_wconf 90' lang='lat' dir='ltr'><strong>iniecit</strong></span> <span class='ocrx_word' id='word_1_334' title='bbox 1227 3653 1280 3735; x_wconf 94' lang='lat' dir='ltr'><strong>qui</strong></span> <span class='ocrx_word' id='word_1_335' title='bbox 1312 3653 1538 3738; x_wconf 87' lang='lat' dir='ltr'><strong>Pythagoreus</strong></span> 
     </span>
     <span class='ocr_line' id='line_1_34' title="bbox 175 3752 1537 3841; baseline 0.004 -25"><span class='ocrx_word' id='word_1_336' title='bbox 175 3752 363 3819; x_wconf 87' lang='lat' dir='ltr'><strong>nominatur</strong></span> <span class='ocrx_word' id='word_1_337' title='bbox 384 3753 565 3836; x_wconf 88' lang='lat' dir='ltr'><strong>librumque</strong></span> <span class='ocrx_word' id='word_1_338' title='bbox 586 3753 628 3820; x_wconf 91' lang='lat' dir='ltr'><strong>de</strong></span> <span class='ocrx_word' id='word_1_339' title='bbox 643 3753 833 3839; x_wconf 81' lang='lat' dir='ltr'><strong>Pythagora</strong></span> <span class='ocrx_word' id='word_1_340' title='bbox 854 3754 1044 3837; x_wconf 89' lang='lat' dir='ltr'><strong>conscripsit</strong></span> <span class='ocrx_word' id='word_1_341' title='bbox 1055 3753 1192 3841; x_wconf 70' lang='lat' dir='ltr'><strong>{Athen</strong></span> <span class='ocrx_word' id='word_1_342' title='bbox 1208 3757 1239 3821; x_wconf 94' lang='lat' dir='ltr'>X</span> <span class='ocrx_word' id='word_1_343' title='bbox 1254 3757 1343 3821; x_wconf 82' lang='lat' dir='ltr'><strong>468n</strong></span> <span class='ocrx_word' id='word_1_344' title='bbox 1366 3755 1405 3822; x_wconf 91' lang='lat' dir='ltr'><strong>cf.</strong></span> <span class='ocrx_word' id='word_1_345' title='bbox 1421 3758 1453 3822; x_wconf 88' lang='grc' dir='ltr'>Π</span> <span class='ocrx_word' id='word_1_346' title='bbox 1468 3758 1537 3822; x_wconf 71' lang='lat' dir='ltr'><strong>lle</strong></span> 
     </span>
     <span class='ocr_line' id='line_1_35' title="bbox 175 3851 1538 3941; baseline 0.006 -23"><span class='ocrx_word' id='word_1_347' title='bbox 175 3851 264 3941; x_wconf 65' lang='lat' dir='ltr'><strong>eorl.</strong></span> <span class='ocrx_word' id='word_1_348' title='bbox 312 3854 393 3921; x_wconf 86' lang='lat' dir='ltr'><strong>talia</strong></span> <span class='ocrx_word' id='word_1_349' title='bbox 413 3856 510 3939; x_wconf 90' lang='lat' dir='ltr'><strong>igitur</strong></span> <span class='ocrx_word' id='word_1_350' title='bbox 533 3876 598 3921; x_wconf 90' lang='lat' dir='ltr'><strong>non</strong></span> <span class='ocrx_word' id='word_1_351' title='bbox 621 3855 791 3940; x_wconf 90' lang='lat' dir='ltr'><strong>sufficiunt,</strong></span> <span class='ocrx_word' id='word_1_352' title='bbox 815 3863 849 3921; x_wconf 89' lang='lat' dir='ltr'><strong>ut</strong></span> <span class='ocrx_word' id='word_1_353' title='bbox 869 3856 998 3939; x_wconf 90' lang='lat' dir='ltr'><strong>Ioseppi</strong></span> <span class='ocrx_word' id='word_1_354' title='bbox 1022 3857 1209 3922; x_wconf 88' lang='lat' dir='ltr'><strong>memoriam</strong></span> <span class='ocrx_word' id='word_1_355' title='bbox 1225 3857 1311 3922; x_wconf 91' lang='lat' dir='ltr'><strong>omni</strong></span> <span class='ocrx_word' id='word_1_356' title='bbox 1327 3856 1538 3926; x_wconf 88' lang='lat' dir='ltr'><strong>dubitationis</strong></span> 
     </span>
     <span class='ocr_line' id='line_1_36' title="bbox 175 3956 1538 4045; baseline 0.005 -25"><span class='ocrx_word' id='word_1_357' title='bbox 175 3956 272 4022; x_wconf 88' lang='lat' dir='ltr'><strong>aleae</strong></span> <span class='ocrx_word' id='word_1_358' title='bbox 297 3957 449 4023; x_wconf 81' lang='lat' dir='ltr'><strong>eximant.</strong></span> <span class='ocrx_word' id='word_1_359' title='bbox 485 3964 634 4024; x_wconf 87' lang='lat' dir='ltr'><strong>eterunt</strong></span> <span class='ocrx_word' id='word_1_360' title='bbox 655 3959 770 4041; x_wconf 92' lang='lat' dir='ltr'><strong>quibus</strong></span> <span class='ocrx_word' id='word_1_361' title='bbox 792 3958 859 4024; x_wconf 90' lang='lat' dir='ltr'><strong>alia</strong></span> <span class='ocrx_word' id='word_1_362' title='bbox 880 3958 1064 4041; x_wconf 83' lang='lat' dir='ltr'><strong>explicandi</strong></span> <span class='ocrx_word' id='word_1_363' title='bbox 1079 3959 1133 4023; x_wconf 87' lang='lat' dir='ltr'><strong>via</strong></span> <span class='ocrx_word' id='word_1_364' title='bbox 1155 3958 1320 4042; x_wconf 82' lang='lat' dir='ltr'><strong>placeat.⁸</strong></span> <span class='ocrx_word' id='word_1_365' title='bbox 1353 3960 1420 4025; x_wconf 86' lang='lat' dir='ltr'><strong>fieri</strong></span> <span class='ocrx_word' id='word_1_366' title='bbox 1441 3982 1538 4045; x_wconf 89' lang='lat' dir='ltr'><strong>posse</strong></span> 
     </span>
    </p>
   </div>
   <div class='ocr_carea' id='block_1_3' title="bbox 174 4128 1537 4988">
    <p class='ocr_par' dir='ltr' id='par_1_4' title="bbox 174 4128 1537 4549">
     <span class='ocr_line' id='line_1_37' title="bbox 246 4128 1536 4196; baseline 0.002 -16"><span class='ocrx_word' id='word_1_367' title='bbox 246 4128 254 4159; x_wconf 85' lang='lat'>¹</span> <span class='ocrx_word' id='word_1_368' title='bbox 281 4146 349 4194; x_wconf 85' lang='lat' dir='ltr'><strong>qnae</strong></span> <span class='ocrx_word' id='word_1_369' title='bbox 372 4133 416 4181; x_wconf 87' lang='lat' dir='ltr'><strong>alii</strong></span> <span class='ocrx_word' id='word_1_370' title='bbox 441 4131 473 4180; x_wconf 89' lang='lat' dir='ltr'><strong>de</strong></span> <span class='ocrx_word' id='word_1_371' title='bbox 495 4132 590 4181; x_wconf 86' lang='lat' dir='ltr'><strong>Zarata</strong></span> <span class='ocrx_word' id='word_1_372' title='bbox 607 4133 624 4180; x_wconf 87' lang='lat' dir='ltr'><strong>i.</strong></span> <span class='ocrx_word' id='word_1_373' title='bbox 648 4147 670 4180; x_wconf 83' lang='lat' dir='ltr'><strong>e.</strong></span> <span class='ocrx_word' id='word_1_374' title='bbox 695 4132 830 4182; x_wconf 85' lang='lat' dir='ltr'><strong>Zoroastre</strong></span> <span class='ocrx_word' id='word_1_375' title='bbox 858 4133 1005 4183; x_wconf 87' lang='lat' dir='ltr'><strong>fabulantur</strong></span> <span class='ocrx_word' id='word_1_376' title='bbox 1032 4134 1102 4183; x_wconf 83' lang='lat' dir='ltr'><strong>velut</strong></span> <span class='ocrx_word' id='word_1_377' title='bbox 1129 4132 1249 4183; x_wconf 87' lang='lat' dir='ltr'><strong>Xanthus</strong></span> <span class='ocrx_word' id='word_1_378' title='bbox 1272 4142 1424 4196; x_wconf 86' lang='lat' dir='ltr'><strong>personatus</strong></span> <span class='ocrx_word' id='word_1_379' title='bbox 1451 4136 1536 4185; x_wconf 86' lang='lat' dir='ltr'><strong>Laert.</strong></span> 
     </span>
     <span class='ocr_line' id='line_1_38' title="bbox 175 4214 1536 4285; baseline 0.005 -18"><span class='ocrx_word' id='word_1_380' title='bbox 175 4230 292 4282; x_wconf 67' lang='lat' dir='ltr'><strong>mosem.</strong></span> <span class='ocrx_word' id='word_1_381' title='bbox 311 4214 337 4280; x_wconf 90' lang='grc'><strong>2,</strong></span> <span class='ocrx_word' id='word_1_382' title='bbox 355 4219 506 4268; x_wconf 84' lang='lat' dir='ltr'><strong>Alexander</strong></span> <span class='ocrx_word' id='word_1_383' title='bbox 523 4217 673 4283; x_wconf 88' lang='lat' dir='ltr'><strong>Polyhistor</strong></span> <span class='ocrx_word' id='word_1_384' title='bbox 692 4219 725 4282; x_wconf 88' lang='grc' dir='ltr'><strong>[Ι.</strong></span> <span class='ocrx_word' id='word_1_385' title='bbox 744 4220 918 4270; x_wconf 78' lang='lat' dir='ltr'><strong>Freudeuthal</strong></span> <span class='ocrx_word' id='word_1_386' title='bbox 938 4223 1005 4272; x_wconf 85' lang='lat' dir='ltr'><strong>Hell.</strong></span> <span class='ocrx_word' id='word_1_387' title='bbox 1024 4221 1097 4272; x_wconf 86' lang='lat' dir='ltr'><strong>Stud.</strong></span> <span class='ocrx_word' id='word_1_388' title='bbox 1116 4221 1129 4271; x_wconf 93' lang='lat'>1</span> <span class='ocrx_word' id='word_1_389' title='bbox 1148 4217 1202 4284; x_wconf 82' lang='grc'><strong>23],</strong></span> <span class='ocrx_word' id='word_1_390' title='bbox 1223 4221 1377 4285; x_wconf 83' lang='lat' dir='ltr'><strong>Hippolytus</strong></span> <span class='ocrx_word' id='word_1_391' title='bbox 1396 4223 1409 4271; x_wconf 92' lang='lat'>1</span> <span class='ocrx_word' id='word_1_392' title='bbox 1428 4219 1444 4272; x_wconf 92' lang='grc'><strong>2</strong></span> <span class='ocrx_word' id='word_1_393' title='bbox 1463 4232 1486 4270; x_wconf 79' lang='lat'><strong>12</strong></span> <span class='ocrx_word' id='word_1_394' title='bbox 1503 4240 1536 4274; x_wconf 80' lang='lat' dir='ltr'><strong>ex</strong></span> 
     </span>
     <span class='ocr_line' id='line_1_39' title="bbox 175 4304 1537 4373; baseline 0.004 -18"><span class='ocrx_word' id='word_1_395' title='bbox 175 4304 302 4355; x_wconf 80' lang='lat' dir='ltr'><strong>similibus</strong></span> <span class='ocrx_word' id='word_1_396' title='bbox 320 4305 558 4356; x_wconf 80' lang='lat' dir='ltr'><strong>Alexandrinorum</strong></span> <span class='ocrx_word' id='word_1_397' title='bbox 576 4307 666 4357; x_wconf 87' lang='lat' dir='ltr'><strong>studiis</strong></span> <span class='ocrx_word' id='word_1_398' title='bbox 685 4309 808 4358; x_wconf 87' lang='lat' dir='ltr'><strong>oriuntur.</strong></span> <span class='ocrx_word' id='word_1_399' title='bbox 837 4323 947 4372; x_wconf 88' lang='lat' dir='ltr'><strong>querum</strong></span> <span class='ocrx_word' id='word_1_400' title='bbox 965 4309 1096 4360; x_wconf 77' lang='lat' dir='ltr'><strong>fraudibus</strong></span> <span class='ocrx_word' id='word_1_401' title='bbox 1115 4309 1238 4373; x_wconf 88' lang='lat' dir='ltr'><strong>plurimas</strong></span> <span class='ocrx_word' id='word_1_402' title='bbox 1256 4310 1303 4358; x_wconf 88' lang='lat' dir='ltr'><strong>niti</strong></span> <span class='ocrx_word' id='word_1_403' title='bbox 1321 4309 1353 4359; x_wconf 85' lang='lat' dir='ltr'><strong>de</strong></span> <span class='ocrx_word' id='word_1_404' title='bbox 1369 4310 1537 4361; x_wconf 88' lang='lat' dir='ltr'><strong>barbarorum</strong></span> 
     </span>
     <span class='ocr_line' id='line_1_40' title="bbox 174 4392 1537 4463; baseline 0.002 -21"><span class='ocrx_word' id='word_1_405' title='bbox 174 4392 341 4459; x_wconf 82' lang='lat' dir='ltr'><strong>philosophia</strong></span> <span class='ocrx_word' id='word_1_406' title='bbox 362 4393 499 4442; x_wconf 87' lang='lat' dir='ltr'><strong>memorias</strong></span> <span class='ocrx_word' id='word_1_407' title='bbox 523 4392 616 4443; x_wconf 77' lang='lat' dir='ltr'><strong>frustm</strong></span> <span class='ocrx_word' id='word_1_408' title='bbox 634 4404 712 4458; x_wconf 81' lang='lat' dir='ltr'><strong>negat</strong></span> <span class='ocrx_word' id='word_1_409' title='bbox 734 4395 762 4444; x_wconf 80' lang='lat' dir='ltr'><strong>F.</strong></span> <span class='ocrx_word' id='word_1_410' title='bbox 781 4395 903 4446; x_wconf 82' lang='lat' dir='ltr'><strong>Schaeter</strong></span> <span class='ocrx_word' id='word_1_411' title='bbox 921 4395 985 4463; x_wconf 81' lang='lat' dir='ltr'><strong>quid</strong></span> <span class='ocrx_word' id='word_1_412' title='bbox 1005 4393 1103 4446; x_wconf 62' lang='lat' dir='ltr'><strong>&amp;aeci</strong></span> <span class='ocrx_word' id='word_1_413' title='bbox 1124 4394 1156 4445; x_wconf 82' lang='lat' dir='ltr'><strong>de</strong></span> <span class='ocrx_word' id='word_1_414' title='bbox 1175 4395 1278 4461; x_wconf 69' lang='lat' dir='ltr'><strong>criptae</strong></span> <span class='ocrx_word' id='word_1_415' title='bbox 1292 4393 1359 4463; x_wconf 80' lang='lat' dir='ltr'><strong>phil.</strong></span> <span class='ocrx_word' id='word_1_416' title='bbox 1379 4411 1396 4443; x_wconf 85' lang='lat' dir='ltr'><strong>a</strong></span> <span class='ocrx_word' id='word_1_417' title='bbox 1414 4394 1537 4446; x_wconf 76' lang='lat' dir='ltr'><strong>barbaris</strong></span> 
     </span>
     <span class='ocr_line' id='line_1_41' title="bbox 177 4477 1412 4549; baseline 0.001 -19"><span class='ocrx_word' id='word_1_418' title='bbox 177 4477 299 4530; x_wconf 63' lang='lat' dir='ltr'><strong>&amp;moa</strong></span> <span class='ocrx_word' id='word_1_419' title='bbox 316 4477 390 4530; x_wconf 77' lang='lat' dir='ltr'><strong>exist.</strong></span> <span class='ocrx_word' id='word_1_420' title='bbox 418 4481 488 4545; x_wconf 88' lang='lat' dir='ltr'><strong>Lips.</strong></span> <span class='ocrx_word' id='word_1_421' title='bbox 510 4477 577 4531; x_wconf 81' lang='lat'>1877</span> <span class='ocrx_word' id='word_1_422' title='bbox 595 4482 639 4543; x_wconf 90' lang='lat' dir='ltr'><strong>qui</strong></span> <span class='ocrx_word' id='word_1_423' title='bbox 658 4481 689 4530; x_wconf 89' lang='lat' dir='ltr'><strong>de</strong></span> <span class='ocrx_word' id='word_1_424' title='bbox 701 4479 807 4546; x_wconf 79' lang='lat' dir='ltr'><strong>sabulis</strong></span> <span class='ocrx_word' id='word_1_425' title='bbox 821 4479 990 4548; x_wconf 74' lang='lat' dir='ltr'><strong>philosophis</strong></span> <span class='ocrx_word' id='word_1_426' title='bbox 1010 4499 1069 4533; x_wconf 84' lang='lat' dir='ltr'><strong>vere</strong></span> <span class='ocrx_word' id='word_1_427' title='bbox 1089 4486 1142 4549; x_wconf 91' lang='lat' dir='ltr'><strong>ipse</strong></span> <span class='ocrx_word' id='word_1_428' title='bbox 1161 4483 1257 4534; x_wconf 84' lang='lat' dir='ltr'><strong>iudicat</strong></span> <span class='ocrx_word' id='word_1_429' title='bbox 1276 4500 1301 4548; x_wconf 90' lang='lat' dir='ltr'><strong>p.</strong></span> <span class='ocrx_word' id='word_1_430' title='bbox 1317 4481 1412 4545; x_wconf 74' lang='lat' dir='ltr'><strong>llsqq.</strong></span> 
     </span>
    </p>

    <p class='ocr_par' dir='ltr' id='par_1_5' title="bbox 244 4563 1411 4622">
     <span class='ocr_line' id='line_1_42' title="bbox 244 4563 1411 4622; baseline 0.001 -5"><span class='ocrx_word' id='word_1_431' title='bbox 244 4563 257 4598; x_wconf 79' lang='lat'>²</span> <span class='ocrx_word' id='word_1_432' title='bbox 275 4568 420 4618; x_wconf 71' lang='lat' dir='ltr'><strong>Muellerus</strong></span> <span class='ocrx_word' id='word_1_433' title='bbox 437 4567 493 4617; x_wconf 77' lang='lat' dir='ltr'><strong>PH</strong></span> <span class='ocrx_word' id='word_1_434' title='bbox 505 4565 528 4618; x_wconf 77' lang='lat' dir='ltr'><strong>G</strong></span> <span class='ocrx_word' id='word_1_435' title='bbox 547 4568 564 4616; x_wconf 92' lang='lat' dir='ltr'><strong>l.</strong></span> <span class='ocrx_word' id='word_1_436' title='bbox 585 4584 606 4617; x_wconf 89' lang='lat' dir='ltr'><strong>c.</strong></span> <span class='ocrx_word' id='word_1_437' title='bbox 626 4569 700 4618; x_wconf 88' lang='lat' dir='ltr'><strong>aliter</strong></span> <span class='ocrx_word' id='word_1_438' title='bbox 718 4577 835 4620; x_wconf 87' lang='lat' dir='ltr'><strong>numerat</strong></span> <span class='ocrx_word' id='word_1_439' title='bbox 854 4579 880 4619; x_wconf 90' lang='lat' dir='ltr'><strong>et</strong></span> <span class='ocrx_word' id='word_1_440' title='bbox 898 4570 949 4620; x_wconf 88' lang='lat' dir='ltr'><strong>due</strong></span> <span class='ocrx_word' id='word_1_441' title='bbox 968 4573 998 4621; x_wconf 87' lang='lat' dir='ltr'><strong>fr.</strong></span> <span class='ocrx_word' id='word_1_442' title='bbox 1018 4573 1103 4621; x_wconf 91' lang='lat' dir='ltr'><strong>omisit</strong></span> <span class='ocrx_word' id='word_1_443' title='bbox 1121 4573 1207 4621; x_wconf 83' lang='lat' dir='ltr'><strong>Laert.</strong></span> <span class='ocrx_word' id='word_1_444' title='bbox 1226 4570 1253 4619; x_wconf 90' lang='grc' dir='ltr'><strong>Π</strong></span> <span class='ocrx_word' id='word_1_445' title='bbox 1274 4567 1332 4622; x_wconf 89' lang='grc'><strong>136.</strong></span> <span class='ocrx_word' id='word_1_446' title='bbox 1355 4566 1411 4619; x_wconf 82' lang='grc'><strong>144.</strong></span> 
     </span>
    </p>

    <p class='ocr_par' dir='ltr' id='par_1_6' title="bbox 180 4652 1536 4988">
     <span class='ocr_line' id='line_1_43' title="bbox 245 4652 1536 4723; baseline 0.001 -19"><span class='ocrx_word' id='word_1_447' title='bbox 245 4652 257 4685; x_wconf 85' lang='lat'>⁸</span> <span class='ocrx_word' id='word_1_448' title='bbox 275 4655 375 4705; x_wconf 84' lang='lat' dir='ltr'><strong>Lembo</strong></span> <span class='ocrx_word' id='word_1_449' title='bbox 388 4665 473 4720; x_wconf 86' lang='lat' dir='ltr'><strong>spreto</strong></span> <span class='ocrx_word' id='word_1_450' title='bbox 487 4670 641 4718; x_wconf 87' lang='lat' dir='ltr'><strong>quemquam</strong></span> <span class='ocrx_word' id='word_1_451' title='bbox 655 4656 689 4705; x_wconf 88' lang='lat' dir='ltr'><strong>ad</strong></span> <span class='ocrx_word' id='word_1_452' title='bbox 701 4658 864 4707; x_wconf 88' lang='lat' dir='ltr'><strong>Heraclidem</strong></span> <span class='ocrx_word' id='word_1_453' title='bbox 876 4659 981 4722; x_wconf 87' lang='lat' dir='ltr'><strong>Didymi</strong></span> <span class='ocrx_word' id='word_1_454' title='bbox 992 4659 1148 4723; x_wconf 82' lang='lat' dir='ltr'><strong>Pythagorei</strong></span> <span class='ocrx_word' id='word_1_455' title='bbox 1161 4656 1206 4719; x_wconf 89' lang='lat' dir='ltr'><strong>[cf.</strong></span> <span class='ocrx_word' id='word_1_456' title='bbox 1220 4673 1297 4722; x_wconf 86' lang='lat' dir='ltr'><strong>supra</strong></span> <span class='ocrx_word' id='word_1_457' title='bbox 1309 4673 1333 4720; x_wconf 89' lang='lat' dir='ltr'><strong>p.</strong></span> <span class='ocrx_word' id='word_1_458' title='bbox 1345 4653 1380 4707; x_wconf 88' lang='grc'><strong>80</strong></span> <span class='ocrx_word' id='word_1_459' title='bbox 1393 4655 1464 4705; x_wconf 84' lang='lat' dir='ltr'><strong>Suid.</strong></span> <span class='ocrx_word' id='word_1_460' title='bbox 1478 4673 1498 4705; x_wconf 88' lang='lat' dir='ltr'><strong>s.</strong></span> <span class='ocrx_word' id='word_1_461' title='bbox 1512 4675 1536 4705; x_wconf 85' lang='lat' dir='ltr'><strong>v.</strong></span> 
     </span>
     <span class='ocr_line' id='line_1_44' title="bbox 180 4735 1535 4809; baseline 0.003 -19"><span class='ocrx_word' id='word_1_462' title='bbox 180 4735 287 4806; x_wconf 55' lang='grc' dir='ltr'>Μῶμος,</span> <span class='ocrx_word' id='word_1_463' title='bbox 300 4741 400 4806; x_wconf 87' lang='lat' dir='ltr'><strong>Porph.</strong></span> <span class='ocrx_word' id='word_1_464' title='bbox 413 4743 441 4792; x_wconf 91' lang='lat' dir='ltr'><strong>iu</strong></span> <span class='ocrx_word' id='word_1_465' title='bbox 453 4743 562 4793; x_wconf 89' lang='lat' dir='ltr'><strong>Ptolem.</strong></span> <span class='ocrx_word' id='word_1_466' title='bbox 576 4743 693 4792; x_wconf 82' lang='lat' dir='ltr'><strong>hermon.</strong></span> <span class='ocrx_word' id='word_1_467' title='bbox 707 4759 732 4808; x_wconf 89' lang='lat' dir='ltr'><strong>p.</strong></span> <span class='ocrx_word' id='word_1_468' title='bbox 747 4742 805 4794; x_wconf 79' lang='lat'><strong>191.</strong></span> <span class='ocrx_word' id='word_1_469' title='bbox 821 4741 881 4796; x_wconf 83' lang='grc'><strong>209.</strong></span> <span class='ocrx_word' id='word_1_470' title='bbox 891 4742 952 4797; x_wconf 89' lang='grc'><strong>210.</strong></span> <span class='ocrx_word' id='word_1_471' title='bbox 963 4742 1014 4794; x_wconf 90' lang='grc'><strong>212</strong></span> <span class='ocrx_word' id='word_1_472' title='bbox 1028 4746 1069 4796; x_wconf 89' lang='lat' dir='ltr'><strong>W.</strong></span> <span class='ocrx_word' id='word_1_473' title='bbox 1084 4744 1199 4795; x_wconf 89' lang='lat' dir='ltr'><strong>Schmidt</strong></span> <span class='ocrx_word' id='word_1_474' title='bbox 1216 4745 1320 4809; x_wconf 89' lang='lat' dir='ltr'><strong>Didym.</strong></span> <span class='ocrx_word' id='word_1_475' title='bbox 1334 4744 1363 4792; x_wconf 84' lang='lat' dir='ltr'><strong>fr·</strong></span> <span class='ocrx_word' id='word_1_476' title='bbox 1378 4760 1403 4807; x_wconf 92' lang='lat' dir='ltr'><strong>p.</strong></span> <span class='ocrx_word' id='word_1_477' title='bbox 1414 4740 1477 4806; x_wconf 83' lang='lat'>380]</span> <span class='ocrx_word' id='word_1_478' title='bbox 1490 4759 1535 4808; x_wconf 90' lang='lat' dir='ltr'><strong>pa·</strong></span> 
     </span>
     <span class='ocr_line' id='line_1_45' title="bbox 180 4829 1535 4896; baseline 0 -17"><span class='ocrx_word' id='word_1_479' title='bbox 180 4838 237 4879; x_wconf 79' lang='lat' dir='ltr'><strong>tram</strong></span> <span class='ocrx_word' id='word_1_480' title='bbox 255 4829 397 4893; x_wconf 81' lang='lat' dir='ltr'><strong>confugere</strong></span> <span class='ocrx_word' id='word_1_481' title='bbox 416 4836 484 4879; x_wconf 82' lang='lat' dir='ltr'><strong>veto.</strong></span> <span class='ocrx_word' id='word_1_482' title='bbox 520 4845 581 4879; x_wconf 86' lang='lat' dir='ltr'><strong>nam</strong></span> <span class='ocrx_word' id='word_1_483' title='bbox 600 4831 632 4880; x_wconf 89' lang='lat' dir='ltr'><strong>de</strong></span> <span class='ocrx_word' id='word_1_484' title='bbox 651 4831 700 4879; x_wconf 92' lang='lat' dir='ltr'><strong>hoc</strong></span> <span class='ocrx_word' id='word_1_485' title='bbox 718 4846 750 4879; x_wconf 85' lang='lat' dir='ltr'><strong>ne</strong></span> <span class='ocrx_word' id='word_1_486' title='bbox 769 4832 794 4880; x_wconf 93' lang='lat' dir='ltr'><strong>ld</strong></span> <span class='ocrx_word' id='word_1_487' title='bbox 814 4832 918 4894; x_wconf 88' lang='lat' dir='ltr'><strong>quidem</strong></span> <span class='ocrx_word' id='word_1_488' title='bbox 936 4841 1038 4882; x_wconf 86' lang='lat' dir='ltr'><strong>constat</strong></span> <span class='ocrx_word' id='word_1_489' title='bbox 1060 4847 1120 4881; x_wconf 88' lang='lat' dir='ltr'><strong>num</strong></span> <span class='ocrx_word' id='word_1_490' title='bbox 1139 4832 1217 4881; x_wconf 90' lang='lat' dir='ltr'><strong>libros</strong></span> <span class='ocrx_word' id='word_1_491' title='bbox 1236 4833 1378 4896; x_wconf 84' lang='lat' dir='ltr'><strong>scripserit,</strong></span> <span class='ocrx_word' id='word_1_492' title='bbox 1402 4832 1452 4881; x_wconf 89' lang='lat' dir='ltr'><strong>nisi</strong></span> <span class='ocrx_word' id='word_1_493' title='bbox 1469 4832 1535 4880; x_wconf 85' lang='lat' dir='ltr'><strong>forte</strong></span> 
     </span>
     <span class='ocr_line' id='line_1_46' title="bbox 182 4910 1535 4988; baseline 0.004 -23"><span class='ocrx_word' id='word_1_494' title='bbox 182 4917 241 4968; x_wconf 75' lang='lat' dir='ltr'><strong>iden</strong></span> <span class='ocrx_word' id='word_1_495' title='bbox 259 4926 297 4968; x_wconf 84' lang='lat' dir='ltr'><strong>ert</strong></span> <span class='ocrx_word' id='word_1_496' title='bbox 311 4910 477 4986; x_wconf 69' lang='lat' dir='ltr'><strong>‘llpualtlhqs</strong></span> <span class='ocrx_word' id='word_1_497' title='bbox 489 4915 515 4969; x_wconf 77' lang='grc' dir='ltr'><strong>ἐν</strong></span> <span class='ocrx_word' id='word_1_498' title='bbox 529 4923 560 4988; x_wconf 71' lang='grc' dir='ltr'><strong>τῇ</strong></span> <span class='ocrx_word' id='word_1_499' title='bbox 574 4922 682 4988; x_wconf 72' lang='grc' dir='ltr'>μουσικῇ</span> <span class='ocrx_word' id='word_1_500' title='bbox 695 4916 828 4988; x_wconf 75' lang='grc' dir='ltr'>εἰσαγωγῇ,</span> <span class='ocrx_word' id='word_1_501' title='bbox 847 4934 923 4983; x_wconf 86' lang='lat' dir='ltr'><strong>quem</strong></span> <span class='ocrx_word' id='word_1_502' title='bbox 936 4919 968 4968; x_wconf 87' lang='lat' dir='ltr'><strong>dc</strong></span> <span class='ocrx_word' id='word_1_503' title='bbox 980 4920 1127 4970; x_wconf 86' lang='lat' dir='ltr'><strong>Xenocrate</strong></span> <span class='ocrx_word' id='word_1_504' title='bbox 1141 4920 1305 4986; x_wconf 81' lang='lat' dir='ltr'><strong>Pythagorae</strong></span> <span class='ocrx_word' id='word_1_505' title='bbox 1319 4921 1475 4968; x_wconf 90' lang='lat' dir='ltr'><strong>musicorum</strong></span> <span class='ocrx_word' id='word_1_506' title='bbox 1488 4935 1535 4971; x_wconf 87' lang='lat' dir='ltr'><strong>nu·</strong></span> 
     </span>
    </p>
   </div>
   <div class='ocr_carea' id='block_1_4' title="bbox 0 0 1726 5588">
    <p class='ocr_par' dir='ltr' id='par_1_7' title="bbox 0 0 1726 5588">
     <span class='ocr_line' id='line_1_47' title="bbox 0 0 1726 5588; baseline 0 3"><span class='ocrx_word' id='word_1_507' title='bbox 0 0 1726 5588; x_wconf 95' lang='lat' dir='ltr'><strong> </strong></span> 
     </span>
    </p>
   </div>
  </div>
 </body>
</html>
