3442 5588
454 322 711 374 THEOPHRASTI
730 321 868 374 PHYSIC.
887 326 1049 376 OPINION.
1068 325 1159 377 EM.
1176 325 1260 378 10.11
1476 325 1539 390 485

174 494 359 576 ἁψάμενος
388 497 451 575 τῆς
481 492 559 575 περὶ
590 492 728 576 φόσεως
760 493 931 577 ἱστορίας,
959 493 1038 578 ένῇ
1066 496 1125 558 δόο
1151 495 1211 564 τὰς
1239 495 1350 580 ἀρχάς
1373 495 1539 580 βούλεται

173 597 355 658 ποιεῖντὸ
379 595 439 676 μὲν
462 593 700 677 ὑποκείμενον
723 598 768 665 ῶς
791 595 880 679 ῦλην
904 597 919 660 ὃ
943 599 1206 682 προσαγορέυει
1227 598 1417 683 πανδεχές,
1444 598 1481 660 τὸ
1504 598 1541 661 δέ

174 702 221 767 ῶς
244 696 367 760 αίτιυν
390 698 450 760 καί
474 702 594 761 κινοῦν
617 699 633 762 ὃ
656 700 847 781 περιάπτει
869 703 912 781 τῇ
935 705 998 763 τοῦ
1033 700 1118 764 θεοῦ
1149 702 1207 764 καὶ
1242 705 1285 783 τῇ
1319 705 1380 764 τοῦ
1403 702 1540 783 ἀγαθοῦ

174 798 349 881 ὀυνάμει’.
395 803 410 863 ό
439 800 535 881 μέντοι
559 797 742 885 Ἀλέξανδρος
771 804 812 871 ῶς
840 805 915 885 τρεῖς
945 802 1077 885 λέγοντος
1104 804 1156 874 τὰς
1184 804 1279 889 άρχάς
1309 805 1541 888 ἀπομνημονεύει

173 903 227 986 τὴν
251 902 320 986 ῦλην
342 902 390 965 καὶ
413 902 445 965 τῦ
469 907 569 966 ποιοῦν
591 903 640 967 καλ
662 904 695 966 τὸ
718 905 908 988 παράδειγμα.
1364 910 1367 914 ’
1555 938 1568 975 ε

889 1193 931 1257 10

237 1298 372 1348 Procius
391 1298 416 1345 in
437 1297 569 1346 Timaeum
589 1314 613 1361 p.
631 1295 678 1348 176
696 1298 776 1347 Banu.
795 1297 1001 1350 4168υῦτιε1ι1οτ

264 1396 322 1462 Καὶ
334 1404 392 1460 τῶν
405 1400 536 1460 παλαιῶν
548 1421 621 1468 τινες
632 1397 795 1480 ἐπέπληίαν
807 1404 849 1484 τῷ
864 1397 997 1462 Πλάτωνι
1010 1399 1139 1481 λέγοντες
1151 1404 1192 1468 ῶς
1203 1399 1281 1463 ‘obn
1296 1401 1413 1483 ὀρθῶς
1429 1402 1542 1485 ἀρχὴν

175 1505 292 1587 ἀρχῆς
329 1501 493 1584 ἐπιζητεῖ
527 1502 584 1564 καὶ
617 1500 760 1583 γένεσιν
797 1501 972 1586 ἀγενήτου
1002 1504 1222 1585 πράγματος·
1256 1502 1285 1564 εἰ
1311 1503 1373 1586 γὰρ
1396 1504 1542 1566 καὶτῶν

176 1609 328 1690 πρῶτων
343 1603 383 1665 τὰ
406 1602 504 1666 αίτια
527 1607 727 1688 ζητήσομεν
750 1604 809 1666 καὶ
832 1609 899 1667 τῶν
922 1604 1204 1668 αῦθυποστάτων
1226 1605 1382 1687 γενέσεις
1404 1606 1542 1691 ἐπινοή-

176 1730 301 1789 σομεν,
331 1705 382 1774 εἰς
413 1705 561 1789 ἄπειρον
591 1705 778 1790 προϊόντες
805 1707 997 1789 λησόμεθα
1026 1707 1084 1770 καὶ
1113 1707 1215 1778 τέλος
1242 1707 1346 1772 οὐδὲν
1376 1707 1461 1793 ἔχον
1482 1713 1543 1792 τῆς

176 1810 346 1894 θεωρίας·
365 1809 497 1892 ,ὥσπερ
525 1809 593 1892 γὰρ
621 1810 637 1872 ό
665 1810 779 1871 πάντα
807 1809 1007 1872 ἀποδεικτὰ
1033 1814 1227 1892 νενομικὼς
1253 1809 1364 1894 αὐτὴν
1387 1812 1539 1893 μάλιστα
1558 1838 1582 1878 ιο

175 1915 237 1996 τὴν
260 1910 450 1978 ἀπόδειξιν
473 1912 625 1994 άναιρεῖ,
656 1915 781 1974 τοῦτον
812 1912 873 1975 τὸν
895 1913 1023 1996 τρόπον
1046 1913 1105 1974 καί
1129 1915 1145 1976 ὁ
1168 1914 1309 1976 πάντων
1332 1913 1448 1983 αἰτίας
1471 1913 1543 1977 ἐπι-

176 2021 295 2098 ζητῶν
318 2013 431 2097 ἄρδην
454 2014 649 2097 ἀνατρέπει
670 2015 712 2076 τὰ
735 2011 824 2076 ὄντα
845 2015 961 2078 πάντα
984 2014 1043 2077 καὶ
1066 2015 1126 2098 τὴν
1148 2014 1243 2084 τάξιν
1266 2014 1381 2079 αὐτῶν
1396 2017 1542 2100 τὴνάπό

175 2141 269 2186 τινος
285 2114 488 2200 ὡρισμένης
511 2113 624 2200 ἀρχῆς
646 2114 869 2198 προϊοῦσαν’.
907 2122 1025 2181 τοιαῦτα
1048 2118 1100 2199 μὲν
1124 2119 1140 2181 ό
1163 2117 1401 2202 Θεόφραστος
1424 2118 1542 2204 ἐπιτιμᾷ

175 2227 218 2306 τῷ
251 2219 384 2284 Πλάτωνι
421 2219 486 2302 περὶ
517 2219 606 2302 τῆσδε
635 2222 687 2300 τῆς
719 2219 893 2303 ψυχογονίας
925 2219 1007 2283 οῦδὲ
1036 2219 1095 2282 ἐπὶ
1127 2226 1195 2284 τῶν
1217 2227 1379 2306 φυσικῶν
1402 2223 1542 2285 πάντων

175 2323 268 2405 λέγων
295 2324 367 2385 ῦεῖν
398 2324 489 2404 ἡμᾶς
522 2320 713 2402 ἐπιζητεῖν
741 2321 782 2383 τὸ
815 2321 874 2385 διὰ
906 2323 952 2384 τί·
979 2325 1124 2404 γελοῖον
1155 2325 1218 2407 γάρ
1250 2344 1337 2409 φησιν
1370 2325 1540 2408 ἀπορεῖν,
1559 2349 1582 2386 ιο

176 2425 233 2489 διά
255 2426 288 2487 τί
310 2425 405 2487 καίει
428 2423 465 2486 τὸ
487 2427 553 2506 πῦρ
577 2423 638 2506 [καλ
661 2421 759 2486 διὰτί
780 2424 850 2507 πῦρ]
873 2425 931 2488 καὶ
954 2425 1066 2489 διὰτί
1087 2426 1194 2511 ψόχει
1216 2450 1236 2509 η
1259 2429 1357 2511 χιών.

840 2732 877 2793 11

238 2837 360 2886 Taurus
379 2851 419 2900 ap.
439 2836 578 2900 Philopon.
599 2837 658 2883 adv.
679 2833 898 2887 Pr001.v18.27

263 2938 321 3003 Καὶ
352 2938 579 3022 Θεόφραστος
603 2938 700 3018 μέντοι
722 2936 752 2999 έν
779 2943 827 3022 τῷ
854 2937 940 3022 Περὶ
962 2944 1032 3001 τῶν
1055 2944 1215 3023 φυσικῶν
1239 2938 1348 3006 ῦοΕῶν
1370 2938 1444 3001 κατὰ
1468 2939 1543 3004 Πλά-

174 3045 255 3105 τωνά
277 3062 347 3126 φησι
370 3042 488 3124 γενητὸν
511 3042 559 3103 τὸν
582 3041 691 3122 κόσμον
713 3040 762 3103 καί
785 3040 862 3104 οῦτω
884 3045 1006 3104 ποιεῖται
1034 3041 1085 3111 τὰς
1107 3041 1268 3118 ἐνστάσεις,
1298 3042 1489 3126 παρεμφαίνει
1511 3043 1544 3106 δὲ

177 3146 223 3209 ότι
248 3143 331 3212 ἴσως
355 3143 549 3227 σαφηνείας
572 3145 677 3227 χάριν
699 3143 850 3225 γενητόν
872 3142 960 3207 αὐτὸν
983 3144 1161 3207 ὑποτίθεται.

242 3261 571 3317 1d0m1.c.vl21.27.

259 3349 290 3415 ‘O
324 3351 356 3413 δὲ
386 3349 619 3435 Θεόφραστος
647 3349 737 3412 εἰπὼν
766 3349 810 3413 ότι
839 3347 932 3435 ’τάχ’
968 3350 1007 3413 ἄν
1033 3352 1186 3433 γενητόν
1216 3349 1313 3431 λέγοι
1347 3351 1584 3435 σαφηνείαςιο

178 3545 189 3595 1
207 3544 252 3600 τάς
266 3561 318 3594 om.
330 3545 350 3594 B
363 3539 377 3609 ΙΙ
389 3541 582 3605 Theophrastus
592 3540 721 3604 profectus
733 3540 833 3590 videtur
884 3537 927 3592 τὸν
937 3537 1041 3608 οὐρανὸν
1050 3536 1106 3591 κτλ.
1115 3535 1129 3605 ΙΙ
1138 3539 1217 3604 θέρη.
1227 3540 1394 3606 cf-Theophr.
1402 3542 1543 3606 metaphys.

174 3649 191 3682 a
210 3630 391 3697 Metaph.A6
409 3646 433 3694 p.
447 3626 545 3680 988·7
571 3621 744 3677 Πλάτων
767 3623 833 3676 δυοῖν
885 3627 945 3693 8ρ.
958 3627 1046 3690 319,8
1065 3630 1097 3679 εἰ.
1116 3629 1217 3679 Usener
1235 3630 1304 3678 Μαι.
1318 3628 1367 3679 Rh.
1382 3630 1448 3679 XVI
1461 3625 1513 3681 260
1528 3622 1541 3693 ΙΙ

175 3718 266 3770 αἰτίαιν
285 3717 359 3784 μόνον
380 3715 503 3783 κέχρηται
521 3719 552 3783 τῇ
572 3731 599 3765 τε
617 3716 661 3765 τοῦ
679 3713 703 3765 τί
720 3713 771 3765 έστι
790 3713 833 3764 καλ
885 3714 985 3784 [χοντες
999 3718 1110 3766 coniecit
1123 3717 1224 3766 Usener
1244 3713 1257 3780 ΙΙ
1280 3714 1312 3768 16
1330 3713 1374 3765 καλ
1391 3712 1432 3765 διὰ
1449 3714 1474 3766 τί
1495 3716 1544 3782 πῦρ

176 3813 211 3876 τη
232 3805 299 3857 κατὰ
317 3804 363 3872 τὴν
377 3800 440 3871 ῦλην
453 3839 459 3853 .
474 3839 501 3853 ..
520 3802 564 3853 καὶ
582 3802 618 3859 τίς
635 3801 651 3870 ἡ
671 3799 718 3871 ῦλη
737 3802 753 3871 η
772 3801 832 3853 ῦπο-
886 3805 970 3854 delevi
990 3801 1151 3854 manifestam
1171 3802 1371 3868 dittographiam

177 3895 281 3962 κειμένη
297 3930 302 3941 .
319 3930 323 3940 .
340 3929 345 3940 .
360 3890 397 3942 ἔτι
415 3889 441 3941 δὲ
459 3889 506 3958 τὴν
519 3893 563 3941 τοῦ
576 3888 603 3941 εῦ
622 3890 666 3940 καὶ
683 3887 728 3941 τοῦ
746 3895 835 3947 κακῶς
919 3890 951 3942 17
966 3893 995 3941 cf.
1006 3889 1108 3954 [Philo]
1121 3892 1153 3941 de
1164 3894 1303 3954 incorrupt.
1313 3891 1400 3940 mund.
1412 3888 1545 3955 p.490‚13

176 3982 258 4033 αἰτίαν
276 3985 327 4037 τοῖς
347 3978 477 4047 στοιχείοις
489 3975 619 4029 ἀπέδωκεν
632 3976 758 4046 έκατέροις
777 3977 835 4028 έκα-
887 3980 976 4042 Mang.
990 3975 1050 4038 224,
1068 3978 1171 4028 1Βετπ.
1191 3976 1274 4034 τινές
1292 3973 1311 4027 δ’
1333 3974 1425 4027 οἴονται
1447 3974 1544 4044 σοφιζό·

175 4069 251 4138 πέραν
275 4065 330 4119 κτλ.
358 4063 372 4132 ΙΙ
402 4064 418 4116 2
447 4063 482 4123 ῶς
509 4063 672 4132 ὑποκείμενον
699 4064 746 4132 τὴν
773 4061 835 4134 ῦλην
887 4079 956 4130 μενοι
983 4063 1050 4115 κατὰ
1077 4058 1202 4115 Πλάτωνα
1230 4061 1331 4132 γενητὸν
1361 4060 1475 4131 λέγεσθαι
1503 4061 1545 4113 τὸν

176 4160 244 4208 coni.
264 4155 382 4207 Torstrik
403 4150 415 4217 Η
439 4149 559 4220 πανῦεχές
578 4154 645 4204 Tim.
664 4171 689 4219 p.
708 4152 739 4205 51
757 4169 774 4204 λ
803 4155 835 4204 εἰ.
887 4150 981 4218 κόσμον
1005 4148 1034 4202 οῦ
1057 4150 1094 4220 τῷ
1117 4148 1201 4219 λαβεῖν
1224 4151 1341 4218 γενέσεως
1364 4149 1458 4219 ἀρχὴν,
1482 4147 1545 4201 ἀλλὰ

177 4248 286 4295 Ατίειοε.
316 4261 340 4308 p.
360 4239 429 4294 329·
443 4240 475 4291 14
503 4250 528 4291 et
557 4238 677 4293 306b19.
710 4258 723 4291 ε
747 4242 833 4291 Theo·
886 4244 924 4307 τῷ
942 4236 1009 4307 είπερ
1027 4237 1135 4307 ἐγίγνετο
1161 4237 1197 4306 μὴ
1222 4236 1251 4288 ἂν
1274 4237 1365 4305 έτέρως
1384 4234 1399 4304 ἢ
1418 4234 1461 4287 τὸν
1479 4236 1544 4305 εἰρη-

177 4334 282 4397 phrasto
305 4331 401 4397 pendet
423 4330 589 4379 ΟἰοΙειιοιιΙΙ.
604 4326 686 4379 37118
706 4325 719 4394 Η
740 4326 757 4379 3
774 4323 834 4378 θεοῦ
887 4326 961 4394 μένον
980 4329 1098 4395 συστῆναι
1110 4325 1201 4394 τρόπον
1213 4323 1229 4394 η
1243 4323 1283 4376 διὰ
1300 4323 1329 4376 τὸ
1348 4323 1374 4375 ἰν
1392 4322 1483 4390 γενέσει
1501 4323 1545 4374 καὶ

177 4423 278 4471 nm:
298 4415 365 4470 θείου
385 4419 423 4468 01¹*
444 4412 458 4482 ΙΙ
477 4420 510 4484 τῇ
535 4419 580 4466 τοῦ
604 4411 700 4482 ἀγαθοῦ
720 4417 833 4467 affl:
887 4412 1014 4484 μεταβολῇ
1023 4413 1125 4482 τὰμέρη
1133 4408 1545 4480 θεωρεῖσθαιΙΙθθΤλεορίιτοεέυε

177 4512 223 4560 τοῦ
242 4503 338 4574 ἀγαθοῦ
356 4509 381 4558 D
887 4504 982 4567 pendet
993 4504 1026 4555 ab
1037 4505 1144 4554 Απίεῑοι.
1155 4503 1180 4552 d.
1193 4501 1281 4550 μυελΙ
1296 4498 1328 4550 10
1347 4517 1372 4564 p.
1386 4495 1495 4550 279b32
1514 4496 1545 4566 ἢν

223 4597 239 4648 6
267 4597 299 4646 εἰ.
321 4596 406 4646 Procl.
431 4596 456 4644 in
480 4592 548 4642 Tim.
571 4609 596 4657 ρ.
617 4590 665 4643 177
694 4592 755 4642 Bas.
782 4590 835 4643 418
887 4588 914 4642 ῦέ
941 4607 1003 4648 τινες
1026 4586 1143 4658 βοήθειαν
1172 4586 1322 4657 έπιχειροῦσι
1345 4585 1426 4655 φέρειν
1449 4585 1545 4644 έαυτοῖς

177 4683 300 4735 Schneid.
320 4679 333 4732 ό
352 4681 397 4748 μέν
418 4676 615 4748 Θεόφραστος
634 4676 738 4735 εἰκότως
756 4676 838 4746 ἀρχὴν
888 4681 940 4728 τῶν
963 4673 1086 4745 λεγόντων
1109 4672 1238 4744 ἄφθαρτον
1261 4673 1306 4742 μέν
1325 4672 1399 4738 εἶναι,
1417 4673 1546 4742 γενόμενον

178 4768 301 4838 κινήσεως
330 4768 377 4837 την
400 4767 487 4837 ψυχὴν
514 4764 591 4817 εἰπῶν
618 4763 675 4817 οῦῦέ
706 4762 767 4816 ἄλλο
790 4762 837 4833 πρό
888 4762 924 4825 δέ,
946 4761 994 4815 οῦκ
1013 4758 1202 4830 1στινάληθης.
1231 4759 1324 4828 ὁμοίως
1346 4762 1392 4830 γάρ
1413 4776 1473 4830 φασι
1495 4766 1546 4820 τοῖς

178 4855 256 4925 αὐτῆς
276 4853 430 4924 ὑποθέμενος
453 4855 533 4923 ἀρχῆς
556 4851 604 4904 οῦκ
628 4852 704 4904 οίτται
728 4850 777 4904 όιῖν
795 4851 837 4920 ἀρ
888 4851 920 4903 τά
937 4849 1112 4920 διαγράμματα
1130 4850 1251 4918 γράφουσι
1273 4849 1317 4901 καὶ
1341 4854 1404 4918 σφᾶς
1422 4849 1547 4919 εἰρηκέναι

179 4944 229 5013 χὴν
247 4943 381 5013 ἰπιζητιῖν·
401 4942 516 5012 ἔμψυχον
534 4940 580 5009 γάρ
599 4940 642 4991 καὶ
660 4937 734 4997 αῦτθς
752 4937 838 4991 ῦίῦωσι
888 4939 943 5008 περὶ
965 4942 1011 5007 τῆς
1034 4939 1161 5007 γενέσεως,
1183 4934 1232 5006 οἰνχ
1259 4935 1295 4996 ῶς
1317 4938 1450 5005 γενομένου
1476 4937 1546 5001 ποτέ,
