3442 5588
734 346 1009 399 Psennoounsu
1485 351 1547 414 2⁶23

178 522 294 582 tamen
314 517 364 579 τόν
387 515 509 600 χόνδρον
533 512 577 602 [τό
601 513 779 602 χονδρῶδες]
812 515 1027 599 Theophrasti
1054 517 1090 581 τό
1113 520 1215 600 στερεά
1240 517 1471 601 interpretatus
1499 526 1548 585 est

178 617 383 702 oompilator.
418 625 532 684 eontra
554 624 670 702 aperte
693 617 779 683 salsa
805 617 848 683 de
869 617 1066 700 Empedools
1089 618 1258 682 traduntur
1280 618 1314 681 in
1336 621 1424 686 Pluo.
1440 623 1456 686 Ι
1474 625 1512 687 13
1535 636 1544 683 1

173 716 378 804 Ἐμπεδοκλῆς
400 722 456 805 πρὸ
482 726 541 784 τῶν
567 723 710 805 τεττάρων
742 720 896 806 στοιχείων
925 720 1099 803 θραύσματα
1128 722 1268 805 ἐλάχιστα
1299 722 1385 785 οἱονεὶ
1416 730 1547 810 στοιχεῖα

179 824 238 907 πρό
261 827 320 886 τῶν
343 825 495 909 στοιχείων
511 826 682 908 ὁμοιομερῆ.
706 821 757 910 [ol.
782 822 983 905 Philippson.
1002 824 1056 906 61η
1080 844 1110 905 p.
1129 818 1211 907 1821.
1236 823 1354 887 erroris
1376 824 1465 890 haud
1481 827 1547 892 seio

179 942 225 989 nn
253 923 350 990 sedes
376 924 418 989 sil
438 925 473 990 in
495 925 714 1010 Theophrasti
744 923 853 991 verbis
874 927 895 1004 ξ
913 926 950 987 11
976 926 1018 987 ὧν
1040 927 1073 988 δὲ
1096 925 1189 987 πυκνὰ
1211 927 1258 986 καί
1281 926 1355 988 κατὰ
1379 928 1467 1010 μικρὰ
1496 953 1548 991 τε-

180 1026 391 1112 θραυσμόνο
411 1026 517 1112 (κεῖται
539 1029 576 1092 τὰ
592 1027 754 1115 στοιχεῖα),
777 1046 862 1110 quae
885 1026 1117 1092 recentioribus
1140 1026 1258 1107 ubique
1280 1033 1406 1092 atomos
1426 1037 1548 1095 seotan-

179 1127 269 1194 tibus
292 1128 345 1212 [ei.
368 1129 441 1194 113
461 1130 490 1212 2]
517 1150 656 1213 pronum
679 1137 751 1196 erat
773 1129 859 1194 male
881 1128 1054 1211 explioars.

268 1231 465 1314 Diogenis
485 1230 716 1315 Apolloniatae
743 1232 785 1297 de
806 1231 920 1296 auditu
942 1230 1061 1313 dogma
1083 1231 1128 1296 IV
1149 1232 1189 1295 16
1208 1240 1224 1292 3
1246 1237 1296 1295 τοῦ
1320 1234 1351 1297 ἐν
1371 1239 1409 1316 τῇ
1433 1239 1547 1320 κεφαλή

180 1333 269 1418 depo:
292 1335 424 1418 ὑπὸτῆς
452 1337 554 1418 φωνῆς
582 1335 760 1418 τυπτομένου
790 1334 838 1398 καὶ
861 1334 1030 1417 κινουμένου
1059 1334 1143 1399 bene
1166 1334 1342 1416 respondet
1363 1335 1550 1419 Theophra-

179 1434 261 1501 steis
283 1437 304 1516 ξ
318 1437 363 1501 40
384 1437 453 1500 όταν
475 1439 491 1501 ό
514 1436 545 1499 έν
567 1441 627 1506 τοῖς
651 1437 722 1501 ὠσὶν
747 1438 806 1520 ἀήρ
829 1436 957 1520 κινηδείς
979 1438 1036 1500 ὑπὸ
1059 1441 1110 1501 τοῦ
1134 1433 1190 1505 ἔξω
1212 1438 1302 1521 διαδῷ
1319 1438 1391 1520 πρός
1406 1440 1454 1500 τὸν
1471 1440 1548 1521 ἐγκέ-

179 1541 286 1623 φαλον.
319 1539 416 1604 etiam
437 1538 484 1603 IV
505 1538 546 1603 18
564 1546 581 1600 2
602 1539 742 1622 Διογένης
763 1545 800 1621 τῇ
824 1539 973 1623 ἀραιότητι
1000 1542 1053 1623 τῆς
1078 1540 1212 1621 γλώσσης
1239 1538 1287 1601 καὶ
1308 1544 1345 1620 τῇ
1370 1541 1548 1624 μαλακότητι

180 1640 230 1702 καί
262 1640 311 1703 διὰ
336 1642 371 1704 τό
394 1643 546 1705 συνάπτειν
575 1641 627 1711 τὰς
653 1643 712 1704 ἀπὸ
739 1646 790 1705 τοῦ
819 1644 954 1724 σώματος
982 1642 1024 1710 τίς
1046 1642 1137 1725 αὐτὴν
1159 1641 1269 1726 φλέβας
1291 1641 1458 1726 διαχεῖσθαι
1481 1645 1548 1713 τοὺς

180 1742 315 1827 χωλούς.
328 1788 358 1805 ..
376 1748 455 1826 apta
470 1749 545 1808 sunt
560 1742 816 1826 Theophrasteis
838 1746 858 1824 ξ
873 1746 915 1808 43
938 1747 1142 1827 κριτικώτατον
1165 1744 1197 1806 δὲ
1219 1744 1326 1826 ήδονής
1340 1744 1392 1827 τήν
1408 1747 1546 1826 γλῶτταν.
1575 1821 1576 1824 ¹

181 1844 376 1910 ἁπαλώτατον
397 1845 452 1929 γὰρ
473 1843 546 1910 εἶναι
568 1846 618 1909 καί
642 1847 732 1928 μανὸν
755 1847 803 1910 καὶ
825 1847 876 1916 τὰς
897 1847 1007 1932 φλέβας
1030 1848 1147 1914 ἁπάσας
1170 1847 1286 1929 ἀνήκειν
1302 1845 1343 1915 εἰς
1357 1846 1460 1930 αὐτήν.
1490 1848 1548 1913 sed

181 1964 268 2028 quae
289 1946 357 2012 illio
379 1947 607 2013 eontinuantur
629 1949 805 2031 ἑλκομένους
821 1948 868 2012 ἐπὶ
882 1950 936 2032 τήν
958 1947 1095 2032 αίσδησιν
1118 1949 1165 2011 καὶ
1187 1950 1220 2011 τὸ
1243 1950 1455 2031 ἡγεμονικόν
1478 1951 1548 2014 nuh

180 2051 255 2134 άπερ
282 2051 342 2114 ἀπὸ
372 2055 508 2134 σπογγιᾶς
538 2050 709 2117 dissonant
737 2057 771 2116 et
792 2049 974 2116 Stoieorum
1001 2057 1088 2116 uerte
1120 2057 1194 2115 sunt
1222 2049 1415 2115 adulterium
1439 2071 1546 2135 passa.

181 2151 253 2235 pari
280 2151 396 2218 fraude
426 2152 555 2218 illorum
577 2153 750 2238 ήγορονικόν
780 2153 971 2218 translatum
994 2152 1027 2216 in
1050 2151 1378 2216 Philolaum11415
1400 2151 1441 2217 ef.
1464 2154 1547 2219 lve

182 2252 317 2319 Boenkh
340 2253 457 2319 Philol.
481 2274 512 2337 p.
530 2254 581 2319 96.
613 2254 753 2319 Krisehe
775 2274 805 2337 p.
822 2254 874 2319 80.
897 2253 1004 2319 Zeller
1025 2253 1060 2318 1⁴
1083 2253 1145 2318 385
1155 2252 1174 2317 ¹.
1197 2253 1354 2335 spongiae
1369 2260 1479 2320 tamen
1496 2275 1547 2320 ex·

183 2355 326 2439 emplum
347 2354 496 2422 similiter
513 2356 670 2440 repetitur
686 2354 720 2420 in
735 2355 944 2420 Alcmaeonis
958 2354 1088 2421 deoreto
1105 2354 1132 2419 V
1150 2356 1190 2418 16
1208 2364 1224 2416 3
1247 2375 1353 2438 neque
1368 2356 1547 2438 Diogenem

183 2456 289 2541 ipsum
322 2476 363 2524 eo
397 2476 490 2523 usum
525 2476 597 2524 esse
628 2455 827 2540 negauerim.
877 2456 1134 2522 Alcmaeonis
1166 2457 1288 2541 placita
1322 2457 1442 2541 optime
1475 2479 1548 2524 oon-

184 2559 336 2625 sentiunt.

259 2659 506 2745 Theophrastus
528 2661 559 2727 d
583 2681 666 2728 sens
689 2662 768 2745 §25
863 2665 867 2731 l
1079 2661 1205 2726 Plaoita
1222 2662 1268 2727 IV
1284 2663 1359 2726 161

221 2762 341 2826 ἀκούειν
364 2766 416 2846 μὲν
439 2763 489 2828 οόν
510 2785 582 2849 φησι
604 2768 664 2832 τοῖς
679 2764 750 2827 ιόσὶν
765 2763 837 2827 διότι
930 2761 1094 2844 Ἀλκμαίων
1116 2764 1230 2826 ἀκούειν
1253 2765 1332 2846 ἡμᾶς
1352 2770 1394 2849 τῷ
1411 2772 1486 2850 κενιῷ
1503 2771 1545 2850 τῷ

179 2865 261 2927 κτνδν
286 2865 319 2928 έν
347 2865 445 2935 αὐτοῖς
471 2866 638 2950 ἐνυπάρχει.
671 2869 756 2928 τοῦτο
783 2865 838 2948 γὰρ
890 2866 970 2934 ἐντός
1003 2869 1054 2928 τοῦ
1090 2866 1175 2934 ὠτός.
1215 2870 1300 2928 τοῦτο
1328 2867 1383 2950 γὰρ
1412 2867 1484 2930 εἶναι
1513 2869 1546 2930 τὸ

176 2968 264 3052 ήχτῖν
287 2963 489 3054 [φθέγγεσθαι]
512 2969 561 3033 διὰ
586 2968 619 3031 τὸ
646 2973 759 3048 κοῖλον,
788 2972 837 3034 τὸν
890 2969 1011 3052 διηχοῦν
1041 2970 1115 3032 κατὰ
1142 2971 1194 3053 τήν
1226 2973 1277 3032 τοῦ
1305 2970 1466 3052 πνεύματος
1488 2970 1543 3034 τίσ-

177 3068 203 3134 δ’
231 3071 308 3156 ἀέρα
330 3071 477 3157 ἀντηχεῖν.
891 3071 990 3155 βολήν.
1016 3072 1109 3135 πάντα
1126 3072 1181 3154 γὰρ
1195 3065 1232 3133 τὰ
1247 3075 1330 3134 κοῖλα
1352 3069 1447 3158 [Plut.
1463 3070 1543 3159 κενὰ]

891 3174 971 3257 ήχτῖ.

177 3274 254 3342 hine
279 3274 499 3342 eonieoturam
525 3273 690 3359 periclitor
721 3274 754 3341 in
777 3274 968 3342 brevissimo
991 3273 1187 3340 Plaoitorum
1211 3274 1353 3357 capitulo
1375 3277 1420 3340 IV
1446 3279 1486 3342 13
1511 3288 1544 3340 12

173 3377 341 3462 Ἀλκμαίων
362 3379 437 3443 κατὰ
458 3379 510 3463 τήν
531 3384 583 3443 τοῦ
606 3379 764 3463 διαφανοῦς
785 3377 935 3462 ἀντίληψιν
966 3396 1010 3441 se.
1033 3378 1066 3439 τό
1089 3378 1223 3461 ὁρατικὸν
1251 3378 1416 3464 συμβαίνειν
1439 3381 1543 3452 ποίδος.

177 3480 425 3564 Theophrastus
445 3482 522 3565 §26
545 3484 615 3566 δρᾶν
637 3481 671 3545 δέ
693 3486 735 3566 τῷ
752 3483 894 3567 στίλβοντι
910 3480 958 3543 καί
976 3485 1021 3565 τῷ
1047 3482 1182 3565 διαφανεῖ
1195 3481 1264 3544 όταν
1286 3483 1487 3567 ἀντιφαίνη,
1501 3483 1545 3547 ad

179 3601 276 3666 qnam
298 3581 539 3651 similitudinem
561 3583 733 3668 ἀντίλαμψιν
755 3603 821 3648 non
842 3581 1039 3666 necessario,
1061 3587 1096 3646 at
1119 3582 1188 3647 veri
1217 3582 1366 3648 similiter
1388 3584 1546 3666 corrigen-

178 3683 253 3751 dum
278 3691 367 3769 puto.
400 3693 467 3752 tum
490 3686 688 3754 ooneordant

375 3787 537 3873 Theophr.
560 3791 638 3873 §25
1072 3788 1184 3853 Plaoit.
1207 3787 1253 3853 IV
1277 3789 1349 3854 181

216 3892 339 3974 γλιίνττη
360 3891 394 3955 δὲ
407 3892 475 3961 τοὺς
489 3892 602 3976 χυμοὺς
616 3892 730 3975 κρίνειν.
753 3893 833 3975 χλια-
924 3889 1088 3973 Ἀλκμαίων
1113 3896 1156 3974 τῷ
1187 3891 1265 3976 ὑγρῷ
1289 3894 1338 3957 καί
1363 3897 1405 3977 τῷ
1430 3896 1543 3979 χλιαρῷ

181 3994 227 4077 polu
256 3993 315 4079 γὰρ
340 3990 429 4057 οὖσαν
450 3994 498 4056 καί
521 3995 654 4077 μαλακήν
677 3995 774 4077 τήκειν
796 3998 834 4076 τῇ
886 3998 929 4079 τῷ
952 3993 983 4057 ἐν
1005 3998 1042 4075 τῇ
1064 3994 1180 4077 γλώττη
1213 3995 1285 4077 πρὸς
1305 4002 1343 4077 τη
1367 3997 1544 4080 μαλακότητι

180 4095 348 4180 θερμότητι.
380 4096 520 4182 δέχεσθαι
548 4097 581 4159 δὲ
607 4097 656 4159 καὶ
678 4096 836 4160 διαδιδόναι
888 4095 1085 4180 διακρίνεσθαι
1107 4095 1174 4164 τοὺς
1197 4096 1320 4181 χυμοός.

180 4197 221 4262 ed
244 4199 301 4282 τὴν
325 4198 472 4283 μανότητα
494 4199 543 4262 καὶ
566 4198 746 4283 ἁπαλότητα.

177 4299 233 4366 sed
255 4319 300 4366 ne
324 4298 505 4368 Stoieorum
526 4301 858 4367 aooommodationem
880 4300 1046 4366 desideres
1069 4299 1150 4365 haee
1172 4300 1250 4365 mihi
1274 4300 1384 4367 oonler

367 4402 530 4487 Theophr.
553 4403 631 4486 §25
1073 4402 1186 4468 Pleuit.
1208 4404 1253 4469 IV
1280 4407 1318 4470 17
1341 4414 1353 4464 1

216 4503 431 4591 ὀσφραίνεσθαι
452 4506 486 4569 δὲ
511 4494 584 4592 ῥισὶν
616 4506 678 4588 ἅμα
701 4510 744 4590 τῷ
768 4505 835 4569 ἀνα·
930 4503 1100 4587 Ἀλκμαίων
1123 4505 1153 4569 ἐν
1176 4511 1219 4591 τῷ
1240 4507 1393 4591 έγκεφαλιρ
1415 4506 1487 4570 είναι
1508 4510 1542 4571 τὸ

172 4611 256 4671 πνεῖν
289 4607 431 4690 ἀνάγοντα
469 4609 502 4672 τό
535 4613 650 4692 πνεῦμα
682 4608 754 4692 πρὸς
787 4608 836 4671 τὸν
889 4607 1123 4691 ἡγεμονικόν.
1144 4609 1239 4693 τούτῳ
1262 4608 1312 4673 οόν
1336 4606 1544 4693 ὀσφραίνεσθαι

175 4708 350 4794 ἐγκέφαλον.
863 4782 866 4807 Ι
891 4709 1003 4773 έλκοντι
1026 4710 1074 4773 διὰ
1095 4713 1154 4773 τῶν
1177 4712 1329 4775 ἀναπνοῶν
1352 4711 1404 4779 τὰς
1427 4711 1530 4793 ὀσμάς.

179 4825 358 4894 miserrime
379 4827 544 4894 inversum
575 4834 625 4893 est
658 4825 867 4892 Alcmaeonis
896 4826 937 4892 de
974 4825 1116 4891 sanitate
1144 4829 1300 4911 placitum
1326 4829 1449 4895 v301
1489 4829 1543 4894 ubi

187 4929 398 5014 Peripatetiea
420 4932 462 4999 do
484 4935 636 5015 quattuor
661 4927 769 4994 oausis
796 4927 947 4994 doctrina
969 4928 1151 4995 Stoicorum
1173 4938 1266 5003 ποιοῖς
1288 4931 1369 4998 mire
1390 4933 1543 5015 copulata
