3464 5586
255 352 319 416 462
571 352 649 404 Aan
667 353 805 405 DIDYMI
822 353 1008 407 EPITOMES
1025 354 1079 406 1³1³.
1097 354 1200 407 PHYS.
1212 351 1255 408 26.
1269 353 1303 407 27

257 522 290 585 δὲ
313 521 527 607 παρῳχημένον
551 523 598 587 καλ
621 524 670 586 τδν
693 523 834 606 μέλλοντα
857 523 1012 607 ὑφεστάναι
1035 524 1098 607 μέν,
1127 524 1267 610 ὑπάρχειν
1288 523 1321 587 δὲ
1347 522 1499 607 οὑδαμῶς,
1529 523 1556 587 εἰ
1580 523 1622 607 μὴ

258 627 300 692 ὡς
320 625 369 687 καί
391 626 618 708 κατηγορήματα
641 627 781 710 ὑπάρχειν
803 625 915 709 λέγεται
939 625 1013 707 μόνα
1034 627 1071 689 τά
1093 626 1308 712 συμβεβηκότα,
1330 625 1390 690 οίυν
1406 627 1439 690 τδ
1455 631 1622 712 περιπατεῖν

259 726 384 810 ὑπάρχει
407 751 455 809 μοι
479 727 528 790 ὅτε
550 733 709 811 περιπατῶ,
732 727 781 792 ὅτε
803 728 836 791 δὲ
857 725 1065 811 κατακέκλιμαι
1089 729 1108 811 ἦ
1132 729 1265 813 κάθημαι
1287 729 1345 813 οὑχ
1367 729 1513 815 ὑπάρχει.
1559 771 1568 787 .
1614 770 1623 788 .

229 956 242 994 υ
339 928 413 1015 Ἔαρ
436 933 469 995 δὲ
498 929 580 1000 ἔτους
607 933 685 1016 ὥραν
717 931 895 1015 κεκραμένην
926 932 959 994 ἐκ
989 937 1134 1017 χειμῶνος
1157 933 1353 1016 ἀπολήγοντος
1374 932 1422 994 καί
1445 933 1551 1015 θέρους
1573 934 1623 1016 ἀρ

256 1033 401 1119 χομένυυ,
424 1035 443 1118 ἢ·
467 1036 519 1118 τὴν
542 1033 614 1116 μετὰ
638 1038 770 1118 χειμῶνα
793 1035 870 1118 ὥραν
893 1035 949 1118 πρδ
973 1034 1087 1118 θέρους.
1125 1033 1210 1118 θέρος
1232 1034 1264 1096 δὲ
1288 1035 1366 1117 ὥραν
1389 1031 1471 1103 ἔτους
1492 1036 1545 1118 τὴν
1569 1036 1623 1117 μά

1084 1137 1162 1220 ὥραν
1185 1132 1266 1204 ἔτους
1287 1136 1340 1219 τὴν
1365 1136 1438 1218 μετὰ
1460 1136 1546 1220 θέρος
1568 1137 1622 1219 μὲν

256 1239 312 1323 πρδ
336 1243 481 1323 χειμῶνος
502 1239 545 1314 δέ,
567 1236 756 1322 κεκραμένην.
791 1244 923 1323 χειμῶνα
946 1240 979 1302 δὲ
995 1240 1072 1322 ιὺραν
1089 1237 1170 1307 ἔτους
1185 1238 1237 1322 τὴν
1253 1239 1378 1320 μάλιστα
1393 1238 1621 1323 κατεψυγμένην,

255 1340 276 1424 ἢ
303 1343 352 1404 τδν
381 1342 445 1425 περί
473 1346 526 1424 γῆν
555 1340 628 1425 ἀέρα
655 1340 877 1425 κατεψυγμένον.
918 1341 1048 1424 γίνεσθαι
1076 1342 1109 1405 δὲ
1137 1340 1287 1424 ἰσημερίας
1314 1341 1366 1405 δύο
1395 1340 1465 1404 καθ’
1497 1341 1621 1405 ἕκαστον

219 1469 243 1507 τυ
261 1444 389 1507 ἐνιαυτόν
416 1444 464 1505 καὶ
493 1445 601 1527 τροπὰς
627 1445 694 1507 δύο·
729 1443 879 1527 ἰσημερίας
907 1443 959 1526 μὲν
987 1443 1054 1506 όταν
1081 1445 1100 1527 ἡ
1130 1442 1178 1512 νὺέ
1209 1444 1256 1506 καὶ
1285 1445 1305 1527 ἡ
1333 1444 1430 1527 ἡμέρα
1463 1441 1522 1507 ἴσαι
1554 1444 1623 1521 ὦσι,

256 1545 365 1609 τούτων
389 1547 421 1608 δὲ
443 1547 495 1630 τὴν
518 1548 570 1628 μέν
593 1545 656 1631 ἔαρι
677 1546 819 1630 γίνεσθαι,
842 1547 894 1629 τὴν
918 1547 950 1609 δὲ
973 1549 1150 1630 μετοπώρῳ·
1172 1551 1230 1609 τῶν
1253 1547 1286 1609 δὲ
1308 1548 1422 1629 τροπῶν
1437 1546 1489 1615 τὰς
1504 1547 1557 1628 μὲν
1574 1547 1622 1610 θέ-

258 1671 335 1731 ρους,
357 1649 409 1717 τάς
430 1649 463 1711 δὲ
484 1655 639 1733 χειμῶνος.

916 1938 956 2002 27

317 2045 403 2096 stob.
424 2044 498 2094 συλλ
514 2042 544 2093 17
564 2051 589 2093 et
607 2040 661 2094 207
680 2060 704 2108 p.
718 2040 897 2094 432-43811.

342 2144 577 2214 Ποσειδώνιος
605 2146 638 2208 δέ
664 2145 777 2229 φθοράς
802 2145 851 2208 καὶ
873 2143 998 2226 γενέσεις
1019 2142 1156 2228 τέτταρας
1177 2143 1251 2207 εἰναί
1280 2166 1367 2228 φησιν
1389 2144 1423 2207 ἐκ
1445 2147 1503 2206 τῶν
1525 2140 1618 2204 όντων

255 2249 296 2318 εἰς
324 2249 360 2311 τὰ
392 2246 460 2311 όντα
486 2247 662 2330 γιγνομένας.
698 2247 750 2331 τὴν
778 2247 830 2329 μὲν
856 2247 911 2330 γὰρ
939 2247 973 2309 ἐκ
1000 2250 1059 2308 τῶν
1086 2246 1139 2310 οὑκ
1162 2245 1252 2310 όντων
1275 2247 1323 2309 καὶ
1345 2247 1397 2330 τὴν
1420 2246 1461 2315 εἰς
1482 2244 1543 2327 (τά)
1564 2243 1619 2307 οὑκ

217 2375 241 2415 υ
258 2352 338 2428 ὄντα,
360 2350 493 2433 καθάπερ
505 2347 623 2431 εἴπομεν
635 2349 774 2434 πρόσθεν,
796 2349 967 2432 ἀπέγνωσαν
982 2347 1162 2432 ἀνύπαρκτον
1177 2347 1276 2412 οὖσαν.
1298 2353 1356 2411 τῶν
1372 2346 1397 2411 δ’
1418 2347 1458 2417 εἰς
1474 2345 1535 2430 (za)
1550 2345 1620 2409 ὄντα

256 2453 412 2538 γινομένων
436 2452 603 2536 μεταβολῶν
626 2453 678 2536 τὴν
701 2453 754 2534 μέν
776 2450 848 2515 εἰναι
872 2451 946 2514 κατὰ
962 2451 1108 2534 διαίρεσιν,
1130 2451 1183 2534 τὴν
1198 2453 1231 2515 δὲ
1245 2450 1308 2515 κατ’
1330 2451 1495 2524 ἀλλοίωσιν,
1514 2449 1566 2532 τὴν
1583 2449 1616 2512 δὲ

256 2556 330 2619 κατὰ
352 2554 500 2638 σύγχυσιν,
521 2553 574 2636 τὴν
597 2552 624 2617 δ’
646 2554 675 2623 ἐξ
698 2555 784 2631 ὑλων,
807 2553 964 2637 λεγομένην
987 2554 1020 2616 δὲ
1041 2551 1105 2616 κατ’
1126 2553 1271 2618 ἀνάλυσιν.
1308 2554 1417 2618 τούτων
1434 2553 1467 2615 δὲ
1481 2552 1533 2635 τὴν
1549 2548 1613 2614 κατ’

255 2658 410 2722 ἀλλοίωσιν
434 2657 498 2740 περὶ
520 2657 573 2739 τὴν
597 2655 696 2719 υὺσίαν
718 2656 879 2739 γίγνεσθαι,
907 2655 959 2726 τάς
981 2656 1014 2718 δὲ
1036 2655 1126 2724 άλλας
1147 2661 1222 2740 τρεῖς
1244 2657 1308 2740 περὶ
1330 2657 1396 2726 τοὺς
1418 2654 1519 2723 ποιούς
1541 2656 1619 2736 λεγο·

256 2759 358 2843 μένους
380 2758 447 2827 τοὺς
469 2758 516 2821 ἐπὶ
539 2763 592 2841 τῆς
614 2759 714 2829 οὐσίας
734 2758 925 2841 γιγνομένους.
963 2758 1134 2827 ἀκολούθως
1164 2759 1197 2821 δὲ
1217 2760 1329 2827 τούτοις
1351 2759 1399 2821 καὶ
1422 2758 1474 2826 τὰς
1494 2754 1619 2836 γενέσεις

215 2885 240 2924 aa
258 2862 434 2946 συμβαίνειν.
469 2861 522 2944 τὴν
549 2861 604 2944 γάρ
631 2861 731 2925 οὐσίαν
757 2859 817 2924 οὔτ’
853 2859 991 2929 αὔξεσθαι
1021 2859 1088 2923 οὔτε
1117 2861 1269 2942 μειοῦσθαι
1304 2861 1377 2924 κατά
1409 2859 1566 2943 πρόσθεσιν
1597 2881 1618 2939 η

255 2964 415 3048 ἀφαίρεσιν,
438 2964 513 3026 ἀλλὰ
537 2964 623 3046 μόνον
645 2962 846 3040 ἀλλοιοῦσθαι,
869 2963 1003 3047 καθάπερ
1025 2960 1070 3025 ἐπ’
1091 2963 1225 3046 ἀριθμῶν
1247 2963 1296 3025 καί
1320 2962 1432 3046 μέτρων
1455 2957 1525 3046 [καὶ]
1548 2982 1618 3042 συμ

255 3066 370 3151 βαίνειν.
408 3066 455 3128 ἐπὶ
482 3064 541 3148 (δὲ)
566 3071 624 3127 τῶν
651 3065 731 3134 ἰδίως
757 3070 849 3128 ποιῶν
882 3065 942 3127 οἷον
970 3065 1079 3134 Δίωνος
1108 3065 1156 3128 καί
1186 3064 1301 3134 Θέωνος
1333 3066 1381 3128 καὶ
1408 3063 1543 3148 αὑέησεις
1568 3063 1617 3126 καί

255 3171 390 3251 μειώσεις
411 3167 550 3250 γίνεσθαι.
593 3169 637 3230 διδ
660 3168 708 3230 καὶ
730 3166 905 3251 παραμένειν
927 3169 979 3250 τὴν
1003 3168 1125 3230 ἑκάστου
1147 3166 1288 3248 ποιότητα
1310 3163 1367 3252 [τὰ]
1391 3167 1432 3229 ἀπ
1467 3171 1520 3248 τῆς
1541 3164 1617 3248 γενέ-

255 3291 330 3340 σεως
360 3270 447 3356 μέχρι
474 3275 527 3354 τῆς
553 3269 741 3353 ἀναιρέσεως,
768 3268 836 3353 (ὡς)
864 3269 911 3333 ἐπὶ
939 3275 997 3332 τῶν
1031 3270 1174 3352 ἀναίρεσιν
1207 3269 1423 3354 ἐπιδεχομένων
1455 3266 1540 3352 ζῴων
1567 3267 1616 3330 καὶ

213 3399 238 3436 ου
255 3378 354 3457 φυτῶν
376 3375 424 3437 καλ
446 3379 505 3436 τῶν
527 3372 637 3440 τούτοις
659 3373 880 3455 παραπλησίων.
905 3373 952 3436 ἐπὶ
974 3373 1007 3435 δὲ
1028 3377 1085 3434 τῶν
1109 3371 1187 3439 ἰδίως
1209 3376 1301 3434 ποιῶν
1324 3393 1394 3455 φασι
1417 3371 1468 3434 δύο
1492 3369 1563 3433 είναι
1579 3370 1616 3432 τὰ

253 3475 369 3538 δεκτικά
393 3475 494 3559 μόρια,
523 3476 556 3537 τὸ
580 3474 632 3556 μέν
655 3497 681 3536 τι
703 3475 777 3537 κατὰ
797 3475 851 3557 τὴν
872 3479 925 3558 τῆς
947 3475 1046 3543 οὑσίας
1074 3473 1241 3551 ὑπόστασιν,
1268 3475 1301 3536 τὸ
1325 3473 1358 3536 δέ
1388 3472 1441 3556 (aa)
1467 3473 1541 3535 κατὰ
1563 3472 1616 3554 τὴν

251 3581 302 3640 τοὺ
325 3582 420 3641 ποιοῦ.
443 3582 527 3640 τοῦτο
553 3578 622 3660 γάρ,
653 3578 693 3645 ὡς
718 3577 856 3644 πολλάκις
883 3574 1028 3658 ἐλέγομεν,
1050 3576 1102 3658 τὴν
1126 3573 1244 3658 αὔξησιν
1266 3576 1314 3638 καλ
1337 3576 1389 3659 τὴν
1414 3575 1531 3657 μείωσιν
1556 3574 1616 3636 ἐπι·

251 3689 323 3695 κ.-
329 3690 452 3697 -—.---.
960 3689 1161 3697 ----..-—..-..

254 3729 266 3781 1
281 3728 415 3798 ὑφεστάναι
427 3731 461 3783 F:
481 3730 641 3801 έφεστάναιΟ
655 3733 700 3783 sed
711 3734 741 3782 ci.
752 3732 908 3798 Chrysippus
960 3732 993 3781 ad
1012 3727 1127 3780 ἀνάλυσιν
1141 3750 1164 3782 ι.
1179 3732 1220 3783 11.
1240 3743 1352 3783 ceterum
1371 3734 1401 3782 ef.
1415 3733 1486 3784 Ptol.
1499 3749 1524 3796 p.
1538 3729 1617 3793 asssq.

252 3818 320 3867 Ρλυι.
334 3819 359 3868 d.
375 3835 466 3869 comm.
477 3829 532 3870 not.
545 3818 602 3870 418
619 3837 643 3885 p.
657 3816 791 3872 1081θτὸ
803 3818 848 3886 μὲν
860 3836 908 3870 πα·
961 3832 1007 3868 ιιι
1022 3833 1049 3868 τι
1072 3813 1085 3884 Η
1111 3819 1214 3869 additur
1232 3815 1397 3871 Ποσειδωνίου
1416 3823 1442 3870 in
1461 3835 1525 3883 mrg.
1548 3814 1560 3884 Η
1585 3818 1617 3869 14

252 3904 401 3973 ριμχημένυν
414 3910 459 3956 τοῦ
470 3905 560 3977 χρόνου
574 3907 618 3958 καὶ
635 3904 909 3975 τὸμίλλυνυὺχὺπάρ-
960 3915 986 3956 ει
1003 3904 1032 3956 15
1044 3903 1076 3954 τά
1088 3906 1176 3956 addidi
1191 3903 1203 3972 Η
1221 3906 1252 3958 15
1264 3906 1396 3959 ἀπέσωσαν
1409 3910 1435 3958 Α
1453 3923 1474 3957 ο.
1488 3903 1534 3957 20:
1559 3904 1615 3957 δπέ·

252 4007 305 4059 χειν
323 3989 376 4043 ἀλλ’
397 3990 577 4063 ὑφεστηκέναι,
601 3992 675 4060 μόνον
699 3991 725 4043 δὲ
744 3991 862 4061 ὑπάρχειν
880 3991 909 4045 τὸ
959 4006 1055 4060 γνωσαν
1068 3992 1143 4044 ali:
1163 3999 1273 4046 correxi.
1287 3999 1471 4060 intelleguntur
1484 3995 1564 4044 Stoici
1578 3995 1610 4045 οί.

253 4077 384 4148 ἐνεστηκός
404 4078 417 4149 Η
437 4081 459 4132 εἰ
479 4081 515 4150 μὴ
535 4084 661 4133 canterus
682 4084 708 4131 in
727 4083 825 4132 latinia:
849 4079 907 4133 τίσίν
960 4077 1135 4148 maiitiam
1146 4076 1615 4150 ιὺσάνίίσειιετ.ἀπέγνωσενΗοετεπΗ

252 4167 277 4216 Δ
289 4162 302 4233 Η
316 4164 440 4234 θλέγιται
449 4166 524 4235 μόνον
536 4169 607 4233 (opp.
619 4157 697 4225 όντως
710 4165 826 4236 ὑπάρχει)
839 4172 907 4220 coni.
963 4166 993 4218 17
1007 4164 1034 4217 δὲ
1045 4164 1074 4217 δι’
1096 4164 1163 4218 δλων
1176 4172 1296 4220 Mainake
1312 4167 1324 4236 Η
1341 4180 1399 4235 post
1410 4168 1551 4238 λεγομένων
1566 4185 1615 4218 om.

251 4254 353 4306 Uaaner
367 4253 379 4323 Η
394 4255 411 4307 4
424 4259 510 4307 omisit
521 4256 648 4308 Stobaaua
661 4258 787 4306 nonnulla
802 4253 815 4323 Η
831 4256 846 4307 7
859 4253 905 4323 ἀφ’
960 4252 986 4305 δέ
1000 4256 1020 4306 C
1036 4252 1048 4322 Η
1064 4254 1097 4308 20
1108 4255 1155 4324 τὴν
1168 4255 1194 4308 δέ
1208 4261 1246 4309 A:
1266 4275 1330 4309 corr.
1345 4261 1447 4309 Heeren
1467 4253 1479 4324 Η
1501 4253 1617 4325 πρόθεσιν

251 4337 322 4409 ἡλίου
337 4344 373 4394 A:
389 4360 455 4394 corr.
469 4344 590 4394 Mainake
605 4339 618 4410 Η
634 4341 709 4410 9τλγν
721 4341 775 4410 περὶ
787 4345 834 4411 γῆν
846 4342 908 4410 ἀέρα
961 4352 1020 4393 ante
1038 4344 1195 4394 Heerenium
1217 4343 1229 4411 Η
1255 4343 1287 4396 21
1305 4342 1617 4412 καθάπερ-συμβαίνειν

251 4427 441 4498 κατεψυγμένην
460 4434 497 4482 Αι
522 4433 623 4482 correxi
641 4448 673 4482 ex
692 4431 772 4495 Diog.
791 4432 844 4481 VII
859 4429 907 4482 151
961 4439 1018 4495 post
1042 4429 1169 4498 ἀφαίρεσιν
1192 4449 1286 4497 ponam
1310 4429 1323 4500 Η
1349 4433 1393 4484 καὶ
1415 4430 1555 4500 συμβαίνειν
1577 4430 1617 4482 ἰπὶ

251 4520 364 4584 χειμῶνα
381 4516 426 4582 μέν
444 4515 505 4569 εἶναί
515 4533 575 4586 φασι
586 4515 629 4569 τόν
646 4515 708 4586 ὑπὲρ
726 4519 771 4586 γῆς
790 4516 833 4580 [τί.
848 4520 908 4570 Ait.
959 4521 1012 4569 τῶν
1022 4515 1135 4575 iiiam:
1146 4521 1318 4570 corr.Heeren
1328 4516 1339 4587 Η
1350 4519 1384 4572 23
1394 4520 1480 4571 ridel.
1489 4522 1592 4570 Heeren
1602 4516 1614 4584 Η

251 4604 291 4654 111
305 4603 353 4668 81]
367 4604 427 4673 ἀέρα
440 4603 639 4673 κατεψυγμίνυνι
660 4609 762 4657 Ηεειειι
774 4601 791 4672 ἡ
804 4609 840 4673 τῷ
853 4606 908 4674 περὶ
961 4603 994 4657 24
1004 4602 1039 4661 ὡς
1048 4606 1146 4655 addidit
1156 4607 1257 4656 Heeren
1272 4603 1283 4672 Η
1297 4605 1568 4675 καταδεχομένων.
1579 4603 1616 4655 δτ-

250 4692 297 4758 γῆν
314 4690 367 4760 ἀέρι
386 4691 575 4760 κατεψυγμένην
598 4694 667 4757 quod
685 4709 776 4757 parum
794 4694 872 4743 ιλίτιυι
889 4710 905 4744 a
960 4692 1110 4761 χυμένωνΟ
1131 4687 1143 4759 Η
1165 4689 1198 4743 ‘25
1212 4693 1271 4760 φασὶ
1283 4696 1308 4743 Α
1322 4697 1353 4745 ci.
1366 4697 1400 4744 ad
1412 4713 1436 4744 ν.
1454 4694 1493 4745 15.
1512 4690 1556 4743 δύο
1569 4692 1614 4759 μὲν

251 4779 336 4842 priore
354 4779 503 4830 definitione
957 4778 1018 4831 αἰναί
1035 4794 1094 4848 φησι
1113 4783 1168 4831 εἰπε
1188 4795 1265 4829 causa
1285 4783 1386 4831 Heeren
1403 4778 1415 4845 Η
1432 4779 1465 4834 26
1482 4798 1506 4832 τι
1518 4792 1577 4847 post
1588 4778 1616 4833 δὲ

287 4862 319 4914 13
339 4867 368 4915 fr.
381 4864 414 4916 27
426 4865 464 4914 bis
483 4876 629 4933 excerptum
642 4877 693 4918 eat:
712 4871 821 4934 primum
840 4868 905 4920 ο.1’ἰ
958 4870 1057 4918 addidit
1074 4870 1176 4919 Ηοετειι
1200 4864 1211 4932 Η
1233 4865 1266 4918 27
1286 4870 1331 4917 τοὺ
1348 4870 1452 4936 ποιητοῦ
1470 4865 1498 4918 τὸ
1516 4867 1562 4936 γὰρ
1577 4872 1614 4918 A:

250 4961 307 5015 post
325 4953 354 5002 ir.
369 4949 403 5003 28
422 4961 476 5002 tum
495 4971 516 5003 ιι
530 4951 584 5005 ’207
604 4956 662 5005 inde
682 4957 713 5007 ab
732 4958 806 5007 initio
825 4973 906 5020 usque
959 4958 1071 5007 correxit
1081 4956 1206 5006 cinarus
1218 4950 1230 5015 Η
1242 4951 1346 5022 λέγομεν
1359 4958 1395 5005 A:
1411 4973 1477 5006 corr.
1492 4957 1614 5007 Mainake
