3464 5586
189 322 250 386 172
561 322 626 372 x1v
662 322 711 372 DE
731 319 947 372 couPuNmo
967 318 1175 372 uosumAxo

187 510 272 575 quae
297 498 333 557 ut
360 490 476 559 melius
498 489 721 573 intellegatur,
744 505 860 570 graece
887 486 1076 573 refingendu
1101 485 1175 554 crit:
1203 484 1426 572 Ἀναξίμανδρος
1453 487 1487 551 bl
1513 488 1548 552 sb

187 594 304 679 ἄπειρον
328 596 424 681 ἀρχὴν
446 596 561 659 πάντων
585 593 710 657 θπέθετο
732 594 934 674 cappiano<
957 588 1027 676 ἔχον
1049 591 1079 654 ἐν
1102 590 1183 675 αὑτῷ
1205 590 1258 674 τὴν
1274 589 1382 673 γένεσιν
1404 594 1463 654 τῶν
1478 591 1547 655 uuir

187 706 255 774 τὐιν,
275 697 305 768 ἐξ
321 698 356 762 ob
371 703 509 781 συστῆναι
524 694 660 780 ἀπείρους
676 694 813 775 κόσμους.
846 689 910 757 hoc
924 691 952 756 ei
967 691 1076 757 mittas
1091 691 1235 759 Stoicum
1248 690 1329 757 illud
1344 697 1548 778 σπερματικῶς

187 797 242 864 vin
269 799 360 864 aliud
382 797 542 881 significat
564 815 662 880 quam
684 792 913 859 Plutarohenm
941 792 1107 877 [Stromat
1123 795 1157 877 2]
1179 795 1213 857 τὸ
1235 792 1352 879 ἄπειρον
1374 796 1428 880 τὴν
1449 798 1546 861 πᾶσαν

187 901 279 965 αἰτίαν
303 900 382 987 ἔχειν
404 905 457 985 τῆς
479 904 530 964 τοῦ
552 900 659 968 παντὸς
680 896 820 980 γενέσεως
842 896 891 958 καί
911 897 1037 982 φθορᾶς,
1057 894 1087 966 ti
1109 895 1144 961 οὖ
1166 898 1204 981 δή
1226 917 1299 982 φησι
1320 897 1388 969 τοός
1407 920 1441 962 τε
1461 897 1547 984 obpa-

187 1005 253 1074 νυθς
276 1003 485 1089 ἀποκεκρίσθαι
508 1002 557 1066 καί
579 1000 708 1065 καθόλου
730 999 797 1068 τοὺς
820 998 948 1070 ἅπαντας
970 998 1106 1084 ἀπείρους
1129 997 1213 1069 ὄντας
1234 999 1371 1083 κόσμους.
1399 1018 1471 1065 cum
1493 1018 1548 1066 ox·

186 1106 297 1172 tremis
308 1105 437 1173 Irenaei
451 1103 491 1171 cf.
504 1103 647 1188 Simplic.
658 1102 701 1168 de
713 1101 794 1168 cael.
807 1100 906 1167 schol.
919 1101 1000 1168 480·
1012 1103 1053 1167 35
1061 1100 1114 1167 Br.
1129 1099 1354 1187 Ἀναξίμανδρος
1365 1103 1417 1186 μὲν
1428 1101 1546 1188 ἄπειρον

186 1214 228 1293 τῷ
253 1209 371 1292 μεγέθει
392 1209 445 1293 τὴν
468 1209 564 1294 ἀρχὴν
586 1205 709 1287 θέμενος
731 1203 867 1288 ἀπείρους
881 1201 911 1273 ἐξ
926 1204 1016 1269 αὐτοῦ
1038 1210 1081 1289 τῷ
1103 1205 1211 1289 πλήθει
1229 1205 1357 1289 κόσμους
1378 1208 1471 1269 ποιεῖν
1493 1205 1546 1268 bo·

187 1314 250 1374 κεῖ.
281 1309 323 1376 de
339 1309 497 1395 Simplicii
512 1325 622 1375 errore
644 1304 683 1371 υί.
705 1304 851 1371 ΖεΙίοιαε
865 1307 902 1373 1⁴
916 1306 979 1372 215
986 1306 1008 1392 ⁴,
1030 1307 1084 1391 qui
1106 1312 1215 1373 tamen
1230 1312 1266 1372 ut
1281 1308 1436 1375 Irenaeus
1450 1307 1548 1376 docet

186 1433 207 1477 a
236 1412 427 1496 corrigendo
454 1412 484 1482 ἐξ
512 1411 603 1494 αὐτῆς
631 1407 746 1474 melius
774 1407 993 1476 abstinuisset.
1038 1408 1136 1475 etiam
1164 1409 1382 1493 Anaxagoras
1408 1411 1451 1478 de
1479 1410 1548 1478 ani-

185 1515 341 1581 mantium
364 1514 488 1598 origiue
512 1511 668 1599 placitum
689 1510 861 1592 singulare.
906 1510 957 1576 cui
980 1516 1088 1577 muron
1111 1530 1177 1576 non
1198 1509 1303 1577 defuit
1328 1511 1547 1580 Sohaubachii

184 1617 222 1683 fr.
246 1639 276 1702 p.
294 1617 355 1683 182
378 1637 484 1700 neque
505 1612 769 1682 Zelleri1⁴907¹
792 1611 1016 1695 patrocinium.
1049 1613 1108 1679 sed
1130 1633 1202 1679 oum
1224 1612 1442 1700 Chrysippum
1456 1614 1548 1681 Euri·

184 1720 269 1804 pidis
291 1718 329 1785 fr.
344 1719 456 1785 836Ν.
479 1715 573 1801 citet,
601 1714 661 1782 etsi
683 1714 901 1798 Anaxagoras
925 1714 1013 1780 haud
1039 1722 1128 1782 recte
1153 1735 1225 1780 cnm
1252 1714 1384 1798 tragicis
1406 1715 1545 1803 miscuit,

185 1820 236 1908 [ci.
260 1840 358 1906 supra
380 1841 411 1904 p.
427 1816 556 1905 94sq.]‚
580 1824 691 1885 tamen
714 1816 832 1884 erroris
851 1815 975 1885 fontem
997 1817 1085 1884 haud
1106 1817 1204 1884 dubie
1225 1817 1362 1903 aperuit
1406 1837 1482 1884 nam
1505 1820 1547 1886 si·

185 1923 318 2003 millime
346 1920 510 1989 Vitruvius
537 1925 570 1986 ct
596 1920 652 1987 ille
679 1919 809 2004 quidm
835 1919 906 1986 eine
932 1940 1042 1987 errore
1063 1921 1141 1987 VIH
1168 1918 1270 2005 praef.
1294 1921 1347 2005 §1
1375 1922 1546 2004 Euripides

185 2028 312 2089 auditor
334 2027 547 2106 Anacaporae
570 2044 657 2106 quem
677 2024 892 2105 pbilosopbum
910 2024 1110 2089 Athenienses
1131 2027 1287 2088 scenicum
1309 2025 1546 2106 appellauerunt

183 2128 277 2191 aera
306 2138 340 2191 et
370 2139 509 2191 terram
540 2146 691 2208 eamque
720 2146 764 2189 esc
794 2126 1007 2189 coelestium
1036 2128 1202 2191 imbrium
1231 2128 1546 2208 conceptionibus

184 2233 450 2294 inseminatam
470 2231 575 2310 [etus
595 2231 753 2311 pontium
775 2239 807 2291 et
829 2231 987 2292 omniurn
1010 2232 1224 2293 animalium
1244 2232 1284 2294 in
1305 2230 1437 2295 mundo
1450 2250 1545 2313 pro·

184 2335 375 2396 creavisse
398 2339 458 2398 etc.
492 2330 569 2415 quid
591 2328 654 2414 ipsi
669 2329 887 2414 Anaxagorae
908 2330 1077 2416 placuerit,
1099 2331 1210 2398 vidue
1231 2330 1308 2398 licet
1325 2331 1545 2418 cTheophra

182 2434 260 2500 steis
282 2455 314 2518 p.
330 2434 392 2498 139
414 2453 455 2500 ex
476 2433 653 2518 Hippolyto
669 2433 689 2499 8
708 2441 740 2495 12
763 2437 796 2498 et
817 2431 966 2515 Diogene
981 2433 1049 2498 119
1071 2433 1215 2499 collectis
1245 2431 1285 2498 ci.
1313 2431 1398 2498 infra
1419 2454 1451 2518 p.
1469 2435 1542 2503 190.

267 2534 465 2601 Aruobius
487 2535 567 2601 talia
588 2536 697 2620 prodit
719 2534 793 2600 adv.
816 2538 883 2598 nat.
905 2534 938 2598 11
960 2534 980 2599 9

270 2640 331 2715 (lui
353 2650 531 2704 cunctorum
553 2642 702 2722 oripimm
723 2657 790 2702 csse
812 2637 887 2700 dicit
909 2638 1009 2719 ipnem
1030 2646 1216 2721 autequam
1237 2659 1300 2704 non
1322 2640 1468 2706 Thaleti
1489 2651 1546 2706 aut

181 2742 376 2806 Heraclito
399 2744 519 2806 credit?

225 2846 277 2925 pui
300 2865 428 2910 causam
450 2848 483 2910 in
504 2846 640 2909 numeris
659 2845 759 2925 penit,
781 2863 843 2907 non
865 2843 1096 2927 Pptbaporae
1116 2843 1235 2922 Samio,
1256 2865 1319 2910 non
1337 2846 1545 2930 Archytae?

224 2951 277 3029 qui
310 2951 445 3012 animam
477 2949 589 3011 diuidit
626 2955 656 3011 et
691 2947 907 3028 incorporales
944 2948 1100 3010 constituit
1131 2948 1253 3028 [urnas
1289 2967 1352 3012 non
1388 2950 1544 3015 Platoni

181 3052 370 3114 Samariae?

223 3157 275 3234 qui
308 3155 445 3234 quintum
477 3154 655 3216 elementum
685 3150 913 3233 principalibus
941 3152 1081 3233 applicat
1106 3156 1211 3218 causis
1240 3175 1303 3220 non
1333 3155 1544 3220 Aristoteli

181 3256 455 3334 Peripateticorum
475 3257 583 3335 patri?
1419 3312 1424 3317 .

224 3360 276 3438 qui
307 3360 407 3439 ipuem
438 3360 574 3421 minatur
606 3358 720 3421 mundo
748 3369 776 3421 et
804 3359 921 3422 aenerit
951 3379 1019 3421 cum
1050 3367 1167 3440 tempus
1197 3369 1342 3425 arsurum
1371 3382 1433 3426 non
1461 3363 1543 3426 Pa·

180 3464 307 3524 noetio
332 3463 538 3544 Chrysippo
560 3459 728 3525 Zenoni?

223 3566 275 3646 qui
290 3565 461 3627 indiuiduis
476 3564 658 3644 corporibus
680 3565 811 3627 mundos
832 3583 952 3645 semper
972 3564 1150 3645 fabricatur
1172 3575 1202 3629 et
1224 3567 1354 3632 destruit
1375 3588 1437 3632 non
1451 3570 1542 3652 Epi·

180 3688 270 3730 curo
293 3669 515 3731 Democrito
539 3666 781 3730 Metrodoro?

223 3773 275 3851 qui
302 3772 380 3833 nibil
406 3770 446 3833 ab
467 3772 587 3834 bomine
616 3771 831 3851 comprobendi
859 3779 951 3853 atquc
972 3773 1077 3834 omnia
1105 3775 1207 3835 caeam
1229 3773 1469 3841 obscuritatibus
1490 3781 1542 3842 in-

179 3874 285 3935 uoluta
315 3891 376 3935 non
406 3873 605 3937 Arcesilae
637 3873 827 3936 Carneadi
854 3894 916 3938 non
944 3875 1040 3937 alicui
1068 3876 1199 3958 denique
1220 3877 1543 3946 Academiaeveteris

178 3977 421 4056 recentiorisque
443 3978 581 4039 cultori?

266 4078 307 4140 10
339 4079 405 4159 Ipsi
432 4080 562 4161 denique
592 4081 751 4160 principer
781 4089 810 4143 et
836 4081 1069 4162 praedictarum
1097 4089 1204 4162 patrer
1233 4090 1404 4162 sectarum,
1439 4104 1541 4149 nonna

178 4181 249 4258 ipsa
271 4200 309 4241 ea
332 4200 411 4261 puae
433 4182 540 4244 dicunt
561 4183 628 4244 suis
651 4183 773 4244 credita
793 4185 1024 4265 suspicionibus
1046 4184 1175 4248 dicunt?

220 4282 297 4344 cidit
320 4285 399 4345 enim
420 4284 646 4347 Heraclitus
666 4305 717 4348 rer
739 4287 854 4366 mnium
877 4288 1128 4352 conversionibus
1149 4289 1242 4368 ficri?

220 4388 415 4449 concretione
437 4405 591 4469 aquarum
615 4387 782 4450 Tbales?

221 4489 450 4570 Pptbaporas
473 4510 615 4554 nummos
638 4493 761 4554 coire?

221 4592 436 4671 incorporales
456 4596 577 4675 sermm
600 4594 732 4656 Plato?

220 4694 450 4758 indiuiduorum
473 4697 711 4759 Democritus
735 4698 980 4761 concursiones?

262 4794 461 4861 futtilitatem
483 4797 579 4863 huius
597 4798 730 4880 eclogae
745 4799 821 4865 nolo
838 4798 965 4883 longius
979 4799 1139 4884 persequi.
1170 4799 1350 4884 lonicorum
1366 4805 1399 4865 ct
1413 4799 1542 4866 Italico·

178 4917 247 4961 rum
271 4897 355 4962 binis
377 4898 535 4981 exemplis
558 4899 732 4984 propositis
754 4909 906 4983 quattuor
927 4901 1125 4987 principales
1152 4909 1257 4968 sectas
1279 4903 1370 4967 nulla
1392 4901 1541 4969 doctriua
