3464 5586
282 318 345 384 256
570 322 663 372 XVlll
700 322 749 372 DE
769 321 909 374 esbum
927 322 1097 373 HISTORIA
1117 321 1349 373 PHILOSOPHA

284 491 371 552 σιίιιιι
393 510 558 572 numquam
579 493 648 553 aine
669 492 736 553 rica
757 492 791 552 io
811 488 937 571 plublice
958 487 1072 568 fabae:
1098 489 1177 552 odeo
1197 488 1274 552 nihil
1287 490 1335 550 illi
1349 489 1513 552 videbatur
1525 491 1643 553 seriam

283 612 398 668 eoram,
422 593 604 674 pocenaria
625 592 820 674 parabantur.
858 592 922 654 uhi
944 593 1032 653 istic
1052 593 1138 654 irae
1160 591 1265 653 locus
1287 594 1365 654 est?
1398 602 1461 654 out
1482 593 1643 656 ridenda

284 697 404 757 omnic
427 702 490 756 oct
510 695 644 773 flendo
665 705 758 756 ιαιιι.
792 713 830 759 ac
846 713 888 758 ne
903 712 1053 776 graecum
1069 691 1235 776 exemplar
1253 692 1429 778 desideres,
1449 693 1558 761 confer
1576 693 1644 761 Sc·

283 795 401 860 tionis
423 801 631 878 praeceptum
658 797 691 860 ἐκ
712 801 764 859 τοῦ
786 796 851 880 περὶ
875 795 962 880 δργῆς
984 788 1010 881 β’
1033 791 1134 881 [Siob.
1150 792 1218 860 flor.
1235 797 1277 860 20
1294 804 1328 858 53
1342 825 1378 851 =
1392 796 1524 862 Maxim.
1545 817 1641 863 serm.

284 899 324 963 19
340 895 386 985 35]
401 901 460 968 τοῖς
475 899 508 960 δὲ
523 903 623 983 σοφοῖς
639 899 700 962 ἀντὶ
717 898 804 982 ὀργῆς
815 896 995 983 Ἡρακλείτῳ
1012 898 1065 980 μὲν
1077 897 1198 981 δάκρυα,
1212 898 1387 984 Δημοκρίτῳ
1398 900 1431 962 δὲ
1442 898 1533 982 γέλως
1545 893 1642 982 ἐπῄει.

283 1000 369 1065 unde
384 998 555 1083 probatum
570 999 662 1066 vides
685 999 772 1082 quod
788 1000 1004 1084 coniecerunt,
1020 999 1159 1065 eundern
1181 1019 1254 1066 esse
1270 999 1435 1066 Sotionem
1452 1001 1507 1084 qui
1529 1001 1571 1068 de
1593 1001 1643 1067 ira

283 1101 411 1184 scripsit
425 1109 458 1167 et
468 1101 556 1185 apud
568 1122 662 1184 quem
672 1123 752 1183 puer
763 1105 843 1167 redit
855 1103 980 1169 Seneca
991 1121 1042 1185 ep.
1051 1102 1119 1166 492
1137 1100 1189 1183 [of.
1202 1102 1356 1168 Nietsche
1369 1102 1451 1168 blus.
1459 1102 1519 1169 Rh.
1527 1104 1643 1168 XXIII

284 1204 370 1286 6391
397 1211 539 1269 ceterum
555 1203 718 1269 contrario
732 1202 789 1270 illo
805 1205 1069 1289 philosophorum
1085 1203 1154 1287 pari
1170 1203 1267 1270 valde
1282 1204 1527 1271 delectabantur
1542 1205 1644 1271 Grae·

284 1307 346 1372 culi
363 1306 416 1390 [cl.
432 1307 509 1372 Luc.
522 1307 577 1371 vit.
593 1313 677 1372 auct.
693 1307 733 1372 13
749 1306 1111 1392 Hippol.refut.14.13
1126 1306 1235 1372 Herm.
1245 1305 1328 1372 irris.
1341 1308 1382 1373 13
1397 1308 1503 1374 Tzetz.
1519 1308 1552 1372 11
1565 1309 1641 1391 722]

284 1415 318 1474 ut
345 1411 396 1474 vel
420 1414 507 1474 tecta
530 1407 732 1495 significatio,
761 1409 866 1492 qualis
890 1415 941 1475 est
963 1407 1096 1492 Galeni,
1124 1408 1233 1474 statim
1262 1408 1514 1492 intellegeretur.
1548 1411 1641 1477 testis

283 1517 333 1576 est
348 1510 524 1593 Gregorius
541 1510 765 1577 Nazianzenus
781 1513 840 1594 [or.
854 1511 996 1577 XXVI9
1012 1511 1063 1575 tl
1080 1511 1399 1594 pollicebimur.
1423 1511 1526 1578 Paris.
1544 1514 1641 1596 1778]

283 1614 420 1678 ...ὅσοι
443 1613 596 1698 φιλοσόφῳ
619 1614 868 1699 χρώμενοιλὸγῳ
890 1615 938 1678 καί
954 1614 1237 1699 ὑπεραναβεβηκότες
1252 1616 1304 1699 τὴν
1326 1619 1384 1677 τῶν
1407 1617 1523 1678 πολλῶν
1546 1639 1642 1680 ταπει-

283 1715 389 1798 νότητα
404 1717 496 1780 πάντα
512 1717 647 1801 φέρουσιν
664 1717 805 1787 ἀσείστως
821 1717 869 1780 καί
884 1716 1043 1783 ἀτινοίκτως
1058 1716 1106 1779 καὶ
1121 1718 1318 1799 διαγελῶσι
1341 1719 1450 1799 μᾶλλον
1473 1716 1532 1798 [sic
1554 1725 1642 1785 recte

284 1819 348 1883 duo
371 1818 478 1903 codd,
501 1820 599 1900 vulgo
623 1819 689 1902 μὲν]
711 1820 731 1903 ἢ
755 1820 895 1883 ἐλεοῦσι
919 1819 985 1888 τοὺς
1008 1817 1182 1900 σειομένους,
1205 1820 1238 1883 τδ
1261 1821 1312 1902 μὲν
1336 1821 1393 1884 ὑπὸ
1414 1819 1586 1905 φιλοσοφίας
1607 1823 1641 1885 τδ

283 1922 316 1985 δὲ
344 1923 399 1985 ὑπὸ
426 1912 656 2007 φιλανθρωπίας.
701 1942 782 2004 qnos
810 1919 1022 2005 philosophos
1048 1917 1232 1986 intellectos
1260 1922 1373 2006 vellet,
1406 1931 1642 2005 perspexerunt

282 2023 456 2088 auditores.
491 2022 581 2088 Elias
604 2021 732 2106 quidem
750 2021 915 2090 Cretensis
937 2021 981 2088 ad
1004 2023 1158 2103 διαγελῶσι
1181 2022 1359 2089 rectissime
1381 2023 1552 2090 adnotavit
1575 2027 1641 2109 [ed.

281 2126 320 2190 A.
336 2126 419 2191 Iahn
440 2125 475 2190 in
490 2125 611 2208 Mignei
634 2133 716 2209 patr.
740 2146 789 2210 gr.
805 2126 947 2192 XXXIV
962 2124 1024 2191 887
1034 2122 1072 2205 ⁸]:
1093 2126 1168 2189 κατὰ
1189 2127 1239 2190 τδν
1261 2126 1441 2210 Δημόκριτον
1460 2122 1641 2213 Ἀβδηρίτην.

283 2234 411 2311 poterat
426 2227 525 2293 etiam
542 2227 741 2294 Heraclitum
763 2229 863 2295 citare
886 2226 992 2310 quode
1014 2226 1138 2292 monuit
1158 2227 1196 2291 A.
1212 2226 1354 2292 Iahnius.
1388 2227 1570 2293 accuratius
1584 2229 1641 2294 illo

284 2329 421 2395 Nonnns
444 2328 546 2395 abbas
562 2329 605 2394 ad
625 2330 758 2414 Gregor.
776 2352 822 2397 or.
838 2332 855 2397 1
877 2336 978 2397 contr.
993 2328 1053 2393 Iul.
1070 2328 1112 2393 36
1134 2328 1255 2410 [hligne
1270 2335 1292 2393 t.
1305 2328 1447 2394 XXXVI
1463 2351 1493 2414 ρ.
1504 2332 1641 2414 100111

283 2429 446 2496 sufficiunt
469 2430 551 2498 haec
574 2438 609 2498 ut
631 2452 652 2498 a
673 2433 842 2499 sanissimo
866 2430 984 2497 Galeni
1005 2432 1077 2495 loco
1094 2429 1297 2496 coniectandi
1313 2429 1479 2496 temeritas
1493 2442 1643 2500 arceatur

284 2539 316 2598 et
338 2541 374 2599 ut
395 2533 592 2600 christianae
616 2534 749 2617 originis
771 2534 910 2619 suspicio
931 2532 1035 2599 omnis
1050 2532 1250 2616 dispellatnr.
1284 2551 1472 2598 revocamur
1487 2533 1584 2616 igitur
1599 2536 1642 2601 ad

284 2634 427 2701 Stoicum
449 2636 529 2701 illud
551 2637 777 2721 compendium
799 2659 862 2721 quo
885 2636 919 2701 in
941 2633 1104 2720 prioribus
1125 2655 1201 2700 usus
1217 2640 1266 2700 est
1281 2633 1346 2700 ille.
1380 2635 1422 2700 de
1437 2642 1546 2703 aetate
1561 2636 1641 2702 nihil

282 2738 461 2823 lucramur,
490 2737 553 2803 nisi
582 2739 669 2822 quod
699 2739 862 2807 ethnicum
891 2738 1080 2822 script-orem
1110 2756 1176 2801 non
1206 2736 1291 2802 ultra
1321 2743 1447 2804 sextum
1478 2739 1641 2804 saeculum

283 2858 395 2922 pones.

370 2942 439 3008 Neo
462 2941 601 3008 certiora
622 2943 751 3010 docebit
773 2943 929 3010 orationis
951 2940 1147 3025 observatio,
1171 2960 1254 3024 quae
1271 2941 1360 3007 nullo
1376 2944 1525 3027 exemplo
1541 2945 1644 3010 nulla·

282 3063 345 3126 que
367 3043 499 3110 scholae
521 3044 755 3112 exercitatione
777 3044 904 3112 erudita
925 3044 1091 3109 horridam
1118 3049 1216 3127 atque
1242 3044 1397 3109 incultam
1421 3066 1501 3130 prae
1523 3065 1558 3111 se
1580 3045 1643 3111 fert

283 3145 438 3230 speeiem,
468 3166 563 3228 quam
595 3147 692 3212 etiam
721 3147 836 3213 alienis
859 3146 1019 3213 obducere
1042 3152 1185 3212 conatur.
1230 3165 1295 3210 non
1318 3145 1397 3211 nihil
1420 3155 1529 3215 autem
1550 3169 1644 3231 squa-

282 3248 360 3313 loris
382 3248 584 3313 librariorum
607 3268 735 3332 quoque
757 3249 872 3333 culpae
895 3248 1037 3315 dandum
1060 3246 1141 3331 est',
1164 3247 1237 3331 plus
1259 3247 1397 3315 fortasse
1420 3250 1523 3335 ipsius
1544 3251 1644 3333 magi·

282 3349 339 3413 stri
362 3349 567 3434 perversitati
590 3356 689 3434 atqne
715 3358 750 3416 ut
777 3350 824 3415 ita
846 3350 952 3416 dicam
974 3349 1193 3417 obstinationi.
1227 3368 1302 3414 nam
1325 3351 1497 3435 singularis
1520 3359 1569 3418 est
1590 3353 1643 3418 vel

282 3451 370 3534 apud
393 3452 571 3518 Graeculos
596 3472 636 3518 ea
658 3452 871 3537 consuetudo,
900 3471 983 3536 quae
1012 3460 1193 3536 temporum
1216 3459 1321 3518 certos
1343 3453 1424 3520 fines
1447 3460 1587 3537 evagata
1609 3453 1643 3519 in

283 3552 447 3635 perfecti
472 3575 531 3619 usu
547 3553 638 3637 quasi
655 3555 806 3620 luxuriat.
840 3574 903 3638 qua
918 3553 952 3618 in
967 3575 1003 3621 re
1024 3561 1148 3620 tantum
1165 3555 1225 3621 sibi
1249 3554 1380 3640 placuit,
1403 3563 1439 3620 nt
1458 3556 1555 3621 etiam
1571 3557 1645 3620 Plu-

282 3652 449 3721 tarcheam
480 3656 658 3722 orationem
688 3656 950 3723 insolentioribns
981 3656 1031 3721 his
1058 3657 1193 3740 perlecti
1221 3657 1333 3723 formis
1360 3663 1508 3723 ornatam
1534 3658 1643 3724 vellet.

282 3753 329 3818 ita
352 3776 378 3820 c.
395 3759 432 3822 21
459 3760 656 3845 διενηνοχέναι
679 3780 720 3826 ex
742 3759 896 3844 διαφέρειν,
918 3778 944 3824 c.
960 3760 1003 3824 49
1025 3759 1129 3844 ἦρκται
1148 3766 1182 3825 et
1196 3760 1308 3846 ἧρχθαι
1332 3778 1372 3824 ex
1393 3758 1500 3844 ἤρξατο
1515 3767 1547 3826 et
1561 3760 1644 3846 ἄρξα-

283 3858 355 3920 σθαι
378 3858 548 3927 deflexum.
587 3863 645 3928 sed
668 3882 767 3945 parco
790 3860 962 3945 exemplis,
990 3881 1062 3926 cum
1088 3862 1172 3929 adeo
1194 3861 1370 3945 abundent,
1394 3866 1516 3928 utnon
1537 3865 1645 3947 negle-

283 3959 395 4039 gentia
424 3965 583 4049 quadam,
614 3984 678 4047 qua
706 3984 772 4030 non
799 3963 878 4029 nulli
909 3962 1048 4028 labentis
1076 3963 1195 4030 aetatis
1224 3964 1397 4049 scriptores
1418 3964 1495 4030 inde
1516 3985 1537 4030 a
1558 3986 1644 4031 novo

286 4065 481 4130 testamento
505 4065 559 4149 [cl.
581 4066 757 4131 Buttmann
779 4085 912 4148 gramm.
935 4085 967 4130 n.
990 4071 1012 4130 t
1036 4071 1116 4130 orat.
1140 4086 1172 4149 p.
1189 4066 1266 4149 178,
1289 4066 1392 4132 Lehrs
1415 4074 1539 4149 quaest.
1562 4067 1643 4151 apic.

284 4208 419 4219 3—-

357 4286 363 4316 ¹
383 4289 470 4339 lahela
487 4291 637 4356 Byzantinis
661 4297 700 4339 est
717 4289 859 4338 nouerim.
888 4290 956 4339 unde
974 4291 1001 4339 io
1015 4290 1120 4340 scholiis
1132 4290 1166 4340 ad
1178 4290 1311 4340 Plutarchi
1324 4291 1424 4341 Placita
1437 4291 1495 4340 cod.
1509 4291 1644 4340 Marciano

283 4372 331 4425 521
347 4374 392 4441 [B]
411 4378 544 4443 adscriptis
567 4378 632 4427 haec
651 4378 715 4426 adl
734 4374 750 4427 3
771 4384 791 4421 ιι
811 4383 947 4426 notantur:
970 4371 1129 4445 Ἡράκλειτος
1151 4375 1194 4426 nai
1217 4371 1373 4444 Δημόκριτος
1397 4373 1443 4427 aba
1467 4375 1492 4427 ἐν
1513 4381 1550 4445 τῷ
1574 4373 1644 4443 αὐτῷ

283 4461 408 4529 γεγονότες
431 4463 513 4533 χρόνῳ
536 4464 636 4533 φυσικοί
654 4461 680 4514 bi
699 4459 766 4517 ὄντες
784 4458 877 4527 δμοίως
894 4460 941 4530 τὴν
959 4464 1004 4513 τοῦ
1016 4459 1186 4523 slsslslllllsb
1205 4461 1250 4529 pia
1268 4460 1348 4530 γελῶν
1366 4461 1379 4514 δ
1397 4461 1424 4514 δὲ
1442 4461 1545 4513 κλαίων.
1568 4459 1581 4512 b
1600 4460 1646 4528 pia

282 4543 438 4618 Δημόκριτος
458 4549 530 4618 ἐγέλα
549 4550 694 4613 (σονόλωςδ)
713 4549 745 4600 τὰ
762 4548 904 4617 πράγματα,
923 4545 975 4600 eti
983 4544 1142 4617 Ἡράκλειτος
1160 4546 1252 4599 ίιιλαιι·
1273 4547 1314 4618 (ἦν
1327 4548 1381 4613 eir)
1400 4548 1414 4601 b
1432 4550 1477 4617 pir
1489 4545 1646 4617 Δημόκριτος

282 4632 443 4706 Ἀβδηρίτης,
461 4635 475 4688 ὁ
493 4636 520 4689 ti
539 4633 656 4707 Ἐφίσιος.
686 4639 805 4702 Gregorii
825 4638 907 4686 locum
927 4651 959 4686 ex
979 4637 1088 4688 Useneri
1107 4639 1232 4687 memoria
1250 4637 1347 4688 addidi.

354 4722 420 4774 9sic
439 4726 617 4789 explicandum
637 4728 757 4787 fortasse,
781 4724 852 4788 quod
869 4719 946 4771 adroic
969 4738 1021 4773 non
1046 4739 1184 4787 numquam
1207 4723 1331 4774 reflexivo
1350 4742 1426 4776 sensu
1447 4734 1595 4790 usurpatur,
1619 4736 1647 4775 ut

283 4807 334 4859 c.3
353 4828 377 4875 p.
392 4808 443 4863 2⁸2ss
466 4808 521 4862 ἀντ’
543 4809 620 4863 αὐτοῦ
638 4810 784 4880 κατίστησε,
804 4811 932 4875 [excusari
951 4819 1035 4877 potest
1052 4810 1113 4860 ibid.
1133 4806 1411 4882 phaerezaeorum
1430 4815 1476 4880 τῆς
1494 4807 1548 4861 κατ’
1570 4807 1646 4862 αὒτδν

283 4896 419 4964 criptarum}
450 4915 510 4949 nam
530 4917 562 4949 ne
582 4904 637 4952 aliis
657 4902 771 4964 quidem
791 4902 855 4951 locis
874 4902 992 4967 aspiratis
1011 4907 1178 4962 temperatum
1197 4907 1235 4947 cst
1254 4900 1284 4947 cl.
1304 4915 1327 4962 p.
1343 4898 1401 4948 nal.
